@article{porter2008vanderbilt,
    title         = {Vanderbilt assessment of leadership in education},
    author        = {Porter, Andrew C and Murphy, Joseph and Goldring, Ellen B and Elliott, Stephen N and Polikoff, Morgan S and May, Henry},
    year          = {2008},
    journal       = {APA PsycTests},
}

@book{vanderhandbook,
    title         = {VAL-ED Handbook},
    author        = {{Vanderbilt University}},
    year          = {2011a},
    publisher     = {Vanderbilt assessment of Leadership in Education. Discovery Education Assessment},
}

@book{vanderframework,
    title         = {VAL-ED Framework},
    author        = {{Vanderbilt University}},
    year          = {2011b},
    publisher     = {Vanderbilt assessment of Leadership in Education. Discovery Education Assessment},
}

@book{vanderperformance,
    title         = {VAL-ED Performance Rubric},
    author        = {{Vanderbilt University}},
    year          = {2011c},
    publisher     = {Vanderbilt assessment of Leadership in Education. Discovery Education Assessment},
}

@article{esguerra_liderazgo_2016,
    title         = {Liderazgo electr\'{o}nico, un reto ineludible para las organizaciones de hoy},
    author        = {Esguerra, Gustavo A. and Contreras, Francoise},
    year          = {2016},
    journal       = {Estudios Gerenciales},
    volume        = {32},
    number        = {140},
    pages         = {262--268},
    doi           = {10.1016/j.estger.2016.08.003},
    issn          = {01235923},
}

@inproceedings{jones2017,
    title         = {Operationalising an empirical research agenda for future theoretical generation and assessment},
    author        = {Jones, M. and Massiah, P. and Souderraj, M.},
    year          = {2017},
    booktitle     = {European Conference on Management Leadership and Governance (ECMLG), 13th},
    pages         = {201},
}

@incollection{marichal2018,
    title         = {Impacto del grupo de discusi\'{o}n en el liderazgo directivo y su "praxis" inclusiva en el contexto educativo cubano},
    author        = {Marichal-Guevera, O.C. and Rodr\'{\i}guez-Garc\'{\i}a, A.M. and C\'{a}ceres-Reche, M\textordfeminine{}.P.},
    year          = {2017},
    booktitle     = {Libro de Actas Del XV Congresso Internacional y XXXV Investigaci\'{o}n y Pr\'{a}cticas Inclusivas. Liderando Investigaci\'{o}n y Pr\'{a}cticas Inclusivas},
    publisher     = {EUG},
    address       = {Granada},
    pages         = {177--186},
    editortype    = {Marichal-Guevera, O.C. and Rodr\'{\i}guez-Garc\'{\i}a, A.M. and C\'{a}ceres-Reche, M\textordfeminine{}.P.},
}

@article{cordie2018revolution,
    title         = {The E-Revolution in Higher Education: E-Learning and E-Leaders},
    author        = {Cordie, Leslie and Lin, Xi},
    year          = {2018},
    journal       = {Journal of Leadership Studies},
    volume        = {12},
    number        = {3},
    pages         = {76--78},
}

@article{campos_lipedagogico_2019,
    title         = {\textquestiondown{}{L\'{\i}der} pedag\'{o}gico o gerente de escuela? {Evoluci\'{o}n} del rol del director de escuela en {Chile}},
    author        = {Campos, Fabian and Vald\'{e}s, Ren\'{e} and Ascorra, Paula},
    year          = {2019},
    journal       = {Calidad en la Educaci\'{o}n},
    number        = {51},
    pages         = {53--84},
    doi           = {10.31619/caledu.n51.685},
    issn          = {0718-4565, 0717-4004},
}

@article{leiva-guerrero_liderazgo_2019,
    title         = {Liderazgo pedag\'{o}gico: de la supervisi\'{o}n al acompa\~{n}amiento docente},
    author        = {Leiva-Guerrero, Mar\'{\i}a Ver\'{o}nica and V\'{a}squez, Camila},
    year          = {2019},
    journal       = {Calidad en la Educaci\'{o}n},
    number        = {51},
    pages         = {225--251},
    doi           = {10.31619/caledu.n51.635},
    issn          = {0718-4565, 0717-4004},
}

@article{lopez_belmonte_alisis_2019,
    title         = {An\'{a}lisis del {Liderazgo} {Electr\'{o}nico} y la {Competencia} {Digital} del {Profesorado} de {Cooperativas} {Educativas} de {Andaluc\'{\i}a} ({Espa\~{n}a})},
    author        = {L\'{o}pez Belmonte, Jes\'{u}s and Pozo S\'{a}nchez, Santiago and Fuentes Cabrera, Arturo and Romero Rodr\'{\i}guez, Jos\'{e} Mar\'{\i}a},
    year          = {2019},
    journal       = {Multidisciplinary Journal of Educational Research},
    volume        = {9},
    number        = {2},
    pages         = {194--223},
    doi           = {10.17583/remie.2019.4149},
    issn          = {2014-2862},
}

@article{aurangzeb2020analysis,
    title         = {Analysis of e-leadership practices in ameliorating learning environment of higher education institutions},
    author        = {Aurangzeb, Wajeeha and Mazhar, U.},
    year          = {2020},
    journal       = {Pakistan Journal Of Distance And Online Learning},
    volume        = {5},
    number        = {2},
    pages         = {1--16},
}

@article{ehlers2020digital,
    title         = {Digital leadership in higher education},
    author        = {Ehlers, Ulf-Daniel},
    year          = {2020},
    journal       = {Journal of Higher Education Policy and Leadership Studies},
    volume        = {1},
    number        = {3},
    pages         = {6--14},
}

@article{gonzalez2020evidencia,
    title         = {La evidencia del liderazgo pedag{\'o}gico de directores, jefes de estudios y profesorado desde la perspectiva de las partes interesadas},
    author        = {Gonz{\'a}lez-Fern{\'a}ndez, Ra{\'u}l and Khampirat, Buratin and L{\'o}pez-G{\'o}mez, Ernesto and Silfa-Senci{\'o}n, Heriberto-Orangel},
    year          = {2020},
    journal       = {Estudios Sobre Educaci{\'o}n},
    volume        = {39},
    pages         = {207--228},
}

@book{miller2020leading,
    title         = {Leading the eLearning transformation of higher education: Leadership strategies for the next generation},
    author        = {Miller, G.E. and Ives, K.S.},
    year          = {2020},
    publisher     = {Stylus Publishing},
    address       = {Herndon},
}

@article{moreno2020evaluacion,
    title         = {Evaluaci{\'o}n del liderazgo de los directivos de la educaci{\'o}n superior cubana: un procedimiento metodol{\'o}gico},
    author        = {Moreno-Socorro, Elia-Caridad and Urquiza, Roberto-de-Armas},
    year          = {2020},
    journal       = {Revista Cubana de Educaci{\'o}n Superior},
    volume        = {39},
    number        = {1},
}

@article{miras_teruel_liderazgo_2020,
    title         = {Liderazgo pedag\'{o}gico y liderazgo \'{e}tico: perspectivas complementarias de la nueva direcci\'{o}n escolar},
    author        = {Miras Teruel, Jorge and Long\'{a}s Mayayo, Jorge},
    year          = {2020},
    journal       = {Revista de Estudios y Experiencias en Educaci\'{o}n},
    volume        = {19},
    number        = {41},
    pages         = {287--305},
    doi           = {10.21703/rexe.20201941miras16},
    issn          = {07176945, 07185162},
}

@incollection{palomino2021liderazgo,
    title         = {E-liderazgo y ense{\~n}anza a distancia en Educaci{\'o}n Superior: principales claves},
    author        = {Palomino, Jos{\'e} Manuel and C\'{a}ceres, Mar{\'\i}a Pilar and Navas-Parejo, Magdalena Ramos},
    year          = {2021},
    booktitle     = {Investigaci{\'o}n e innovaci{\'o}n educativa frente a los retos para el desarrollo sostenible},
    publisher     = {Dykinson},
    address       = {Espa\~{n}a},
    pages         = {67--77},
    editor        = {Marin-Marin, J. A and De La Cruz-Campos, J. and Pozo-S\'{a}nchez, S. and G\'{o}mez-Garc\'{\i}a, G.},
}

@article{harris2022distributed,
    title         = {Distributed leadership: taking a retrospective and contemporary view of the evidence base},
    author        = {Harris, Alma and Jones, Michelle and Ismail, Nashwa},
    year          = {2022},
    journal       = {School Leadership \& Management},
    volume        = {42},
    number        = {5},
    pages         = {438--456},
}

@incollection{palomino2022,
    title         = {Hacia un liderazgo pedag\'{o}gico en la Educaci\'{o}n Superior},
    author        = {Palomino, Jos{\'e} Manuel and C\'{a}ceres, Mar{\'\i}a del Pilar and Lucena, Francisco Javier Hinojo and D{\'\i}az, Inmaculada Aznar},
    year          = {2022},
    booktitle     = {Aportes de investigaci{\'o}n derivados de la Red Iberoamericana de Investigaci{\'o}n en Liderazgo y Pr{\'a}cticas Educativas (RILPE)},
    publisher     = {Dykinson},
    address       = {Espa\~{n}a},
    pages         = {65--78},
}

@article{jepsen_perceived_2022,
    title         = {Perceived evidence use: {Measurement} and construct validation of managerial evidence use as perceived by subordinates},
    author        = {Jepsen, Denise M. and Rousseau, Denise M.},
    year          = {2022},
    journal       = {PLoS ONE},
    volume        = {17},
    number        = {4},
    pages         = {1--24},
    doi           = {10.1371/journal.pone.0266894},
    issn          = {1932-6203},
    editor        = {Yan, Jin},
}

@article{rickinson_framework_2022,
    title         = {A framework for understanding the quality of evidence use in education},
    author        = {Rickinson, Mark and Cirkony, Connie and Walsh, Lucas and Gleeson, Joanne and Cutler, Blake and Salisbury, Mandy},
    year          = {2022},
    journal       = {Educational Research},
    volume        = {64},
    number        = {2},
    pages         = {133--158},
    doi           = {10.1080/00131881.2022.2054452},
}

@article{ibarra26medios,
    title         = {Medios e instrumentos para evaluar los resultados de aprendizaje en m{\'a}steres universitarios. An{\'a}lisis de la percepci{\'o}n del profesorado sobre su pr{\'a}ctica evaluativa.},
    author        = {Ibarra-S{\'a}iz, Mar{\'\i}a Soledad and Rodr{\'\i}guez-G{\'o}mez, Gregorio and Lukas-Mujika, Jos{\'e} Francisco and Santos-Berrondo, Alaitz},
    year          = {2023},
    journal       = {Educaci{\'o}n XX1},
    volume        = {26},
    number        = {1},
    pages         = {21--45},
}

@article{palomino2023,
    title         = {Evaluation of pedagogical leadership through the VAL-ED. Adaptation to the context of Higher Education in Spain},
    author        = {Palomino, Jos{\'e} Manuel and C\'{a}ceres, Mar{\'\i}a del Pilar and Lara, F.},
    year          = {2023a (En prensa)},
    journal       = {Cogent Social Sciences},
}

@article{palomino2023b,
    title         = {Incidence of Pedagogical Leadership in Students' Performance in Higher Education},
    author        = {Palomino, Jos{\'e} Manuel and C\'{a}ceres, Mar{\'\i}a Pilar and P{\'e}rez, Luc{\'\i}a P{\'e}rez and Navas-Parejo, Magdalena Ramos},
    year          = {2023b (En prensa)},
    journal       = {The International Journal of Educational Organization and Leadership},
    volume        = {29},
    number        = {2},
    pages         = {103},
}
