
@article{campos_lipedagogico_2019,
	title = {¿{Líder} pedagógico o gerente de escuela? {Evolución} del rol del director de escuela en {Chile}},
	issn = {0718-4565, 0717-4004},
	doi = {10.31619/caledu.n51.685},
	number = {51},
	journal = {Calidad en la Educación},
	author = {Campos, Fabian and Valdés, René and Ascorra, Paula},
	year = {2019},
	pages = {53--84},
}

@article{esguerra_liderazgo_2016,
	title = {Liderazgo electrónico, un reto ineludible para las organizaciones de hoy},
	volume = {32},
	issn = {01235923},
	doi = {10.1016/j.estger.2016.08.003},
	number = {140},
	journal = {Estudios Gerenciales},
	author = {Esguerra, Gustavo A. and Contreras, Francoise},
	year = {2016},
	pages = {262--268},
}

@article{jepsen_perceived_2022,
	title = {Perceived evidence use: {Measurement} and construct validation of managerial evidence use as perceived by subordinates},
	volume = {17},
	issn = {1932-6203},
	doi = {10.1371/journal.pone.0266894},
	number = {4},
	journal = {PLoS ONE},
	author = {Jepsen, Denise M. and Rousseau, Denise M.},
	editor = {Yan, Jin},
	year = {2022},
	pages = {1--24},
}

@article{leiva-guerrero_liderazgo_2019,
	title = {Liderazgo pedagógico: de la supervisión al acompañamiento docente},
	issn = {0718-4565, 0717-4004},
	doi = {10.31619/caledu.n51.635},
	number = {51},
	journal = {Calidad en la Educación},
	author = {Leiva-Guerrero, María Verónica and Vásquez, Camila},
	year = {2019},
	pages = {225--251},
}

@article{lopez_belmonte_alisis_2019,
	title = {Análisis del {Liderazgo} {Electrónico} y la {Competencia} {Digital} del {Profesorado} de {Cooperativas} {Educativas} de {Andalucía} ({España})},
	volume = {9},
	issn = {2014-2862},
	doi = {10.17583/remie.2019.4149},
	number = {2},
	journal = {Multidisciplinary Journal of Educational Research},
	author = {López Belmonte, Jesús and Pozo Sánchez, Santiago and Fuentes Cabrera, Arturo and Romero Rodríguez, José María},
	year = {2019},
	pages = {194--223},
}

@article{miras_teruel_liderazgo_2020,
	title = {Liderazgo pedagógico y liderazgo ético: perspectivas complementarias de la nueva dirección escolar},
	volume = {19},
	issn = {07176945, 07185162},
	doi = {10.21703/rexe.20201941miras16},
	number = {41},
	journal = {Revista de Estudios y Experiencias en Educación},
	author = {Miras Teruel, Jorge and Longás Mayayo, Jorge},
	year = {2020},
	pages = {287--305},
}

@article{rickinson_framework_2022,
	title = {A framework for understanding the quality of evidence use in education},
	volume = {64},
	doi = {10.1080/00131881.2022.2054452},
	number = {2},
	journal = {Educational Research},
	author = {Rickinson, Mark and Cirkony, Connie and Walsh, Lucas and Gleeson, Joanne and Cutler, Blake and Salisbury, Mandy},
	year = {2022},
	pages = {133--158},
}
