@article{almeida_letramento_2020,
	title = {Letramento digital em tempos de {COVID}-19: uma análise da educação no contexto atual},
	volume = {12},
	url = {https://www.seer.ufal.br/index.php/debateseducacao/article/view/10282},
	doi = {10.28998/2175-6600.2020v12n28p1-18},
	number = {28},
	urldate = {2021-04-02},
	journal = {Debates em Educação},
	author = {Almeida, Beatriz Oliveira and Alves, Lynn Rosalina Gama},
	month = aug,
	year = {2020},
	pages = {1-18}
}

@article{upe_letramentos_2013,
	title = {Letramentos acadêmicos: leitura e escrita de gêneros acadêmicos no primeiro ano do Curso de Letras},
	shorttitle = {Letramentos Acadêmicos},
	url = {http://www.revistadialogos.com.br/Dialogos_9/Benedito_Camila.htm},
	doi = {10.13115/2236-1499.2013v1n9p5},
	urldate = {2021-04-02},
	journal = {Revista Diálogos},
	author = {Araújo, Camila Maria de and Bezerra, Benedito Gomes},
	month = oct,
	year = {2013},
	pages = {5--37}
}

@article{araujo_2013,
	title = {Letramentos acadêmicos: leitura e escrita de gêneros acadêmicos no primeiro ano do Curso de Letras},
	url = {http://www.revistadialogos.com.br/Dialogos_9/Benedito_Camila.htm},
	doi = {10.13115/2236-1499.2013v1n9p5},
	urldate = {2021-04-02},
	journal = {Revista Diálogos},
	author = {Araújo, Camila Maria de and Bezerra, Benedito Gomes},
	month = oct,
	year = {2013},
	pages = {5--37}
}

@incollection{araujo_letramento_2014,
	address = {Campinas, SP},
	editor = {Adair Vieira Gonçalves and Wagner Rodrigues Silva and Marcos Lúcio de Sousa Góes},
	editortype = {organizer},
	title = {Letramento digital: história, concepção e pesquisa},
	booktitle = {Visibilizar a Linguística Aplicada: abordagens teóricas e metodológicas},
	publisher = {Pontes},
	author = {Araujo, Julio and Pinheiro, Regina Cláudia},
	year = {2014},
	pages = {293--320}
}

@book{goncalves_interacao_2013,
	address = {Campinas},
	title = {Interação, gêneros e letramento: a reescrita em foco},
	publisher = {Pontes Editores},
	editor = {Gonçalves, Adair Vieira  and Bazarim, Milene},
	editortype = {organizer},
	year = {2013}
}

@article{arruda__educacao_2020,
	title = {Educação remota emergencial: elementos para políticas públicas na educação brasileira em tempos de Covid-19},
	volume = {7},
	url = {https://www.aunirede.org.br/revista/index.php/emrede/article/view/621},
	urldate = {2021-04-02},
	doi = {0000-0002-9201-6530 },
	number = {1},
	journal = {EmRede - Revista de Educação a Distância},
	author = {Arruda , Eucidio Pimenta},
	year = {2020},
	pages = {257--275}
}

@incollection{bunzen_os_2010,
	address = {Campinas},
	editor = {Claudia Lemos Vóvio and Luanda Sito and Paula Baracat de Grande},
	editortype = {organizer},
	title = {Os significados do letramento escolar como uma prática sociocultural},
	booktitle = {Letramentos: rupturas, deslocamentos e repercussões de pesquisas em Linguística Aplicada},
	publisher = {Mercado de Letras},
	author = {Bunzen, Clecio},
	year = {2010},
	pages = {99--120}
}

@article{buzato_desafios_2007,
	title = {Desafios empírico-metodológicos para a pesquisa em letramentos digitais},
	volume = {46},
	url = {http://www.scielo.br/scielo.php?script=sci_abstract&pid=S0103-18132007000100005&lng=en&nrm=iso&tlng=pt},
	number = {1},
	urldate = {2021-04-02},
	journal = {Trabalhos em Linguística Aplicada},
	author = {Buzato, Marcelo El Khouri},
	month = jun,
	year = {2007},
	pages = {45--62}
}

@article{carneiro_uso_2020,
	title = {Uso de tecnologias no ensino superior público brasileiro em tempos de pandemia COVID-19},
	volume = {9},
	url = {https://rsdjournal.org/index.php/rsd/article/view/5485},
	doi = {10.33448/rsd-v9i8.5485},
	number = {8},
	urldate = {2021-04-02},
	journal = {Research, Society and Development},
	author = {Carneiro, Leonardo de Andrade and Rodrigues, Waldecy and França, George and Prata, David Nadler},
	month = jul,
	year = {2020},
	pages = {e267985485}
}

@misc{comite_gestor_da_internet_no_brasil_resumo_2019,
	title = {Resumo Executivo - Pesquisa TIC Educação 2019},
	url = {https://cetic.br/publicacao/resumo-executivo-pesquisa-sobre-o-uso-das-tecnologias-de-informacao-e-comunicacao-nas-escolas-brasileiras-tic-educacao-2019},
	urldate = {2021-04-02},
	journal = {Cetic.br - Centro Regional para o Desenvolvimento da Sociedade da Informação},
	author = {{COMITÊ GESTOR DA INTERNET NO BRASIL}},
	year = {2019}
}

@misc{consejo_nacional_de_desarrollo_cientifico_y_tecnologico__cnpq_directorio_nodate,
	title = {Directorio de Grupos de Investigación en Brasil: Consulta parametrizada},
	url = {http://dgp.cnpq.br/dgp/faces/consulta/consulta_parametrizada.jsf},
	urldate = {2021-04-02},
	journal = {Diretório dos Grupos de Pesquisa no Brasil - Lattes},
	author = {{CONSEJO NACIONAL DE DESARROLLO CIENTÍFICO Y TECNOLÓGICO – CNPq}}
}

@article{correa_relacoes_2006,
	title = {Relações intergenéricas na análise indiciária de textos escritos},
	volume = {45},
	url = {http://www.scielo.br/scielo.php?script=sci_arttext&pid=S0103-18132006000200004&lng=pt&tlng=pt},
	doi = {10.1590/S0103-18132006000200004},
	number = {2},
	urldate = {2021-04-02},
	journal = {Trabalhos em Linguística Aplicada},
	author = {Corrêa, Manoel Luiz Gonçalves},
	month = dec,
	year = {2006},
	pages = {205--224}
}

@book{coscarelli__letramento_2011,
	address = {Belo Horizonte},
	edition = {3a edição},
	series = {Coleção Linguagem e Educação},
	title = {Letramento digital: aspectos sociais e possibilidades pedagógicas},
	publisher = {Ceale},
	editor = {Coscarelli, Carla Viana and Ribeiro, Ana Elisa},
	editortype = {organizer},
	year = {2011}
}

@book{cosson_letramento_2009,
	address = {São Paulo},
	title = {Letramento literário: teoria e prática},
	publisher = {Contexto},
	author = {Cosson, Rildo},
	year = {2009}
}

@article{cunha_alfabetizacao_2017,
	title = {Alfabetização científica ou letramento científico?: interesses envolvidos nas interpretações da noção de scientific literacy},
	volume = {22},
	url = {http://www.scielo.br/scielo.php?script=sci_abstract&pid=S1413-24782017000100169&lng=pt&nrm=iso&tlng=pt},
	doi = {10.1590/s1413-24782017226809},
	number = {68},
	urldate = {2021-04-02},
	journal = {Revista Brasileira de Educação},
	author = {Cunha, Rodrigo Bastos},
	month = mar,
	year = {2017},
	pages = {169--186}
}

@book{flick_introduco_2009,
	title = {Introdução à pesquisa qualitativa},
	author = {Flick, Uwe},
	year = {2009}
}

@book{goncalves_nas_2011,
	address = {Campinas},
	title = {Nas trilhas do letramento: entre teoria, prática e formação docente},
	publisher = {Mercado de Letras},
	author = {Gonçalves, Adair Vieira and Pinheiro, Alexandra Santos},
	year = {2011}
}

@article{fiad_letramentos_2014,
	title = {Letramentos digitais e acadêmicos em contexto universitário: investigando práticas letradas em um Curso de Letras de uma universidade pública},
	volume = {1},
	journal = {Revista Colineares},
	author = {Fiad, Raquel Salek and Silva Miranda, Flávia Danielle Sordi},
	year = {2014},
	pages = {31--50}
}

@incollection{kleiman_processos_2006,
	address = {Campinas},
	editor = {Manoel Luiz Gonçalves Corrêa and Françoise Boch},
	editortype = {organizer},
	title = {Processos identitários na formação profissional – o professor como agente de letramento},
	booktitle = {Ensino de língua: representação e letramento},
	publisher = {Mercado de Letras},
	author = {Kleiman, Angela B.},
	year = {2006},
	pages = {75--91}
}

@article{kleiman_projetos_2009,
	title = {Projetos dentro de projetos: ensino-aprendizagem da escrita na formação de professores de nível universitário e de outros agentes de letramento},
	volume = {13},
	url = {http://periodicos.pucminas.br/index.php/scripta/article/view/4389},
	number = {24},
	urldate = {2021-04-02},
	journal = {Scripta},
	author = {Kleiman, Angela B.},
	month = jul,
	year = {2009},
	pages = {17--30}
}

@incollection{kleiman_estudos_2014,
	address = {Campinas},
	editor = {Afdair Vieira Gonçalves and Marcos Lúcio de Sousa Góes and Wagner Rodrigues Silva},
	editortype = {organizer},
	title = {Estudos de letramento do professor: percursos metodológicos},
	booktitle = {Visibilizar a Linguística Aplicada: abordagens teóricas e metodológicas},
	publisher = {Pontes},
	author = {Kleiman, Angela B. and Cosme B. dos Santos},
	year = {2014},
	pages = {183--204}
}

@article{komesu_letramentos_2013,
	title = {Letramentos acadêmicos no ensino superior: aspectos verbo-visuais no processo de textualização em contexto semipresencial},
	volume = {16},
	url = {https://periodicos.ufpel.edu.br/ojs2/index.php/rle/article/view/15437},
	doi = {10.15210/rle.v16i1.15437},
	number = {1},
	urldate = {2021-04-02},
	journal = {Revista Linguagem \& Ensino},
	author = {Komesu, Fabiana and Gambarato, Renira Rampazzo},
	year = {2013},
	pages = {15--38}
}

@book{lajolo_leitura_1991,
	address = {São Paulo, SP},
	edition = {1. ed},
	title = {A leitura rarefeita: livro e literatura no Brasil},
	publisher = {Editora Brasiliense},
	author = {Lajolo, Marisa and Zilberman, Regina},
	year = {1991}
}

@article{komesu_o_2014,
	title = {O modelo de “letramentos acadêmicos”: teoria e aplicações},
	volume = {16},
	url = {https://www.revistas.usp.br/flp/article/view/79407},
	doi = {https://doi.org/10.11606/issn.2176-9419.v16i2p477-493},
	number = {2},
	urldate = {2021-04-02},
	journal = {Filologia e Linguística Portuguesa},
	author = {Komesu, Fabiana Cristina and Fischer, Adriana},
	year = {2014},
	pages = {477--493}
}

@article{lillis_student_2003,
	title = {Student writing as “Academic Literacies”: drawing on Bakhtin to move from critique to design},
	volume = {17},
	url = {http://www.tandfonline.com/doi/abs/10.1080/09500780308666848},
	doi = {10.1080/09500780308666848},
	number = {3},
	urldate = {2021-04-02},
	journal = {Language and Education},
	author = {Lillis, Theresa},
	month = sep,
	year = {2003},
	pages = {192--207}
}

@article{marinho_escrita_2010,
	title = {A escrita nas práticas de letramento acadêmico},
	volume = {10},
	url = {http://www.scielo.br/scielo.php?script=sci_abstract&pid=S1984-63982010000200005&lng=pt&nrm=iso&tlng=pt},
	doi = {10.1590/S1984-63982010000200005},
	number = {2},
	urldate = {2021-04-02},
	journal = {Revista Brasileira de Linguística Aplicada},
	author = {Marinho, Marildes},
	year = {2010},
	pages = {363--386}
}

@article{motta-roth_letramento_2011,
	title = {Letramento científico: sentidos e valores},
	volume = {0},
	url = {https://periodicos.ufsm.br/nope/article/view/3983},
	doi = {10.5902/npesq.v0i0.3983},
	number = {0},
	urldate = {2021-04-02},
	journal = {Notas de Pesquisa},
	author = {Motta-Roth, Désirée},
	year = {2011},
	pages = {12--25}
}

@book{nascimento_acesso_2020,
	address = {Brasília},
	title = {Acesso domiciliar à internet e ensino remoto durante a pandemia},
	url = {https://www.ipea.gov.br/portal/images/stories/PDFs/nota_tecnica/200902_nt_disoc_n_88.pdf},
	number = {88},
	urldate = {2021-04-02},
	publisher = {Ipea},
	author = {Nascimento, Paulo Meyer  and Ramos, Daniela Lima  and Melo, Adriana Almeida Sales de  and Castioni, Remi},
	series = {Nota Técnica Disoc/Ipea n. 88},
	year = {2020}
}

@incollection{oliveira_variacao_2010,
	address = {Campinas},
	editor = {Cláudia Lemo Vóvio and Luanda Sito and Paula Bacarat De Grande},
	editortype = {organizer},
	title = {Variação cultural e ensino/aprendizagem de língua materna: os projetos de letramento em comunidades de aprendizagem},
	booktitle = {Letramentos: rupturas, deslocamentos e repercussões de pesquisas em Linguística Aplicada},
	publisher = {Mercado de Letras},
	author = {Oliveira, Maria do Socorro},
	year = {2010},
	pages = {121--140}
}

@article{paulino_letramento_2001,
	title = {Letramento literário: por vielas e alamedas},
	url = {https://periodicos.ufba.br/index.php/entreideias/article/view/2842},
	doi = {http://dx.doi.org/10.9771/2317-1219rf.v6i5.2842},
	number = {5},
	urldate = {2021-04-02},
	journal = {Revista da FACED},
	author = {Paulino, Graça},
	year = {2001},
	pages = {117--125}
}

@article{pizzani_arte_2012,
	title = {A arte da pesquisa bibliográfica na busca do conhecimento},
	volume = {10},
	url = {http://periodicos.sbu.unicamp.br/ojs/index.php/rdbci/article/view/1896},
	doi = {10.20396/rdbci.v10i1.1896},
	number = {1},
	urldate = {2021-04-02},
	journal = {RDBCI: Revista Digital de Biblioteconomia e Ciência da Informação},
	author = {Pizzani, Luciana and Silva, Rosemary Cristina da and Bello, Suzelei Faria and Hayashi, Maria Cristina Piumbato Innocentini},
	month = jul,
	year = {2012},
	pages = {53}
}

@article{vidotti_de_rezende_o_2016,
	title = {O conceito de letramento digital e suas implicações pedagógicas},
	volume = {9},
	url = {https://periodicos.ufmg.br/index.php/textolivre/article/view/16716},
	doi = {10.17851/1983-3652.9.1.94-107},
	number = {1},
	urldate = {2021-04-02},
	journal = {Texto Livre: Linguagem e Tecnologia},
	author = {Vidotti de Rezende, Mariana},
	month = jul,
	year = {2016},
	pages = {94--107}
}

@article{ribeiro_tecnologia_2016,
	title = {Tecnologia digital e ensino: breve histórico e seis elementos para a ação},
	volume = {19},
	url = {https://periodicos.ufpel.edu.br/ojs2/index.php/rle/article/view/15260},
	doi = {10.15210/rle.v19i2.15260},
	number = {2},
	urldate = {2021-04-02},
	journal = {Revista Linguagem \& Ensino},
	author = {Ribeiro, Ana Elisa},
	year = {2016},
	pages = {91--111}
}

@incollection{rojo_concepcoes_1995,
	address = {Campinas},
	editor = {Ângela Kleiman},
	editortype = {organizer},
	title = {Concepções não-valorizadas de escrita: a escrita como “um outro modo de falar”},
	booktitle = {Os significados do letramento: uma nova perspectiva sobre a prática social da escrita},
	publisher = {Mercado de Letras},
	author = {Rojo, Roxane},
	year = {1995},
	pages = {65--89}
}

@incollection{rojo_letramento_2001,
	address = {Campinas},
	editor = {Inês Signorini},
	editortype = {organizer},
	title = {Letramento escolar, oralidade e escrita em sala de aula: diferentes modalidades ou gêneros do discurso?},
	booktitle = {Investigando a relação oral/escrito e as teorias do letramento.},
	publisher = {Mercado de Letras},
	author = {Rojo, Roxane},
	year = {2001},
	pages = {51--74}
}

@article{santos_letramento_2020,
	title = {Letramento acadêmico e desenvolvimento da escrita por alunos indígenas em uma Licenciatura em Educação do Campo, Brasil},
	volume = {11},
	url = {https://sistemas.uft.edu.br/periodicos/index.php/entreletras/article/view/9954},
	doi = {10.20873/uft.2179-3948.2020v11n2p243},
	number = {2},
	urldate = {2021-04-02},
	journal = {EntreLetras},
	author = {Santos, Milena dos and Silva, Cícero da},
	year = {2020},
	pages = {228--254}
}

@article{santos_educacao_2007,
	title = {Educação científica na perspectiva de letramento como prática social: funções, princípios e desafios},
	volume = {12},
	url = {http://www.scielo.br/scielo.php?script=sci_arttext&pid=S1413-24782007000300007&lng=pt&tlng=pt},
	doi = {10.1590/S1413-24782007000300007},
	number = {36},
	urldate = {2021-04-02},
	journal = {Revista Brasileira de Educação},
	author = {Santos, Wildson Luiz Pereira dos},
	month = dec,
	year = {2007},
	pages = {474--492}
}

@incollection{signorini_letramento_2007,
	address = {Campinas},
	editor = {Ângela Kleiman and Marilda do Couto Cavalcanti},
	editortype = {organizer},
	title = {Letramento escolar e formação do professor de Língua Portuguesa},
	booktitle = {Linguística aplicada: suas faces e interfaces},
	publisher = {Mercado de Letras},
	author = {Signorini, Inês},
	year = {2007},
	pages = {317--334}
}

@incollection{signorini_letramentos_2012,
	address = {Belo Horizonte},
	editor = {Inês Signorini and Raquel Salek Fiad},
	editortype = {organizer},
	title = {Letramentos multi-hipermidiáticos e formação de professores de língua},
	booktitle = {Ensino de língua: das reformas, das inquietações e dos desafios},
	publisher = {Editora UFMG},
	author = {Signorini, Inês},
	year = {2012},
	pages = {282--299}
}

@article{silva_formacao_2019,
	title = {Formação e letramento no contexto de ensino da Pedagogia da Alternância: alguns apontamentos},
	volume = {9},
	url = {http://www.entrepalavras.ufc.br/revista/index.php/Revista/article/view/1667},
	doi = {10.22168/2237-6321-21667},
	language = {pt},
	number = {2},
	urldate = {2021-04-02},
	journal = {Entrepalavras},
	author = {Silva, Cícero da},
	month = aug,
	year = {2019},
	pages = {473--491}
}

@article{silva_plano_2020,
	title = {Plano de formação, letramento e práticas educativas na pedagogia da alternância},
	volume = {46},
	url = {http://www.scielo.br/scielo.php?script=sci_arttext&pid=S1517-97022020000100553&tlng=pt},
	doi = {10.1590/s1678-4634202046219182},
	urldate = {2021-04-02},
	journal = {Educação e Pesquisa},
	author = {Silva, Cícero da},
	year = {2020},
	pages = {e219182}
}

@phdthesis{silva_pedagogia_2018,
	address = {Araguaína},
	type = {Tese (Doutorado em Letras: Ensino de Língua e Literatura)},
	title = {Pedagogia da Alternância: práticas de letramentos em uma Escola Família Agrícola brasileira},
	url = {https://repositorio.uft.edu.br/handle/11612/854},
	urldate = {2021-04-02},
	school = {Universidade Federal do Tocantins},
	author = {Silva, Cícero da},
	year = {2018}
}

@article{silva_letramento_2020,
	title = {Letramento transmídia ou digital? A autoria docente em tempos de pandemia},
	volume = {11},
	url = {https://periodicos.ufpe.br/revistas/emteia/article/view/248129},
	doi = {10.36397/emteia.v11i2.248129},
	number = {2},
	urldate = {2021-04-02},
	journal = {Em Teia {\textbar} Revista de Educação Matemática e Tecnológica Iberoamericana},
	author = {Silva, Raphael De França e and Andrade, Ana Luiza and Silva, Nadine Rodrigues and Alves, Thelma Panerai},
	month = oct,
	year = {2020}
}

@article{silva_ciencia_2018,
	title = {Ciência nas licenciaturas?},
	volume = {22},
	url = {https://www.revistas.ufg.br/lep/article/view/54461},
	doi = {10.5216/lep.v22i1.54461},
	number = {1},
	urldate = {2021-04-02},
	journal = {Linguagem: Estudos e Pesquisas},
	author = {Silva, Wagner Rodrigues and Cordeiro, Mayron Rodrigues and Farah, Bárbara De Freitas and Moraes, Carlos Wiennery da Rocha and Sousa, Dijan Leal de and Silva, Leide Lene Santos and Mendes, Victor C. B. B.},
	month = aug,
	year = {2018}
}

@incollection{soares_escolarizacao_1999,
	address = {Belo Horizonte},
	editor = {Heliana Maria Brina Brandão and Maria Zélia Versiani Machado},
	editortype = {organizer},
	title = {A escolarização da literatura infantil e juvenil},
	booktitle = {A escolarização da leitura literária: o jogo do livro infantil e juvenil},
	publisher = {Autêntica},
	author = {Soares, Magda},
	year = {1999},
	pages = {17--48}
}

@book{street_letramentos_2014,
	address = {São Paulo},
	title = {Letramentos sociais: abordagens críticas do letramento no desenvolvimento, na etnografia e na educação},
	translator = {Marcos Bagno},
	publisher = {Parábola Editorial},
	author = {Street, Brian},
	year = {2014}
}

@book{street_literacy_1984,
	address = {Cambridge, New York},
	series = {Cambridge studies in oral and literate culture},
	title = {Literacy in theory and practice},
	number = {9},
	publisher = {Cambridge University Press},
	author = {Street, Brian V.},
	year = {1984}
}

@article{terra_letramento_2013,
	title = {Letramento \& letramentos: uma perspectiva sócio-cultural dos usos da escrita},
	volume = {29},
	url = {http://www.scielo.br/scielo.php?script=sci_arttext&pid=S0102-44502013000100002&lng=pt&tlng=pt},
	doi = {10.1590/S0102-44502013000100002},
	number = {1},
	urldate = {2021-04-02},
	journal = {DELTA: Documentação de Estudos em Lingüística Teórica e Aplicada},
	author = {Terra, Márcia Regina},
	year = {2013},
	pages = {29--58}
}

@incollection{zavala_quem_2010,
	address = {Campinas},
	editor = {Cláudia Lemos Vóvio and Luanda Sito and Paula Bacarat de Grande},
	editortype = {organizer},
	title = {Quem está dizendo isso?: letramento acadêmico, identidade e poder na educação superior},
	booktitle = {Letramentos: rupturas, deslocamentos e repercussões de pesquisas em Linguística Aplicada},
	publisher = {Mercado de Letras},
	author = {Zavala, Virginia},
	year = {2010},
	pages = {71--95}
}