
@article{abou-khalil_emergency_2021,
	title = {Emergency {Online} {Learning} in {Low}-{Resource} {Settings}: {Effective} {Student} {Engagement} {Strategies}},
	volume = {11},
	url = {https://www.mdpi.com/2227-7102/11/1/24},
	doi = {10.3390/educsci11010024},
	number = {1},
	urldate = {2022-04-16},
	journal = {Education Sciences},
	author = {Abou-Khalil, V. and Helou, S. and Khalifé, E. and Chen, M. A. and Majumdar, R. and Ogata, H.},
	month = jan,
	year = {2021},
	pages = {24},
}

@article{alioon_effect_2019,
	title = {The effect of authentic m-learning activities on student engagement and motivation: {Authentic} m-learning activities},
	volume = {50},
	url = {https://onlinelibrary.wiley.com/doi/10.1111/bjet.12559},
	doi = {10.1111/bjet.12559},
	number = {2},
	urldate = {2022-04-16},
	journal = {British Journal of Educational Technology},
	author = {Alioon, Y. and Delialioğlu, Ö.},
	month = mar,
	year = {2019},
	pages = {655--668},
}

@article{bond_facilitating_2020,
	title = {Facilitating student engagement through the flipped learning approach in {K}-12: {A} systematic review},
	volume = {151},
	url = {https://linkinghub.elsevier.com/retrieve/pii/S036013152030021X},
	doi = {10.1016/j.compedu.2020.103819},
	urldate = {2022-04-16},
	journal = {Computers \& Education},
	author = {Bond, M.},
	month = jul,
	year = {2020},
	pages = {103819},
}

@article{bond_facilitating_2019,
	title = {Facilitating {Student} {Engagement} {Through} {Educational} {Technology}: {Towards} a {Conceptual} {Framework}},
	volume = {2019},
	url = {http://jime.open.ac.uk/articles/10.5334/jime.528/},
	doi = {10.5334/jime.528},
	number = {1},
	urldate = {2022-04-16},
	journal = {Journal of Interactive Media in Education},
	author = {Bond, M. and Bedenlier, S.},
	month = sep,
	year = {2019},
	pages = {11},
}

@article{bower_quantitative_2010,
	title = {A quantitative multimodal discourse analysis of teaching and learning in a web-conferencing environment – {The} efficacy of student-centred learning designs},
	volume = {54},
	url = {https://linkinghub.elsevier.com/retrieve/pii/S0360131509002383},
	doi = {10.1016/j.compedu.2009.08.030},
	number = {2},
	urldate = {2022-04-16},
	journal = {Computers \& Education},
	author = {Bower, M. and Hedberg, J. G.},
	month = feb,
	year = {2010},
	pages = {462--478},
}

@article{bozkurt_emergency_2020,
	title = {Emergency remote teaching in a time of global crisis due to {CoronaVirus} pandemic},
	volume = {15},
	copyright = {Creative Commons Attribution 4.0 International, Open Access},
	url = {https://zenodo.org/record/3778083},
	doi = {10.5281/ZENODO.3778083},
	urldate = {2022-04-16},
	journal = {Asian Journal of Distance Education},
	author = {Bozkurt, A. and Sharma, R.},
	month = apr,
	year = {2020},
	keywords = {Distance education, Open and odistance learning, Online learning, COVID19, CoronaVirus},
	pages = {1--6},
}

@article{carrillo_covid-19_2020,
	title = {{COVID}-19 and teacher education: a literature review of online teaching and learning practices},
	volume = {43},
	url = {https://www.tandfonline.com/doi/full/10.1080/02619768.2020.1821184},
	doi = {10.1080/02619768.2020.1821184},
	number = {4},
	urldate = {2022-04-16},
	journal = {European Journal of Teacher Education},
	author = {Carrillo, C. and Flores, M. A.},
	month = aug,
	year = {2020},
	pages = {466--487},
}

@incollection{clark_multimedia_2005,
	address = {Cambridge},
	title = {Multimedia learning in e-courses},
	booktitle = {The {Cambridge} handbook of multimedia learning},
	publisher = {Cambridge University Press},
	author = {Clark, R. C.},
	editor = {Mayer, R.},
	year = {2005},
	pages = {589--616},
}

@article{clark_efficiency_2006,
	title = {Efficiency in learning: {Evidence}-based guidelines to manage cognitive load},
	volume = {45},
	url = {https://onlinelibrary.wiley.com/doi/10.1002/pfi.4930450920},
	doi = {10.1002/pfi.4930450920},
	number = {9},
	urldate = {2022-04-16},
	journal = {Performance Improvement},
	author = {Clark, R. C. and Nguyen, F. and Sweller, J. and Baddeley, M.},
	month = oct,
	year = {2006},
	pages = {46--47},
}

@article{coutinho_investigacao-accao_2009,
	title = {Investigação-acção: metodologia preferencial nas práticas educativas},
	copyright = {openAccess},
	url = {http://repositorium.sdum.uminho.pt/},
	urldate = {2022-04-16},
	author = {Coutinho, C. P. and Sousa, A. and Dias, A. and Bessa, F. and Ferreira, M. J. R. and Vieira, S. R.},
	year = {2009},
}

@article{dove_flipping_2017,
	title = {Flipping {Preservice} {Elementary} {Teachers}’ {Mathematics} {Anxieties} – {CITE} {Journal}},
	volume = {17},
	url = {https://citejournal.org/volume-17/issue-3-17/mathematics/flipping-preservice-elementary-teachers-mathematics-anxieties},
	number = {3},
	urldate = {2022-04-16},
	journal = {Contemporary Issues in Technology and Teacher Education},
	author = {Dove, A. and Dove, E.},
	year = {2017},
}

@article{eccles_engagement:_2016,
	title = {Engagement: {Where} to next?},
	volume = {43},
	url = {https://linkinghub.elsevier.com/retrieve/pii/S0959475216300160},
	doi = {10.1016/j.learninstruc.2016.02.003},
	urldate = {2022-04-16},
	journal = {Learning and Instruction},
	author = {Eccles, J. S.},
	month = jun,
	year = {2016},
	pages = {71--75},
}

@article{engestrom_expansive_2001,
	title = {Expansive {Learning} at {Work}: {Toward} an activity theoretical reconceptualization},
	volume = {14},
	url = {http://www.tandfonline.com/doi/abs/10.1080/13639080020028747},
	doi = {10.1080/13639080020028747},
	number = {1},
	urldate = {2022-04-16},
	journal = {Journal of Education and Work},
	author = {Engeström, Y.},
	month = feb,
	year = {2001},
	pages = {133--156},
}

@article{espino-diaz_creating_2020,
	title = {Creating {Interactive} {Learning} {Environments} through the {Use} of {Information} and {Communication} {Technologies} {Applied} to {Learning} of {Social} {Values}: {An} {Approach} from {Neuro}-{Education}},
	volume = {9},
	url = {https://www.mdpi.com/2076-0760/9/5/72},
	doi = {10.3390/socsci9050072},
	number = {5},
	urldate = {2022-04-16},
	journal = {Social Sciences},
	author = {Espino-Díaz, L. and Alvarez-Castillo, J.-L. and Gonzalez-Gonzalez, H. and Hernandez-Lloret, C.-M. and Fernandez-Caminero, G.},
	month = may,
	year = {2020},
	pages = {72},
}

@misc{flipped_learning_network_fln_four_2014,
	title = {The {Four} {Pillars} of {F}-{L}-{I}-{P}},
	url = {https://flippedlearning.org/wp-content/uploads/2016/07/FLIP_handout_FNL_Web.pdf},
	urldate = {2022-04-16},
	author = {{Flipped Learning Network (FLN)}},
	year = {2014},
}

@article{fredricks_school_2004,
	title = {School {Engagement}: {Potential} of the {Concept}, {State} of the {Evidence}},
	volume = {74},
	url = {http://journals.sagepub.com/doi/10.3102/00346543074001059},
	doi = {10.3102/00346543074001059},
	number = {1},
	urldate = {2022-04-16},
	journal = {Review of Educational Research},
	author = {Fredricks, J. A and Blumenfeld, P. C. and Paris, A. H.},
	month = mar,
	year = {2004},
	pages = {59--109},
}

@article{halverson_learner_2019,
	title = {Learner {Engagement} in {Blended} {Learning} {Environments}: {A} {Conceptual} {Framework}},
	volume = {23},
	url = {https://olj.onlinelearningconsortium.org/index.php/olj/article/view/1481},
	doi = {10.24059/olj.v23i2.1481},
	number = {2},
	urldate = {2022-04-16},
	journal = {Online Learning},
	author = {Halverson, L. R. and Graham, C. R.},
	month = jun,
	year = {2019},
}

@article{hampton_student_2016,
	title = {Student {Engagement} in {Online} {Nursing} {Courses}:},
	volume = {41},
	url = {http://journals.lww.com/00006223-201611000-00006},
	doi = {10.1097/NNE.0000000000000275},
	number = {6},
	urldate = {2022-04-16},
	journal = {Nurse Educator},
	author = {Hampton, D. and Pearce, P. F.},
	year = {2016},
	pages = {294--298},
}

@article{henrie_measuring_2015,
	title = {Measuring student engagement in technology-mediated learning: {A} review},
	volume = {90},
	url = {https://linkinghub.elsevier.com/retrieve/pii/S0360131515300427},
	doi = {10.1016/j.compedu.2015.09.005},
	urldate = {2022-04-16},
	journal = {Computers \& Education},
	author = {Henrie, C. R. and Halverson, L. R. and Graham, C. R.},
	month = dec,
	year = {2015},
	pages = {36--53},
}

@article{kirschner_why_2006,
	title = {Why {Minimal} {Guidance} {During} {Instruction} {Does} {Not} {Work}: {An} {Analysis} of the {Failure} of {Constructivist}, {Discovery}, {Problem}-{Based}, {Experiential}, and {Inquiry}-{Based} {Teaching}},
	volume = {41},
	url = {http://www.tandfonline.com/doi/abs/10.1207/s15326985ep4102_1},
	doi = {10.1207/s15326985ep4102_1},
	number = {2},
	urldate = {2022-04-16},
	journal = {Educational Psychologist},
	author = {Kirschner, P. A. and Sweller, J. and Clark, R. E.},
	month = jun,
	year = {2006},
	pages = {75--86},
}

@article{kuh_what_2009,
	title = {What {Student} {Affairs} {Professionals} {Need} to {Know} {About} {Student} {Engagement}},
	volume = {50},
	url = {http://muse.jhu.edu/content/crossref/journals/journal_of_college_student_development/v050/50.6.kuh.html},
	doi = {10.1353/csd.0.0099},
	number = {6},
	urldate = {2022-04-16},
	journal = {Journal of College Student Development},
	author = {Kuh, G. D.},
	year = {2009},
	pages = {683--706},
}

@article{lai_multilevel_2021,
	title = {A multilevel investigation of factors influencing university students’ behavioral engagement in flipped classrooms},
	volume = {175},
	url = {https://linkinghub.elsevier.com/retrieve/pii/S0360131521001950},
	doi = {10.1016/j.compedu.2021.104318},
	urldate = {2022-04-16},
	journal = {Computers \& Education},
	author = {Lai, H.-M. and Hsieh, P.-J. and Uden, L. and Yang, C.-H.},
	month = dec,
	year = {2021},
	pages = {104318},
}

@article{lei_relationships_2018,
	title = {Relationships between student engagement and academic achievement: {A} meta-analysis},
	volume = {46},
	url = {https://www.ingentaconnect.com/content/10.2224/sbp.7054},
	doi = {10.2224/sbp.7054},
	number = {3},
	urldate = {2022-04-16},
	journal = {Social Behavior and Personality: an international journal},
	author = {Lei, H. and Cui, Y. and Zhou, W.},
	month = mar,
	year = {2018},
	pages = {517--528},
}

@article{lockman_online_2020,
	title = {Online {Instruction} in {Higher} {Education}: {Promising}, {Research}-based, and {Evidence}-based {Practices}},
	volume = {7},
	url = {http://asianonlinejournals.com/index.php/JEELR/article/view/1606},
	doi = {10.20448/journal.509.2020.72.130.152},
	number = {2},
	urldate = {2022-04-16},
	journal = {Journal of Education and e-Learning Research},
	author = {Lockman, A. S. and Schirmer, B. R.},
	year = {2020},
	pages = {130--152},
}

@book{maximo-esteves_visao_2008,
	address = {Porto},
	title = {Visão {Panorâmica} da {Investigação}-{Acção}},
	publisher = {Porto Editora},
	author = {Máximo-Esteves, L.},
	year = {2008},
}

@book{moore_educacao_2008,
	address = {São Paulo},
	title = {Educação a distância: uma visão integrada},
	publisher = {Cengage Learning},
	author = {Moore, M. G. and Kearsley, G.},
	year = {2008},
}

@article{ribeirinha_flipped_2021,
	title = {The flipped classroom model potential in online learning: an assessment focused on pedagogical interactions},
	volume = {51},
	url = {https://revistaseug.ugr.es/index.php/publicaciones/article/view/18076},
	doi = {10.30827/publicaciones.v51i3.18076},
	number = {3},
	urldate = {2022-04-16},
	journal = {Publicaciones},
	author = {Ribeirinha, T. and Silva, B.},
	month = jul,
	year = {2021},
	pages = {295--345},
}

@article{shukor_predictive_2014,
	title = {A {Predictive} {Model} to {Evaluate} {Students}’ {Cognitive} {Engagement} in {Online} {Learning}},
	volume = {116},
	url = {https://linkinghub.elsevier.com/retrieve/pii/S1877042814010532},
	doi = {10.1016/j.sbspro.2014.01.1036},
	urldate = {2022-04-16},
	journal = {Procedia - Social and Behavioral Sciences},
	author = {Shukor, N. A. and Tasir, Z. and Van der Meijden, H. and Harun, J.},
	month = feb,
	year = {2014},
	pages = {4844--4853},
}

@misc{solis_teaching_2008,
	title = {Teaching for {Cognitive} {Engagement} - {Materializing} the {Promise} of {Sheltered} {Instruction}},
	url = {https://www.idra.org/resource-center/teaching-for-cognitive-engagement/},
	urldate = {2022-04-16},
	journal = {IDRA Newsletter},
	author = {Solis, A.},
	year = {2008},
}

@article{stone_online_2019,
	title = {Online learning in {Australian} higher education: {Opportunities}, challenges and transformations},
	volume = {10},
	url = {https://studentsuccessjournal.org/article/view/1299},
	doi = {10.5204/ssj.v10i2.1299},
	number = {2},
	urldate = {2022-04-16},
	journal = {Student Success},
	author = {Stone, C.},
	month = aug,
	year = {2019},
	pages = {1--11},
}

@article{van_alten_effects_2019,
	title = {Effects of flipping the classroom on learning outcomes and satisfaction: {A} meta-analysis},
	volume = {28},
	url = {https://linkinghub.elsevier.com/retrieve/pii/S1747938X18305694},
	doi = {10.1016/j.edurev.2019.05.003},
	urldate = {2022-04-16},
	journal = {Educational Research Review},
	author = {van Alten, D. C. D. and Phielix, C. and Janssen, J. and Kester, L.},
	month = nov,
	year = {2019},
	pages = {100281},
}

@article{xu_effects_2020,
	title = {Effects of teacher role on student engagement in {WeChat}-{Based} online discussion learning},
	volume = {157},
	url = {https://linkinghub.elsevier.com/retrieve/pii/S0360131520301548},
	doi = {10.1016/j.compedu.2020.103956},
	urldate = {2022-04-16},
	journal = {Computers \& Education},
	author = {Xu, B. and Chen, N.-S. and Chen, G.},
	month = nov,
	year = {2020},
	pages = {103956},
}

@article{zhu_interaction_2006,
	title = {Interaction and cognitive engagement: {An} analysis of four asynchronous online discussions},
	volume = {34},
	url = {https://link.springer.com/10.1007/s11251-006-0004-0},
	doi = {10.1007/s11251-006-0004-0},
	number = {6},
	urldate = {2022-04-16},
	journal = {Instructional Science},
	author = {Zhu, E.},
	month = nov,
	year = {2006},
	pages = {451},
}