
@article{falloon_exploring_2011,
	title = {Exploring the virtual classroom: {What} students need to know (and teachers should consider)},
	volume = {7},
	url = {https://researchcommons.waikato.ac.nz/handle/10289/7238},
	number = {4},
	urldate = {2022-06-13},
	author = {Falloon, G.},
	year = {2011},
	pages = {439--451},
}

@article{lai_self-regulated_2016,
	title = {A self-regulated flipped classroom approach to improving students’ learning performance in a mathematics course},
	volume = {100},
	url = {https://linkinghub.elsevier.com/retrieve/pii/S0360131516301166},
	doi = {10.1016/j.compedu.2016.05.006},
	urldate = {2022-06-13},
	journal = {Computers \& Education},
	author = {Lai, C.-L. and Hwang, G.-J.},
	month = sep,
	year = {2016},
	pages = {126--140},
}

@incollection{liu_contexts_2017,
	address = {Singapore},
	title = {Contexts of {Smart} {Learning} {Environments}},
	booktitle = {Smart {Learning} in {Smart} {Cities}},
	publisher = {Springer Singapore},
	author = {Liu, D.},
	collaborator = {Liu, D.},
	year = {2017},
	pages = {15--29},
}

@online{rainbow_ideas_2020,
	title = {Ideas para profesores: {Uso} de plataformas de vídeo para dar clase virtual},
	url = {https://blog.cambridge.es/ideas-para-profesores-uso-de-plataformas-de-video-para-dar-clase-virtual/},
	urldate = {2022-06-13},
	journal = {Cambridge Blog},
	author = {Rainbow, C.},
	month = mar,
	year = {2020},
}


@online{unesco_marco_2019,
	title = {Marco de competencias de los docentes en materia de {TIC}},
	url = {https://unesdoc.unesco.org/ark:/48223/pf0000371024},
	urldate = {2022-06-13},
	author = {{UNESCO}},
	year = {2019},
}

@incollection{area_e-learning:_2021,
	address = {Málaga},
	title = {E-{Learning}: enseñar y aprender en espacios virtuales},
	booktitle = {Tecnología {Educativa}. {La} formación del profesorado en la era de {Internet}},
	publisher = {Ediciones Aljibe},
	author = {Area, M. and Adell, J.},
	editor = {Pablos Pons, J. de},
	year = {2021},
}

@incollection{ally2004,
    author = {M. Ally},
    title = {Foundations of educational theory for online learning},
    editor = {T. Anderson},
    booktitle = {The Theory and Practice of Online Learning},
    publisher = {Athabasca University Press},
    address = {Edmonton},
    year = {2004},
}


@book{anderson_theory_2008,
	address = {Edmonton},
	edition = {2nd ed},
	title = {The theory and practice of online learning},
	publisher = {AU Press},
	editor = {Anderson, T.},
	year = {2008},
}

@article{anastasiades_interactive_2010,
	title = {Interactive {Videoconferencing} for collaborative learning at a distance in the school of 21st century: {A} case study in elementary schools in {Greece}},
	volume = {54},
	url = {https://linkinghub.elsevier.com/retrieve/pii/S0360131509002097},
	doi = {10.1016/j.compedu.2009.08.016},
	number = {2},
	urldate = {2022-05-31},
	journal = {Computers \& Education},
	author = {Anastasiades, P. S. and Filippousis, G. and Karvunis, L. and Siakas, S. and Tomazinakis, A. and Giza, P. and Mastoraki, H.},
	month = feb,
	year = {2010},
	pages = {321--339},
}

@book{aparici_comunicar_2018,
	address = {España},
	edition = {2},
	title = {Comunicar y educar en el mundo que viene},
	url = {https://elibro.net/ereader/elibrodemo/118530},
	urldate = {2022-05-31},
	publisher = {Gedisa},
	author = {Aparici, R. and Garcia Marín, D.},
	year = {2018},
	note = {OCLC: 1149132962},
}

@book{aparici_algoritmo_2021,
	address = {España},
	title = {El algoritmo de la incertidumbre},
	language = {Español},
	publisher = {Gedisa},
	author = {Aparici, R. and Martínez-Pérez, J.},
	year = {2021},
}

@article{aparici_cultura_2013,
	title = {La {Cultura} de la {Participación}},
	volume = {4},
	url = {https://www.mediterranea-comunicacion.org/article/view/2013-v4-n2-la-cultura-de-la-participacion},
	doi = {10.14198/MEDCOM2013.4.2.07},
	number = {2},
	urldate = {2022-05-31},
	journal = {Revista Mediterránea de Comunicación},
	author = {Aparici, R. and Osuna-Acedo, S.},
	month = dec,
	year = {2013},
	pages = {137},
}

@incollection{area_e-learning,
	title = {E-{Learning}: enseñar y aprender en espacios virtuales},
	author = {Area, M. and Segura, J. A.},
	editor = {Juan De Pablos},
	booktitle = {Tecnología Educativa. La formación del profesorado en la era de Internet},
	address = {Aljibe},
	year = {2009},
	pages = {391--424}
}

@article{area_tecnologias_2021,
	title = {Tecnologías {Digitales} y {Cambio} {Educativo}. {Una} {Aproximación} {Crítica}},
	volume = {19},
	url = {https://revistas.uam.es/reice/article/view/reice2021_19_4_005},
	doi = {10.15366/reice2021.19.4.005},
	number = {4},
	urldate = {2022-05-31},
	journal = {REICE. Revista Iberoamericana sobre Calidad, Eficacia y Cambio en Educación},
	author = {Area, M. and Adell, J.},
	month = sep,
	year = {2021},
}

@article{artino_exploring_2012,
	title = {Exploring the complex relations between achievement emotions and self-regulated learning behaviors in online learning},
	volume = {15},
	url = {https://linkinghub.elsevier.com/retrieve/pii/S1096751612000073},
	doi = {10.1016/j.iheduc.2012.01.006},
	number = {3},
	urldate = {2022-05-31},
	journal = {The Internet and Higher Education},
	author = {Artino, A. R. and Jones, K. D.},
	month = jun,
	year = {2012},
	pages = {170--175},
}

@article{bandura_social_2001,
	title = {Social {Cognitive} {Theory}: {An} {Agentic} {Perspective}},
	volume = {52},
	url = {https://www.annualreviews.org/doi/10.1146/annurev.psych.52.1.1},
	doi = {10.1146/annurev.psych.52.1.1},
	number = {1},
	urldate = {2022-05-31},
	journal = {Annual Review of Psychology},
	author = {Bandura, A.},
	month = feb,
	year = {2001},
	pages = {1--26},
}

@article{brodie_consumer_2013,
	title = {Consumer engagement in a virtual brand community: {An} exploratory analysis},
	volume = {66},
	url = {https://linkinghub.elsevier.com/retrieve/pii/S0148296311002657},
	doi = {10.1016/j.jbusres.2011.07.029},
	number = {1},
	urldate = {2022-05-31},
	journal = {Journal of Business Research},
	author = {Brodie, R. J. and Ilic, A. and Juric, B. and Hollebeek, L.},
	month = jan,
	year = {2013},
	pages = {105--114},
}

@article{carrion_estetica_2020,
	chapter = {en Español},
	title = {La estética de la pandemia},
	url = {https://www.nytimes.com/es/2020/05/09/espanol/opinion/zoom-coronavirus.html},
	urldate = {2022-05-31},
	journal = {The New York Times},
	author = {Carrión, J.},
	month = may,
	year = {2020},
}

@phdthesis{delaus_influence_2016,
	type = {Doctoral},
	title = {The influence of synchronous technology and interaction on satisfaction and retention for online students},
	school = {Colorado Technical University},
	author = {DeLaus, S. C.},
	year = {2016},
}

@article{codreanu_effects_2013,
	title = {Effects of webcams on multimodal interactive learning},
	volume = {25},
	url = {https://www.cambridge.org/core/product/identifier/S0958344012000249/type/journal_article},
	doi = {10.1017/S0958344012000249},
	number = {1},
	urldate = {2022-05-31},
	journal = {ReCALL},
	author = {Codreanu, T. and Celik, C. C.},
	month = jan,
	year = {2013},
	pages = {30--47},
}

@incollection{coll_aprender_2009,
	title = {Aprender y enseñar con las {TIC}: expectativas, realidad y potencialidades},
	url = {https://bit.ly/3uE90yj},
	booktitle = {Los desafíos de las {TIC} para el cambio educativo},
	publisher = {Fundación Santillana},
	author = {Coll, C.},
	editor = {Carneiro, R. and Toscano, Juan C. and Díaz, T.},
	year = {2009},
	pages = {113--126},
}

@techreport{riina_vuorikari_digcomp_2016,
	title = {{DigComp} 2.0: {The} {Digital} {Competence} {Framework} for {Citizens}},
	url = {https://bit.ly/3krbQlJ},
	author = {Vuorikari, R. and Punie, Y. and Carretero, S. and Brande, L. V. den},
	address = {Seville, Spain: European Union},
	year = {2016},
}

@book{european_commission._joint_research_centre._digcomp_2016,
	address = {LU},
	title = {{DigComp} 2.0: the digital competence framework for citizens.},
	url = {https://data.europa.eu/doi/10.2791/11517},
	urldate = {2022-05-31},
	publisher = {Publications Office},
	author = {{European Commission. Joint Research Centre.}},
	year = {2016},
}

@article{cordova_uso_2013,
	title = {Uso y utilidad de la videoconferencia en la enseñanza de asignaturas preclínicas de medicina en la {Universidad} {Latina} de {Panamá} ({ULAT})},
	volume = {2},
	url = {http://www.riem.facmed.unam.mx/index.php/riem/article/view/445},
	doi = {10.1016/S2007-5057(13)72677-2},
	number = {5},
	urldate = {2022-05-31},
	journal = {Investigación en Educación Médica},
	author = {Córdova, A. and Staff, C. and Cubilla, F. and Stegaru, M.},
	month = jan,
	year = {2013},
	pages = {7--11},
}

@online{mariana_dallera_videoconferencia_2014,
	title = {La {Videoconferencia} como recurso didáctico {TIC}. {Problematización} y debate desde las {Ciencias} {Sociales} {DALLERA}, {M}; {TENAGLIA}, {P} - {PDF} {Free} {Download}},
	url = {https://docplayer.es/9378232-La-videoconferencia-como-recurso-didactico-tic-problematizacion-y-debate-desde-las-ciencias-sociales-dallera-m-tenaglia-p.html},
	urldate = {2022-05-31},
	author = {Dallera, M. and Tenaglia, P. R.},
	year = {2014},
}

@article{day_lights_2021,
	title = {Lights, {Camera}, {Action}? {A} {Reflection} of {Utilizing} {Web} {Cameras} during {Synchronous} {Learning} in {Teacher} {Education}},
	volume = {14},
	url = {https://eric.ed.gov/?id=EJ1296278},
	urldate = {2022-05-31},
	journal = {Teacher Educators' Journal},
	author = {Day, J. and Verbiest, C.},
	year = {2021},
	pages = {3--21},
}

@incollection{fernandez_perez_pedagogidigital_2020,
	address = {Madrid},
	title = {Pedagogía {Digital} {Basada} en {Webconferencias} para la adquisición de conocimientos},
	booktitle = {Investigación en metodologías digitales basadas en el aprendizaje conectado, activo y colaborativo},
	publisher = {UNED},
	author = {Fernández Pérez, M. D. and Santoveña-Casal, S.},
	editor = {Santoveña-Casal, S.},
	year = {2020},
}

@article{garcia_aretio_covid-19_2020,
	title = {{COVID}-19 y educación a distancia digital: preconfinamiento, confinamiento y posconfinamiento},
	volume = {24},
	url = {http://revistas.uned.es/index.php/ried/article/view/28080},
	doi = {10.5944/ried.24.1.28080},
	number = {1},
	urldate = {2022-05-31},
	journal = {RIED. Revista Iberoamericana de Educación a Distancia},
	author = {García Aretio, L.},
	month = sep,
	year = {2020},
	pages = {09},
}

@book{aviles_comunicar_nodate,
	title = {Comunicar en la {Sociedad} {Red} {Teorías}, modelos y prácticas},
	url = {https://www.academia.edu/12175107/Comunicar_en_la_Sociedad_Red_Teor\%C3\%ADas_modelos_y_pr\%C3\%A1cticas_Ed_UOC_Barcelona_2015},
	urldate = {2022-05-31},
	author = {García Avilés, J. A.},
	address = {Barcelona},
	publisher = {Editorial {UOC}},
	year = {2015},
}

@article{goldman_balancing_2011,
	title = {Balancing {Quality} and {Workload} in {Asynchronous} {Online} {Discussions}: {A} {Win}- {Win} {Approach} for {Students} and {Instructors}},
	volume = {7},
	url = {https://www.semanticscholar.org/paper/Balancing-Quality-and-Workload-in-Asynchronous-A-Goldman/4835aaf8af758f0129a6043c5a9e0745a76d0a48},
	number = {2},
	urldate = {2022-05-31},
	journal = {MERLOT Journal of Online Learning and Teaching},
	author = {Goldman, Z.},
	year = {2011},
	pages = {313--323},
}

@article{gonzalez-lizarraga_cyberactivism:_2016,
	title = {Cyberactivism: {A} new form of participation for university students},
	volume = {24},
	shorttitle = {Cyberactivism},
	url = {https://www.revistacomunicar.com/index.php?contenido=detalles&numero=46&articulo=46-2016-05},
	doi = {10.3916/C46-2016-05},
	number = {46},
	urldate = {2022-05-31},
	journal = {Comunicar},
	author = {González-Lizárraga, M. G. and Becerra-Traver, M. T. and Yanez-Díaz, M. B.},
	month = jan,
	year = {2016},
	pages = {47--54},
}

@article{gros_salvat_evolucion_2018,
	title = {La evolución del e-learning: del aula virtual a la red},
	volume = {21},
	url = {http://revistas.uned.es/index.php/ried/article/view/20577},
	doi = {10.5944/ried.21.2.20577},
	number = {2},
	urldate = {2022-05-31},
	journal = {RIED. Revista Iberoamericana de Educación a Distancia},
	author = {Gros Salvat, B.},
	month = feb,
	year = {2018},
	pages = {69},
}

@article{hernandez-selles_herramientas_2021,
	title = {Herramientas que facilitan el aprendizaje colaborativo en entornos virtuales: nuevas oportunidades para el desarrollo de las ecologías digitales de aprendizaje},
	volume = {39},
	url = {https://revistas.um.es/educatio/article/view/465741},
	doi = {10.6018/educatio.465741},
	number = {2},
	urldate = {2022-05-31},
	journal = {Educatio Siglo XXI},
	author = {Hernández-Sellés, N.},
	month = jun,
	year = {2021},
	pages = {81--100},
}

@article{charles_hodges_difference_2020,
	title = {The {Difference} {Between} {Emergency} {Remote} {Teaching} and {Online} {Learning}},
	url = {https://er.educause.edu/articles/2020/3/the-difference-between-emergency-remote-teaching-and-online-learning},
	abstract = {Well-planned online learning experiences are meaningfully different from courses offered online in response to a crisis or disaster. Colleges and univ},
	number = {27},
	urldate = {2022-05-31},
	journal = {Educause review},
	author = {Hodges, C. and Moore, S. and Lockee, B. and Trust, T. and Bond, A.},
	year = {2020},
	pages = {1--12},
}

@article{huergo-tobar_estrategias_1970,
	title = {Estrategias de enseñanza-aprendizaje a través de videoconferencias},
	volume = {17},
	url = {https://revistas.ucc.edu.co/index.php/ra/article/view/1096},
	doi = {10.16925/ra.v17i31.1096},
	number = {31},
	urldate = {2022-05-31},
	journal = {Rastros Rostros},
	author = {Huergo-Tobar, P. L.},
	month = jan,
	year = {1970},
}

@article{jones_comparison_2010,
	title = {Comparison of teaching and learning outcomes between video-linked, web-based, and classroom tutorials: {An} innovative international study of profession education in physical therapy},
	volume = {54},
	url = {https://linkinghub.elsevier.com/retrieve/pii/S036013150900325X},
	doi = {10.1016/j.compedu.2009.11.005},
	number = {4},
	urldate = {2022-05-31},
	journal = {Computers \& Education},
	author = {Jones, A. Y.M. and Dean, E. and Hui-Chan, C.},
	month = may,
	year = {2010},
	pages = {1193--1201},
}

@article{charles_koeber_outside_2008,
	title = {On the outside teaching in: using internet videoconferencing to instruct an introductory sociology course from a remote location},
	volume = {36},
	url = {https://bit.ly/3dRGALh},
	number = {4},
	journal = {Teaching Sociology},
	author = {Koeber, C. and Wright, D.},
	year = {2008},
	pages = {331--344},
}

@article{ku_effect_2011,
	title = {The {Effect} of {Academic} {Discipline} and {Gender} {Difference} on {Taiwanese} {College} {Students}' {Learning} {Styles} and {Strategies} in {Web}-{Based} {Learning} {Environments}},
	volume = {10},
	url = {https://eric.ed.gov/?id=EJ944991},
	number = {3},
	urldate = {2022-05-31},
	journal = {Turkish Online Journal of Educational Technology - TOJET},
	author = {Ku, D. T. and Chang, C.-S.},
	month = jul,
	year = {2011},
	pages = {265--272},
}

@article{lin_students_2020,
	title = {Students' sense of community and perspective of taking synchronous and asynchronous online courses},
	volume = {15},
	url = {http://www.asianjde.org/ojs/index.php/AsianJDE/article/view/448},
	number = {1},
	journal = {Asian Journal of Distance Education},
	author = {Lin, X. and Gao, L.},
	year = {2020},
	pages = {169--179},
}

@article{maggio_practicas_2020,
	title = {Las prácticas de la enseñanza universitarias en la pandemia: de la conmoción a la mutación},
	volume = {9},
	url = {http://uajournals.com/ojs/index.php/campusvirtuales/article/view/743},
	number = {2},
	urldate = {2022-05-31},
	journal = {Campus Virtuales},
	author = {Maggio, M.},
	month = oct,
	year = {2020},
	pages = {113--122},
}

@article{maggio_ensenar_2021,
	title = {Enseñar en la universidad. {Pandemia}… y después},
	volume = {10},
	url = {https://revistas.unc.edu.ar/index.php/integracionyconocimiento/article/view/34097},
	number = {2},
	urldate = {2022-05-31},
	journal = {Integración y Conocimiento},
	author = {Maggio, M.},
	month = jul,
	year = {2021},
	pages = {203--217},
}

@article{marcelo_aprendizaje_2019,
	title = {Aprendizaje autorregulado de estudiantes universitarios: {Los} usos de las tecnologías digitales},
	volume = {3},
	doi = {10.32541/recie.2019.v3i1.pp62-81},
	number = {1},
	urldate = {2022-05-31},
	journal = {Revista Caribeña de Investigación Educativa (RECIE)},
	author = {Marcelo, C. and Rijo, D.},
	month = jun,
	year = {2019},
	pages = {62--81},
}

@article{martin_examining_2012,
	title = {Examining interactivity in synchronous virtual classrooms},
	volume = {13},
	url = {http://www.irrodl.org/index.php/irrodl/article/view/1174},
	doi = {10.19173/irrodl.v13i3.1174},
	number = {3},
	urldate = {2022-05-31},
	journal = {The International Review of Research in Open and Distributed Learning},
	author = {Martin, F. and Parker, M. A. and Deale, D. F.},
	month = jun,
	year = {2012},
	pages = {228},
}

@phdthesis{martinez_perez_educacion_2020,
	title = {Educación, mercado e innovación. {El} sector privado y las metodologías innovadoras: “flipped classroom”},
	url = {http://e-spacio.uned.es/fez/view/tesisuned:ED-Pg-Educac-Jmartinez},
	urldate = {2022-05-31},
	school = {Universidad Nacional de Educación a Distancia},
	author = {Martínez Pérez, J.},
	year = {2020},
}

@article{mottet_interactive_2000,
	title = {Interactive television instructors' perceptions of students' nonverbal responsiveness and their influence on distance teaching},
	volume = {49},
	url = {http://www.tandfonline.com/doi/abs/10.1080/03634520009379202},
	doi = {10.1080/03634520009379202},
	number = {2},
	urldate = {2022-05-31},
	journal = {Communication Education},
	author = {Mottet, T. P.},
	month = apr,
	year = {2009},
	pages = {146--164},
}

@article{maria_lujan_morfi_u-learning_2011,
	title = {U-learning aprendizaje donde quieras que estés},
	volume = {13},
	journal = {Learning Review},
	author = {Morfi, M. L.},
	year = {2011},
	url = {http://www.fceia.unr.edu.ar/fceia/blog_TE/wp-content/uploads/lr34.pdf},
	urldate = {2022-06-13},
	pages = {30--31},
}

@article{panadero_review_2017,
	title = {A {Review} of {Self}-regulated {Learning}: {Six} {Models} and {Four} {Directions} for {Research}},
	volume = {8},
	url = {http://journal.frontiersin.org/article/10.3389/fpsyg.2017.00422/full},
	doi = {10.3389/fpsyg.2017.00422},
	urldate = {2022-05-31},
	journal = {Frontiers in Psychology},
	author = {Panadero, E.},
	month = apr,
	year = {2017},
	pages = {422},
}

@article{recio_munoz_alisis_2020,
	title = {Análisis de la {Competencia} {Digital} en la {Formación} {Inicial} de estudiantes universitarios: {Un} estudio de meta-análisis en la {Web} of {Science}},
	url = {https://institucional.us.es/revistas/PixelBit/2020/77759.pdf},
	doi = {10.12795/pixelbit.77759},
	number = {59},
	urldate = {2022-05-31},
	journal = {Pixel-Bit, Revista de Medios y Educación},
	author = {Recio Muñoz, F. and Silva Quiroz, J. and Abricot Marchant, N.},
	year = {2020},
	pages = {125--146},
}

@book{european_commission._joint_research_centre._european_2017,
	address = {LU},
	title = {European framework for the digital competence of educators: {DigCompEdu}.},
	url = {https://data.europa.eu/doi/10.2760/159770},
	urldate = {2022-05-31},
	publisher = {Publications Office},
	author = {{European Commission. Joint Research Centre.}},
	year = {2017},
}

@techreport{christine_redecker_european_2017,
	address = {Luxembourg},
	title = {European framework for the digital competence of educators: {DigCompEdu}.},
	url = {https://data.europa.eu/doi/10.2760/159770},
	urldate = {2022-05-31},
	institution = {Publications Office of the European Union},
	author = {Redecker, C.},
	year = {2017},
}

@techreport{reich_whats_2020,
	type = {preprint},
	title = {What's {Lost}, {What}'s {Left}, {What}'s {Next}: {Lessons} {Learned} from the {Lived} {Experiences} of {Teachers} during the 2020 {Novel} {Coronavirus} {Pandemic}},
	shorttitle = {What's {Lost}, {What}'s {Left}, {What}'s {Next}},
	url = {https://osf.io/8exp9},
	urldate = {2022-05-31},
	institution = {EdArXiv},
	author = {Reich, J. and Buttimer, C. J. and Coleman, D. and Colwell, R. D. and Faruqi, F. and Larke, L. R.},
	month = jul,
	year = {2020},
	doi = {10.35542/osf.io/8exp9},
}

@article{rivera_olguin_disrupcion_2021,
	title = {La disrupción de lo presencial a lo virtual. {Percepciones} de los directores de docencia sobre el uso de plataformas digitales en contexto de pandemia en una universidad del norte de {Chile}},
	volume = {14},
	url = {https://revistas.ucu.edu.uy/index.php/paginasdeeducacion/article/view/2607},
	doi = {10.22235/pe.v14i2.2607},
	number = {2},
	urldate = {2022-05-31},
	journal = {Páginas de Educación},
	author = {Rivera Olguin, P. and Sánchez Espinoza, E. and Cortés Díaz, B.},
	month = nov,
	year = {2021},
	pages = {77--95},
}

@article{rodriguez_zidan_b-learning_2019,
	title = {El b-learning en los cursos semipresenciales y presenciales de la formación inicial de profesores de ciencia en {Uruguay}},
	volume = {30},
	url = {https://pcient.uner.edu.ar/index.php/cdyt/article/view/691},
	doi = {10.33255/3059/691},
	number = {59 nov-abr},
	urldate = {2022-05-31},
	journal = {Ciencia, Docencia y Tecnología},
	author = {Rodriguez Zidán, E. and Grilli Silva, J.},
	month = nov,
	year = {2019},
}

@article{rosas_hay_2020,
	title = {¿{Hay} alguien ahí? {Interacciones} pedagógicas con cámaras apagadas en tiempos de pandemia},
	volume = {7},
	shorttitle = {¿{Hay} alguien ahí?},
	url = {https://pedagogiaderecho.uchile.cl/index.php/RPUD/article/view/60556},
	doi = {10.5354/0719-5885.2020.60556},
	number = {2},
	urldate = {2022-05-31},
	journal = {Revista Pedagogía Universitaria y Didáctica del  Derecho},
	author = {Elgueta Rosas, M. F.},
	month = dec,
	year = {2020},
	pages = {1},
}

@article{rosen_fostering_2020,
	title = {Fostering collaborative problem solving skills in science: {The} {Animalia} project},
	volume = {104},
	shorttitle = {Fostering collaborative problem solving skills in science},
	url = {https://linkinghub.elsevier.com/retrieve/pii/S0747563219300706},
	doi = {10.1016/j.chb.2019.02.018},
	language = {en},
	urldate = {2022-05-31},
	journal = {Computers in Human Behavior},
	author = {Rosen, Y. and Wolf, I. and Stoeffler, K.},
	month = mar,
	year = {2020},
	pages = {105922},
}

@book{ruiperez_educacion_2003,
	address = {Madrid},
	title = {Educación virtual y {eLearning}},
	publisher = {Fundación Auna},
	author = {Ruipérez, G.},
	year = {2003},
}

@article{sabulsky_analiticas_2019,
	title = {Analíticas de {Aprendizaje} para mejorar el aprendizaje y la comunicación a través de entornos virtuales},
	volume = {80},
	url = {https://rieoei.org/RIE/article/view/3340},
	doi = {10.35362/rie8013340},
	number = {1},
	urldate = {2022-05-31},
	journal = {Revista Iberoamericana de Educación},
	author = {Sabulsky, G.},
	month = may,
	year = {2019},
	pages = {13--30},
}

@book{sangra_decalogo_2020,
	address = {Barcelona},
	edition = {1ª edição},
	title = {Decálogo para la mejora de la docencia online: {Propuestas} para educar en contextos presenciales discontinuo: 686},
	publisher = {Editorial UOC, S.L.},
	author = {Morer, A. S. and Garganté, A. B. and Lanzo, N. C. and Roca, A. E. and Ferrer, M. F. and Ortiz, L. G. and Pascual, T. G. and Catasús, M. G. and Maina, M. F. and Raffaghelli, J. E. and Carbonell, M. R. and Fontanillas, T. R.},
	year = {2020},
}

@article{satar_multimodal_2013,
	title = {Multimodal language learner interactions via desktop videoconferencing within a framework of social presence: {Gaze}},
	volume = {25},
	url = {https://www.cambridge.org/core/product/identifier/S0958344012000286/type/journal_article},
	doi = {10.1017/S0958344012000286},
	number = {1},
	urldate = {2022-05-31},
	journal = {ReCALL},
	author = {Satar, H. M.},
	month = jan,
	year = {2013},
	pages = {122--142},
}

@incollection{sharples_theory_2010,
	address = {Wiesbaden},
	title = {A {Theory} of {Learning} for the {Mobile} {Age}},
	url = {https://doi.org/10.1007/978-3-531-92133-4_6},
	urldate = {2022-05-31},
	booktitle = {Medienbildung in neuen {Kulturräumen}: {Die} deutschprachige und britische {Diskussion}},
	publisher = {VS Verlag für Sozialwissenschaften},
	author = {Sharples, Mike and Taylor, Josie and Vavoula, Giasemi},
	editor = {Bachmair, B.},
	year = {2010},
	doi = {10.1007/978-3-531-92133-4_6},
	pages = {87--99},
}

@article{singh_how_2019,
	title = {How {Many} {Ways} {Can} {We} {Define} {Online} {Learning}? {A} {Systematic} {Literature} {Review} of {Definitions} of {Online} {Learning} (1988-2018)},
	volume = {33},
	url = {https://www.tandfonline.com/doi/full/10.1080/08923647.2019.1663082},
	doi = {10.1080/08923647.2019.1663082},
	number = {4},
	urldate = {2022-05-31},
	journal = {American Journal of Distance Education},
	author = {Singh, V. and Thurman, A.},
	month = oct,
	year = {2019},
	pages = {289--306},
}

@book{nick_srniceck_capitalismo_2018,
	address = {Buenos Aires},
	edition = {1},
	title = {El capitalismo de las plataformas},
	publisher = {Reimp},
	author = {Srniceck, N.},
	year = {2018},
}

@phdthesis{megha_tollefson_study_2016,
	type = {Doctoral},
	title = {A study of the relationship between participation in synchronous learning activities and learner satisfaction with online courses at a public university},
	school = {Capella University},
	author = {Tollefson, M.},
	year = {2016},
}

@article{torres-diaz_integracion_2013,
	title = {Integración de redes sociales y entornos virtuales de aprendizaje},
	url = {https://revistas.um.es/red/article/view/233651},
	number = {35},
	urldate = {2022-05-31},
	journal = {Revista de Educación a Distancia (RED)},
	author = {Torres-Diaz, J. C. and Jara, D. I. and Valdiviezo, V.},
	year = {2013},
}

@article{van_alten_self-regulated_2020,
	title = {Self-regulated learning support in flipped learning videos enhances learning outcomes},
	volume = {158},
	url = {https://linkinghub.elsevier.com/retrieve/pii/S0360131520301986},
	doi = {10.1016/j.compedu.2020.104000},
	urldate = {2022-05-31},
	journal = {Computers \& Education},
	author = {van Alten, D. C.D. and Phielix, C. and Janssen, J. and Kester, L.},
	month = dec,
	year = {2020},
	pages = {104000},
}

@article{wang_students_2013,
	title = {Students’ characteristics, self-regulated learning, technology self-efficacy, and course outcomes in online learning},
	volume = {34},
	url = {http://www.tandfonline.com/doi/abs/10.1080/01587919.2013.835779},
	doi = {10.1080/01587919.2013.835779},
	number = {3},
	urldate = {2022-05-31},
	journal = {Distance Education},
	author = {Wang, C. H. and Shannon, D. M. and Ross, M. E.},
	month = nov,
	year = {2013},
	pages = {302--323},
}

@article{zimmerman_investigating_2008,
	title = {Investigating {Self}-{Regulation} and {Motivation}: {Historical} {Background}, {Methodological} {Developments}, and {Future} {Prospects}},
	volume = {45},
	url = {http://journals.sagepub.com/doi/10.3102/0002831207312909},
	doi = {10.3102/0002831207312909},
	number = {1},
	urldate = {2022-05-31},
	journal = {American Educational Research Journal},
	author = {Zimmerman, B. J.},
	month = mar,
	year = {2008},
	pages = {166--183},
}
