@incollection{almeida_uma_1995,
    title         = {Uma metodologia específica para o ensino de línguas próximas?},
    author        = {Almeida, José Carlos},
    year          = {1995},
    booktitle     = {Português para estrangeiros interface com o español},
    publisher     = {Pontes},
    address       = {Campinas},
    pages         = {13--21},
    editor        = {Almeida, José Carlos Paes},
}

@article{andrade_neta_aprender_2000,
    title         = {Aprender español es fácil porque hablo portugués},
    author        = {Andrade Neta, Nair Floresta},
    year          = {2000},
    journal       = {Cuadernos Cervantes de la lengua española},
    volume        = {6},
    number        = {29},
    pages         = {46--56},
    issn          = {1134-9468},
    url           = {https://dialnet.unirioja.es/servlet/articulo?codigo=187136},
    urldate       = {2024-09-27},
}

@book{brown_principles_2000,
    title         = {Principles of {Language} {Learning} and {Teaching}},
    author        = {Brown, H. Dougla},
    year          = {2000},
    publisher     = {Longman},
    address       = {New York},
}

@misc{consejo_de_europa_marco_2001,
    title         = {Marco común europeo de referencia para las lenguas: aprendizaje, enseñanza, evaluación.},
    author        = {{Consejo de Europa}},
    year          = {2001},
    url           = {https://cvc.cervantes.es/ensenanza/biblioteca_ele/marco/},
    urldate       = {2024-09-27},
    copyright     = {Instituto Cervantes, 2002, 2010},
    note          = {publisher: MECD-Anaya},
}

@article{dominguez_vazquez_en_2001,
    title         = {En torno al concepto de interferencia},
    author        = {Domínguez Vázquez, María José},
    year          = {2001},
    journal       = {Círculo de lingüística aplicada a la comunicación},
    number        = {5},
    pages         = {1},
    issn          = {1576-4737},
    url           = {https://dialnet.unirioja.es/servlet/articulo?codigo=275828},
    urldate       = {2024-09-27},
}

@incollection{alvite_importancia_2004,
    title         = {Importancia de los conocimientos previos en el aprendizaje de e/le},
    author        = {Alvite, Claudia},
    year          = {2004},
    booktitle     = {Actas del {I} {Simposio} de {Didáctica} del {Español} para {Extranjeros}},
    publisher     = {Instituto Cervantes},
    address       = {Madrid},
    pages         = {127--138},
    editor        = {Benítez, Pedro and Romero, Raquel},
}

@book{cea_dancona_metodos_2004,
    title         = {Métodos de encuesta: teoría y práctica, errores y mejora},
    author        = {Cea D’Ancona, María Ángeles},
    year          = {2004},
    publisher     = {Síntesis},
    address       = {Madrid},
}

@article{odorico_marco_2004,
    title         = {Marco teórico para una robótica pedagógica},
    author        = {Odorico, Arnaldo},
    year          = {2004},
    journal       = {Revista de Informática Educativa y Medios Audiovisuales},
    volume        = {1},
    number        = {3},
    pages         = {34--46},
}

@book{torijano_errores_2004,
    title         = {Errores de aprendizaje, aprendizaje de errores},
    author        = {Torijano, José Agustín},
    year          = {2004},
    publisher     = {Arco Libros},
    address       = {Madrid},
}

@misc{instituto_cervantes_plan_2006,
    title         = {Plan curricular del {Instituto} {Cervantes}. {Niveles} de referencia para el españoll.},
    author        = {{Instituto Cervantes}},
    year          = {2006},
    url           = {https://cvc.cervantes.es/ensenanza/biblioteca_ele/plan_curricular/},
    urldate       = {2024-09-27},
    copyright     = {Instituto Cervantes, 2011},
    note          = {publisher: Instituto Cervantes-Biblioteca nueva},
}

@book{palomo_tic_2006,
    title         = {Las {TIC} como agentes de innovación educativa},
    author        = {Palomo, Rafel and Ruiz, Julio and Sánchez, José},
    year          = {2006},
    publisher     = {Junta de Andalucía},
    address       = {Sevilla},
}

@misc{orr_assisted_2007,
    title         = {Assisted {Reading} {Software} â€“ {Teachers} {Tell} {It} {Like} {It} {Is}},
    author        = {Orr, Ann and Parks, Loreena},
    year          = {2007},
    month         = aug,
    journal       = {TechLearningMagazine},
    url           = {https://www.techlearning.com/news/assisted-reading-software-teachers-tell-it-like-it-is},
    urldate       = {2024-09-27},
}

@inproceedings{perez_ensenanza_2007,
    title         = {La enseñanza del español a lusohablantes portugueses: ventajas e inconvenientes},
    author        = {Pérez, Noemí},
    year          = {2007},
    booktitle     = {Actas del {XLII} {Congreso} de la fundación de la {Asociación} {Europea} de {Profesores} de {Español}},
    publisher     = {Asociación Europea de Profesores de Español},
    address       = {Madrid},
    pages         = {27--35},
    editor        = {Saz, Sara M.},
}

@misc{centro_virtual_cervantes_falso_2008,
    title         = {Falso principiante},
    author        = {{Centro Virtual Cervantes}},
    year          = {2008},
    journal       = {Diccionario de términos clave de enseñanza de español como lengua extranjera},
    url           = {https://cvc.cervantes.es/ensenanza/biblioteca_ele/diccio_ele/diccionario/falsoprincipiante.htm},
    urldate       = {2024-09-27},
    copyright     = {Instituto Cervantes, 2009},
    language      = {es},
}

@inproceedings{capilla_o_2009,
    title         = {O efeito da língua materna na aquisição de línguas próximas},
    author        = {Capilla, María Carolina Calvo},
    year          = {2009},
    booktitle     = {{XII} {Congresso} {Internacional} de {Humanidades}},
    publisher     = {Universidade de Brasília},
    address       = {Brasília},
    url           = {https://unb.revistaintercambio.net.br/24h/pessoa/temp/anexo/1/299/246.pdf},
    urldate       = {2024-03-14},
}

@article{espinosa_creencias_2009,
    title         = {Las creencias de aprendizaje de principiantes brasileños sobre la escritura en la adquisición del {E}/{LE}},
    author        = {Espinosa, Idelso},
    year          = {2009},
    journal       = {Revista Nebrija de Lingüística Aplicada},
    number        = {6},
    url           = {https://revistas.nebrija.com/revista-linguistica/article/view/121/95},
    urldate       = {2024-03-14},
}

@article{liou_training_2009,
    title         = {Training effects on computer-mediated peer review},
    author        = {Liou, Hsien-Chin and Peng, Zhong-Yan},
    year          = {2009},
    month         = sep,
    journal       = {System},
    volume        = {37},
    number        = {3},
    pages         = {514--525},
    doi           = {10.1016/j.system.2009.01.005},
    issn          = {0346-251x},
    url           = {https://www.sciencedirect.com/science/article/pii/S0346251X09000645},
    urldate       = {2024-09-27},
    keywords      = {Weblog, Computer-mediated peer review, Peer review training, Peer comments, Revision quality},
}

@article{lozano_tic_2011,
    title         = {De las {TIC} a las {TAC}: tecnologí­as del aprendizaje y el conocimiento},
    shorttitle    = {De las {TIC} a las {TAC}},
    author        = {Lozano, Roser},
    year          = {2011},
    month         = oct,
    journal       = {Anuario ThinkEPI},
    volume        = {5},
    pages         = {45--47},
    issn          = {2564-8837},
    url           = {https://thinkepi.scimagoepi.com/index.php/ThinkEPI/article/view/30465},
    urldate       = {2024-09-27},
    copyright     = {Derechos de autor},
    keywords      = {Aprendizaje, Formación, Educación, Enseñanza, Colaboración, Profesionales, Bibliotecas, Bibliotecarios, Documentalistas.},
}

@phdthesis{baerlocher_rocha_errores_2013,
    title         = {Los errores léxicos en textos escritos en español por alumnos universitarios brasileños en formación como profesores de {Español} {Lengua} {Extranjera}},
    author        = {Baerlocher Rocha, Cynthia},
    year          = {2013},
    month         = jun,
    address       = {Barcelona},
    url           = {https://diposit.ub.edu/dspace/handle/2445/45804},
    urldate       = {2024-09-27},
    copyright     = {(c) Baerlocher, 2013},
    type          = {Tesis doctoral},
    school        = {Universitat de Barcelona},
}

@article{marques_graells_impacto_2013,
    title         = {Impacto de las {Tic} en la educación: {Funciones} y limitaciones},
    shorttitle    = {Impacto de las {Tic} en la educación},
    author        = {Marquès Graells, Pere Ramon},
    year          = {2013},
    journal       = {3 c TIC: cuadernos de desarrollo aplicados a las TIC},
    volume        = {2},
    number        = {1},
    pages         = {2},
    issn          = {2254-6529},
    url           = {https://dialnet.unirioja.es/servlet/articulo?codigo=4817326},
    urldate       = {2024-09-27},
}

@incollection{pim_emerging_2013,
    title         = {Emerging technologies, emerging minds: digital innovations within the primary sector},
    author        = {Pim, Chris},
    year          = {2013},
    booktitle     = {Innovations in learning technologies for {English} language teaching},
    publisher     = {British Council},
    address       = {Londres},
    pages         = {15--42},
    editor        = {Motteram, Gary},
}

@book{vazquez-cano_nuevas_2014,
    title         = {Nuevas tendencias para la elaboración y edición de materiales audiovisuales en la enseñanza de lenguas},
    author        = {Vázquez-Cano, Esteban and Martín-Monje, Elena},
    year          = {2014},
    publisher     = {McGraw-Hill},
    address       = {Madrid},
}

@book{unesco_competencias_2016,
    title         = {Competencias y estándares {TIC} desde la {Dimensión} {Pedagógica}: {Una} perspectiva desde los niveles de apropiación de las {TIC} en la práctica educativa docente},
    author        = {{Unesco}},
    year          = {2016},
    publisher     = {Pontificia Universidad Javeriana},
    address       = {Cali},
}

@article{budhwar_role_2017,
    title         = {The role of technology in education},
    author        = {Budhwar, Kanika},
    year          = {2017},
    journal       = {International Journal of Engineering Applied Sciences and Technology},
    volume        = {2},
    number        = {8},
    pages         = {55--57},
    url           = {https://bit.ly/35n4Gbk},
    urldate       = {2024-03-14},
}

@book{instituto_nacional_de_tecnologias_y_de_formacion_del_profesorado_instituto_2017,
    title         = {Instituto {Nacional} de {Tecnologías} y de {Formación} del {Profesorado}},
    author        = {{Instituto Nacional de Tecnologías y de Formación del Profesorado}},
    year          = {2017},
    publisher     = {Ministerio de Educación, Cultura y Deportes},
    address       = {Madrid},
}

@article{aires_influencia_2018,
    title         = {A influência da língua materna para a aprendizagem de língua estrangeira: ideologias linguísticas sobre o contato de línguas},
    shorttitle    = {A influência da língua materna para a aprendizagem de língua estrangeira},
    author        = {Aires, Débora Medeiros da Rosa and Mozzillo, Isabella},
    year          = {2018},
    month         = dec,
    journal       = {ScientiaTec},
    volume        = {5},
    number        = {2},
    pages         = {206--220},
    doi           = {10.35819/scientiatec.v5i2.3257},
    issn          = {2318-9584},
    url           = {https://periodicos.ifrs.edu.br/index.php/ScientiaTec/article/view/3257},
    urldate       = {2024-09-27},
    keywords      = {ScientiaTec, scientia tec, inovacao, inovação, tecnologia, IFRS, Pesquisa},
}

@article{blazquez_propuesta_2018,
    title         = {Propuesta metodológica para la mejora del aprendizaje de los alumnos a través de la utilización de las impresoras {3D} como recurso educativo en el aprendizaje basado en proyectos},
    author        = {Blázquez, Pedro Jesús and Orcos, Lara and Mainz, Jorge and Sáez, David},
    year          = {2018},
    month         = may,
    journal       = {Psicología, Conocimiento y Sociedad},
    doi           = {10.26864/PCS.v8.n1.8},
    issn          = {16887026},
    url           = {https://revista.psico.edu.uy/index.php/revpsicologia/article/view/419/354},
    urldate       = {2024-09-27},
}

@article{ok_digital_2019,
    title         = {Digital {Tools} for the {Inclusive} {Classroom}: {Google} {Chrome} as {Assistive} and {Instructional} {Technology}},
    shorttitle    = {Digital {Tools} for the {Inclusive} {Classroom}},
    author        = {Ok, Min Wook and Rao, Kavita},
    year          = {2019},
    month         = sep,
    journal       = {Journal of Special Education Technology},
    volume        = {34},
    number        = {3},
    pages         = {204--211},
    doi           = {10.1177/0162643419841546},
    issn          = {0162-6434, 2381-3121},
    url           = {http://journals.sagepub.com/doi/10.1177/0162643419841546},
    urldate       = {2024-09-27},
}

@incollection{Scaradozzi_2019,
    title         = {Towards a {Definition} of {Educational} {Robotics}: {A} {Classification} of {Tools}, {Experiences} and {Assessments}},
    author        = {Scaradozzi, David and Screpanti, Laura and Cesaretti, Lorenzo},
    year          = {2019},
    booktitle     = {Smart {Learning} with {Educational} {Robotics}},
    publisher     = {Springer International Publishing},
    address       = {Cham},
    pages         = {63--92},
    doi           = {10.1007/978-3-030-19913-5_3},
    isbn          = {9783030199128},
    url           = {https://link.springer.com/10.1007/978-3-030-19913-5_3},
    urldate       = {2024-09-27},
    editor        = {Daniela, Linda},
}

@book{Soares_2019,
    title         = {Lengua, {Sociedad} e {Interculturalidad}: en la enseñanza/aprendizaje de {Portugués} y {Español}},
    author        = {Soares, Francisca Paula Maia and Causse, Mercedes Cathcart},
    year          = {2019},
    month         = aug,
    publisher     = {Edunila},
    address       = {Foz do Iguaçu},
    url           = {https://portal.unila.edu.br/editora/livros/e-books/lengua_sociedad_interculturalidad.pdf},
    urldate       = {2024-07-16},
}

@article{buchener_alise_2019,
    title         = {Análise de atividades acerca do ensino da pronúncia em livros didáticos},
    author        = {Buchener, Lais Karina and Costa, Luciane Trennephol da},
    year          = {2019},
    month         = may,
    journal       = {Revista Interfaces},
    volume        = {10},
    number        = {01},
    pages         = {162--177},
    issn          = {2179-0027},
    url           = {https://revistas.unicentro.br/index.php/revista_interfaces/article/view/5839},
    urldate       = {2024-09-30},
    copyright     = {Direitos autorais 2019 Revista Interfaces},
    keywords      = {consciência oral, aspectos fonético-fonológicos, ensino de língua inglesa, material didático.},
}

@book{departamento_de_educacion_de_la_comunidad_autonoma_del_pais_vasco_propuestas_2020,
    title         = {Propuestas inclusivas para la intervención con el alumnado con necesidades específicas de apoyo educativo ({NEAE})},
    author        = {{Departamento de Educación de La Comunidad Autónoma del País Vasco}},
    year          = {2020},
    publisher     = {Servicio Central de Publicaciones del Gobierno Vasco},
    address       = {Vitoria-Gasteiz},
}

@article{garcia_tecnologias_2020,
    title         = {Las tecnologías del aprendizaje y la comunicación ({TAC}) en el marco de la profesionalización docente {UNAE}-{Morona} {Santiago}},
    author        = {García, Walter and Jaramillo, Nidia},
    year          = {2020},
    month         = apr,
    journal       = {Revista Tecnológica-Educativa Docentes 2.0},
    volume        = {9},
    number        = {1},
    pages         = {12--16},
    doi           = {10.37843/rted.v9i1.93},
    issn          = {2665-0266},
    url           = {https://ojs.docentes20.com/index.php/revista-docentes20/article/view/93},
    urldate       = {2024-09-27},
    copyright     = {https://creativecommons.org/licenses/by-nc-nd/4.0},
}

@incollection{Blikstein_2021,
    title         = {If {We} {Could} {Start} from {Scratch}, {What} {Would} {Schools} {Look} like in the {Twenty}-{First} {Century}? {Rethinking} {Schools} as a {Locus} for {Social} {Change}},
    shorttitle    = {If {We} {Could} {Start} from {Scratch}, {What} {Would} {Schools} {Look} like in the {Twenty}-{First} {Century}?},
    author        = {Blikstein, Paulo},
    year          = {2021},
    booktitle     = {Makers at {School}, {Educational} {Robotics} and {Innovative} {Learning} {Environments}},
    publisher     = {Springer International Publishing},
    address       = {Cham},
    volume        = {240},
    pages         = {41--49},
    doi           = {10.1007/978-3-030-77040-2_6},
    isbn          = {9783030770396},
    url           = {https://link.springer.com/10.1007/978-3-030-77040-2_6},
    urldate       = {2024-09-27},
    editor        = {Scaradozzi, David and Guasti, Lorenzo and Di Stasio, Margherita and Miotti, Beatrice and Monteriù, Andrea and Blikstein, Paulo},
}

@article{ribeiro_enfoque_2021,
    title         = {El enfoque de la pronunciación en libros didácticos de español como lengua extranjera en {Brasil}},
    author        = {Ribeiro, Amanda and Da Cruz, Bianca Valentina and Moraes, Kellen Benites De Oliveira and Brisolara, Luciene Bassols},
    year          = {2021},
    month         = sep,
    journal       = {Revista X},
    volume        = {16},
    number        = {5},
    pages         = {1324},
    doi           = {10.5380/rvx.v16i5.81104},
    issn          = {1980-0614, 1980-0614},
    url           = {https://revistas.ufpr.br/revistax/article/view/81104},
    urldate       = {2024-09-27},
}

@article{stinga_fortaleciendo_2021,
    title         = {Fortaleciendo la expresión escrita de los estudiantes universitarios rumanos a través de {Padlet}: algunas propuestas didácticas},
    shorttitle    = {Fortaleciendo la expresión escrita de los estudiantes universitarios rumanos a través de {Padlet}},
    author        = {Stîngă, Paula Andreea},
    year          = {2021},
    journal       = {Colindancias},
    number        = {12},
    issn          = {2393-056x},
    url           = {http://colindancias.uvt.ro/index.php/dj/article/view/319},
    urldate       = {2024-09-28},
    copyright     = {Derechos de autor 2023},
}

@article{cardoso_interferencias_2022,
    title         = {Interferencias de lengua materna en producciones escritas de adultos brasileños aprendientes de {ELE}. {Análisis} de la estructuración léxica y ortográfica},
    author        = {Cardoso, Ana Luisa and Zambra, Cristina},
    year          = {2022},
    journal       = {Revista Nebrija de Lingüística Aplicada a La Enseñanza de Lenguas},
    volume        = {16},
    number        = {33},
    pages         = {84--98},
    url           = {https://revistas.nebrija.com/revista-linguistica/article/view/497},
    urldate       = {2024-09-27},
}

@phdthesis{conceicao_as_2022,
    title         = {As ferramentas educacionais digitais: {Canva}, {Google} {Forms} e {Padlet} como recurso de ensino e de aprendizagem},
    author        = {Conceição, Neandro Costa},
    year          = {2022},
    address       = {Santa Leopoldina},
    url           = {https://repositorio.ifes.edu.br/handle/123456789/2895},
    urldate       = {2024-07-16},
    type          = {Tesis de maestría},
    school        = {Instituto Federal do Espírito Santo},
}

@phdthesis{pimbo_tiban_tecnologias_2022,
    title         = {Tecnologías del aprendizaje y el conocimiento en el {Aprendizaje} de números enteros en el octavo año de {Educación} {General} {Básica}},
    author        = {Pimbo Tibán, Ana Gabriel},
    year          = {2022},
    month         = may,
    address       = {Ambato},
    url           = {https://repositorio.uta.edu.ec:8443/jspui/handle/123456789/35367},
    urldate       = {2024-09-27},
    copyright     = {openAccess},
    type          = {Tesis de {Maestría}},
    school        = {Universidad Técnica de Ambato - Facultad de Ciencias Humanas y de la Educación - Maestría en enseñanza de la matemática},
}

@misc{servio_padlet:_2022,
    title         = {Padlet: {O} que é, como funciona e como usar},
    author        = {Sérvio, Gabriel},
    year          = {2022},
    journal       = {Olhar Digital},
    url           = {https://olhardigital.com.br/2022/01/14/tira-duvidas/padlet-o-que-e-como-funciona-e-como-usar/},
    urldate       = {2024-09-27},
}

@article{fernandez-vazquez_muda_2023,
    title         = {Muda lingüística hacia el gallego. {Influencia} del profesorado en su alumnado de los grados en {Educación} {Infantil} y {Educación} {Primaria}},
    author        = {Fernández-Vázquez, Mar and Vázquez Rodríguez, Sara},
    year          = {2023},
    journal       = {Didáctica. Lengua y literatura},
    number        = {35},
    pages         = {77--91},
    issn          = {1988-2548, 1130-0531},
    url           = {https://dialnet.unirioja.es/servlet/articulo?codigo=8946987},
    urldate       = {2024-09-27},
}

@article{gonzalez_enfoque_2023,
    title         = {Enfoque sociocultural del aprendizaje colaborativo con recursos digitales: un estudio de caso de la lengua española utilizando teletándem y {Padlet}},
    author        = {González, Silvia Lidia},
    year          = {2023},
    month         = mar,
    journal       = {The Journal of Kanda University of International Studies},
    number        = {35},
    pages         = {387--412},
    issn          = {0917-5989},
    url           = {https://kuis.repo.nii.ac.jp/records/1997},
    urldate       = {2024-09-27},
}

@incollection{estevez_rionegro_tecnologias_2024,
    title         = {Tecnologías del aprendizaje y el conocimiento para el desarrollo de competencias comunicativas orales y escritas},
    author        = {Estévez Rionegro, Noelia},
    year          = {2024},
    booktitle     = {Tejiendo palabras: explorando la lengua, la lingüística y el proceso de traducción en la era de la inteligencia artificial, 2024, {ISBN} 978-84-1170-923-1, págs. 76-90},
    publisher     = {Dykinson},
    address       = {Madrid},
    pages         = {76--90},
    isbn          = {9788411709231},
    editor        = {Flores, Salud Adelaida and Nisa, Javier Antonio and Ould, Omar Salem},
}
