@incollection{antunes2003,
	address = {São Paulo, SP},
	series = {Série {Aula}},
	title = {Assumindo a dimensão interacional da linguagem},
	number = {1},
	booktitle = {Aula de português: encontro \& interação},
	publisher = {Parábola},
	author = {Antunes, Irandé},
	year = {2003},
	pages = {39-105},
}
@article{bottentuitjunior2013,
	title = {Portais educacionais e suas características: contribuições para o estado da arte},
	volume = {3},
	doi = {10.15628/holos.2013.950},
	journal = {HOLOS},
	author = {Bottentuit Junior, João Batista},
	month = aug,
	year = {2013},
	pages = {111-129},
}
@phdthesis{ferrari2017,
	address = {Santa Maria, RS},
	type = {Dissertação ({Mestrado} em {Tecnologias} {Educacionais} em {Rede})},
	title = {Recursos tecnológicos: contribuições na formação continuada de professores},
	school = {Programa de Pós-Graduação em Tecnologias Educacionais em Rede, Área de concentração em Tecnologias Educacionais em Rede para Inovação e Democratização da Educação, UFSM},
	author = {Ferrari, Mauára Fréo},
	year = {2017},
}
@book{fiorin2018,
	address = {São Paulo},
	edition = {1. Ed. 4ª. Reimpressão},
	title = {Argumentação},
	publisher = {Contexto},
	author = {Fiorin, José Luiz},
	year = {2018},
}
@article{garantizadojunior2016,
	title = {A mediação pedagógica no gênero chat educacional numa disciplina da {UNILAB}-{CE}},
	volume = {31},
	doi = {10.5020/23180714.2016.31.2.548-562},
	number = {2},
	journal = {Revista de Humanidades},
	author = {Garantizado Júnior, José Olavo Da Silva},
	month = dec,
	year = {2016},
	pages = {548-562},
}
@phdthesis{garantizadojunior2015,
	address = {Fortaleza},
	type = {Tese ({Doutorado})},
	title = {Estudo da argumentação sob uma perspectiva textual e retórica},
	school = {Programa de Pós-graduação em Linguística, Departamento de Letras Vernáculas, Universidade Federal do Ceará},
	author = {Garantizado Júnior, José Olavo da Silva},
	year = {2015},
}
@phdthesis{goncalves2002,
	address = {Porto},
	type = {Dissertação de {Mestrado} em {Tecnologia} {Multimídia}},
	title = {Desenvolvimento de {Sistemas} de {Informação} para {Web}: um portal para as escolas do 1º ciclo e os jardins-de-infância},
	school = {Faculdade de Engenharia, Universidade de Porto},
	author = {Gonçalves, V. M. B.},
	year = {2002},
}
@phdthesis{iahn2001,
	address = {Florianópolis},
	type = {Dissertação ({Mestrado} em {Engenharia} de {Produção})},
	title = {Portais {Educacionais}: {Uma} análise do seu papel para a educação virtual},
	school = {Programa de Pós-graduação em Engenharia de Produção, UFSC},
	author = {Iahn, Luciene Ferreira},
	year = {2001},
}
@misc{inep2019,
	title = {A {Redação} no {ENEM} 2019: {Cartilha} do {Participante}},
	publisher = {Instituto Nacional de Estudos e Pesquisas Educacionais Anísio Teixeira},
	author = {{INEP}},
	year = {2019},
}
@incollection{machado2013,
	address = {Porto Alegre},
	title = {Domínio tecnológico: saberes e fazeres},
	booktitle = {Competências em educação a distância},
	publisher = {Penso},
	author = {Machado, L. R. and Longhi, M. T. and Behar, P. A.},
	collaborator = {Behar, Patricia Alejandra},
	year = {2013},
}
@article{meirelles2017,
	title = {Tecnologia e {Competências} {Tecnológicas} em {Educação} a {Distancia}: {Um} {Estudo} {Exploratório}},
	volume = {9},
	url = {https://future.emnuvens.com.br/FSRJ/article/view/302},
	doi = {10.24023/FutureJournal/2175-5825/2017.v9i2.302},
	number = {2},
	urldate = {2021-09-20},
	journal = {Future Studies Research Journal: Trends and Strategies},
	author = {Meirelles, Dimária Silva and Aguero Diaz Leon, Felix Hugo and Santos, Luciano Augusto Pereira dos and Francisco, Rachel Neves Dias},
	month = aug,
	year = {2017},
	pages = {140-166},
}
@phdthesis{menezess2011,
	address = {Fortaleza},
	type = {Tese ({Doutorado})},
	title = {Expressões linguísticas modalizadoras deônticas em função argumentativa: um exercício de análise retórico-funcional},
	school = {Programa de Pós-graduação em Linguística, Departamento de Letras Vernáculas, Universidade Federal do Ceará },
	author = {Menezess, Léia Cruz de},
	year = {2011},
}
@book{perelman1996,
	address = {São Paulo},
	title = {Tratado da argumentação: a nova retórica},
	publisher = {Martins Fontes},
	author = {Perelman, Chaïm and Tyteca, Lucie O.},
	translator = {{Maria Ermantina de Almeida Prado Galvão}},
	year = {1996},
}