@article{Pavlik2000,
    title         = {The impact of technology on journalism},
    author        = {Pavlik, John},
    year          = {2000},
    journal       = {Journalism Studies},
    volume        = {1},
    number        = {2},
    pages         = {229--237},
    doi           = {10.1080/14616700050028226},
}

@article{Boczkowski2004,
    title         = {The mutual shaping of technology and society in videotex newspapers: Beyond the diffusion and social shaping perspectives},
    author        = {Boczkowski, Pablo and Peer, Limor},
    year          = {2004},
    journal       = {Information Society},
    volume        = {20},
    number        = {4},
    pages         = {255--267},
    doi           = {10.1080/01972240490480947},
}

@incollection{Duarte2005,
    title         = {Entrevista em profundidade},
    author        = {Duarte, Jorge},
    year          = {2005},
    booktitle     = {Métodos e técnicas de pesquisa em comunicação},
    publisher     = {Atlas},
    address       = {São Paulo, Brazil},
    pages         = {62--83},
    editor        = {Duarte, Jorge and Barros, Anabela},
}

@article{Francis2005,
    title         = {Targeting innovation and implications for capability development},
    author        = {Francis, Dave and Bessant, John},
    year          = {2005},
    journal       = {Technovation},
    volume        = {25},
    number        = {3},
    pages         = {171--183},
    doi           = {10.1016/j.technovation.2004.03.004},
}

@article{bauer2008social,
    title         = {Social representations theory: A progressive research programme for social psychology},
    author        = {Bauer, Martin W. and Gaskell, George},
    year          = {2008},
    journal       = {Journal for the Theory of Social Behaviour},
    volume        = {38},
    number        = {4},
    pages         = {335--353},
    doi           = {10.1111/j.1468-5914.2008.00374.x},
}

@book{Meyer2009,
    title         = {The Vanishing Newspaper: Saving Journalism in the Information Age},
    author        = {Meyer, Philip},
    year          = {2009},
    publisher     = {University of Missouri Press},
    address       = {Columbia},
    edition       = {2},
}

@book{Stake2009,
    title         = {A Arte da Investigação com Estudos de Caso},
    author        = {Stake, Robert E.},
    year          = {2009},
    publisher     = {Fundação Calouste Gulbenkian},
    address       = {Lisboa},
}

@article{DeMateo2010,
    title         = {Crisis, what crisis? The media: business and journalism in times of crisis},
    author        = {De Mateo, Rosário and Bergés, Laura and Garnatxe, Anna},
    year          = {2010},
    journal       = {tripleC},
    volume        = {8},
    number        = {2},
    pages         = {251--274},
    doi           = {10.31269/triplec.v8i2.212},
}

@article{Ornebring2010,
    title         = {Technology and Journalism-as-Labour: Historical Perspectives},
    author        = {Örnebring, Henrik},
    year          = {2010},
    journal       = {Journalism},
    volume        = {11},
    number        = {1},
    pages         = {57--74},
    doi           = {10.1177/1464884909350644},
}

@article{Peters2010,
    title         = {The future of journalism and challenges for media development},
    author        = {Peters, Bettina},
    year          = {2010},
    journal       = {Journalism Practice},
    volume        = {4},
    number        = {3},
    pages         = {268--273},
    doi           = {10.1080/17512781003760535},
}

@article{Weiss2010,
    title         = {Innovation Processes in Online Newsrooms as Actor-Networks and Communities of Practice},
    author        = {Weiss, Amy Schmitz and Domingo, David},
    year          = {2010},
    journal       = {New Media and Society},
    volume        = {12},
    number        = {7},
    pages         = {1156--1171},
    doi           = {10.1177/1461444809360400},
}

@article{Steensen2011,
    title         = {Online Journalism and the Promises of New Technology: A Critical Review and Look Ahead},
    author        = {Steensen, Steen},
    year          = {2011},
    journal       = {Journalism Studies},
    volume        = {12},
    number        = {3},
    pages         = {311--327},
    doi           = {10.1080/1461670x.2010.501151},
}

@incollection{Dogruel2013,
    title         = {Opening the Black Box: The conceptualising of media Innovation},
    author        = {Dogruel, Leyla},
    year          = {2013},
    booktitle     = {Media Innovations. A Multidisciplinary Study of Change},
    publisher     = {Nordicom},
    address       = {Gothenburg, Sweden},
    pages         = {29--43},
    editor        = {Storsul, Tanja and Krumsvik, Arne},
}

@article{pavlik2013innovation,
    title         = {Innovation and the Future of Journalism},
    author        = {Pavlik, John V.},
    year          = {2013},
    journal       = {Digital Journalism},
    volume        = {1},
    number        = {2},
    pages         = {181--193},
    doi           = {10.1080/21670811.2012.756666},
}

@book{Tengarrinha2013,
    title         = {Nova História da Imprensa: Das Origens a 1865},
    author        = {Tengarrinha, José},
    year          = {2013},
    publisher     = {Temas e Debates},
    address       = {Lisboa},
    edition       = {1},
}

@article{Costa2014,
    title         = {Um modelo de negócio para jornalismo digital},
    author        = {Costa, Caio Túlio},
    year          = {2014},
    journal       = {Revista de Jornalismo ESPM},
    volume        = {9},
    pages         = {41--115},
    url           = {https://www.observatoriodaimprensa.com.br/imprensa-em-questao/um_modelo_de_negocio_para_o_jornalismo_digital/},
    urldate       = {2025-02-12},
}

@article{Hess2015,
    title         = {Making connections: “Mediated” social capital and the small-town press},
    author        = {Hess, Kristy},
    year          = {2015},
    journal       = {Journalism Studies},
    volume        = {16},
    number        = {4},
    pages         = {482--496},
    doi           = {10.1080/1461670x.2014.922293},
}

@book{Jeronimo2015,
    title         = {Ciberjornalismo de Proximidade: Redações, Jornalistas e Notícias Online},
    author        = {Jerónimo, Pedro},
    year          = {2015},
    publisher     = {Livros LabCom},
    address       = {Covilhã, Portugal},
}

@article{canavilhas2015nuevos,
    title         = {Nuevos medios, nuevo ecosistema},
    author        = {Canavilhas, João},
    year          = {2015},
    journal       = {El Profesional de la Información},
    volume        = {24},
    number        = {4},
    pages         = {357--357},
    url           = {https://core.ac.uk/download/pdf/296529728.pdf},
}

@article{Breiner2016,
    title         = {The Economics of Accountability Journalism: What Price Is Right?},
    author        = {Breiner, James},
    year          = {2016},
    journal       = {International Symposium on Online Journalism},
    volume        = {6},
    number        = {1},
    url           = {https://isoj.org/research/the-economics-of-accountability-journalism-what-price-is-right/},
    urldate       = {2025-02-12},
}

@book{Cage2016,
    title         = {Salvar os Média: Capitalismo, Financiamento Participativo e Democracia},
    author        = {Cagé, Julia},
    year          = {2016},
    publisher     = {Círculo de Leitores},
    address       = {Lisboa, Portugal},
    doi           = {10.5281/zenodo.261},
    edition       = {1},
}

@book{Cardoso2016,
    title         = {Modelos de Negócio e Comunicação Social: Legacy Media, Novos Media, “Telcos”, Start-Ups Jornalísticas},
    author        = {Cardoso, Gustavo and Magno, Catarina and Soares, Teresa and Crespo, Miguel},
    year          = {2016},
    publisher     = {Edições Almedina},
    address       = {Coimbra, Portugal},
    url           = {https://obercom.pt/wp-content/uploads/2018/06/e-Book-MODELOS-NEGOCIO-E-COMUNICACAO-SOCIAL.pdf},
    urldate       = {2025-02-12},
}

@article{CosteraMeijer2016,
    title         = {Valuable Journalism: Measuring news quality from a user’s perspective},
    author        = {Costera Meijer, Irene and Bijleveld, Hildebrand},
    year          = {2016},
    journal       = {Journalism Studies},
    volume        = {17},
    number        = {7},
    pages         = {827--839},
    doi           = {10.1080/1461670x.2016.1175963},
}

@incollection{Foa2016,
    title         = {Modelos de Monetização do Valor Económico da Informação},
    author        = {Foà, Chiara and Cardoso, Gustavo},
    year          = {2016},
    booktitle     = {Modelos de Negócio e Comunicação Social. Legacy Media, Novos Media, “Telcos” e Start-Ups Jornalísticas},
    publisher     = {Edições Almedina},
    address       = {Coimbra, Portugal},
    pages         = {355--399},
    editor        = {Cardoso, Gustavo and Magno, Catarina and Morais Soares, Teresa and Crespo, Marco},
}

@article{Fonseca2016,
    title         = {O crowdfunding como financiamento do jornalismo de investigação em Portugal},
    author        = {Fonseca, Ana Maria and Diz, Henrique and Dos-Santos, Maria José},
    year          = {2016},
    journal       = {Palabra Clave},
    volume        = {19},
    number        = {3},
    pages         = {893--918},
    doi           = {10.5294/pacla.2016.19.3.9},
}

@article{IhlstromEriksson2016,
    title         = {Designing ubiquitous media services: Exploring the two-sided market of newspapers},
    author        = {Ihlström Eriksson, Carina and Akesson, Maria and Lund, Jesper},
    year          = {2016},
    journal       = {Journal of Theoretical and Applied Electronic Commerce Research},
    volume        = {11},
    number        = {3},
    pages         = {1--19},
    doi           = {10.4067/s0718-18762016000300002},
}

@incollection{Paulusen2016,
    title         = {Innovation in the newsroom},
    author        = {Paulussen, Steve},
    year          = {2016},
    booktitle     = {The SAGE Handbook of Digital Journalism},
    publisher     = {SAGE Publications},
    address       = {London, UK},
    pages         = {192--206},
}

@book{Bauer2017,
    title         = {Pesquisa qualitativa com texto, imagem e som: um manual prático},
    author        = {Bauer, Martin and Gaskell, George},
    year          = {2017},
    publisher     = {Editora Vozes Limitada},
    address       = {Petrópolis, Brazil},
}

@article{Flores2017,
    title         = {Innovation Journalism: A Multiple Concept},
    author        = {Flores, Ana Marta},
    year          = {2017},
    journal       = {Brazilian Journalism Research},
    volume        = {13},
    number        = {2},
    pages         = {156--179},
    doi           = {10.25200/bjr.v13n2.2017.970},
}

@techreport{Jenkins2017,
    title         = {The digital transition of local news},
    author        = {Jenkins, Joy and Nielsen, Rasmus Kleis},
    year          = {2017},
    url           = {https://www.digitalnewsreport.org/publications/2018/digital-transition-local-news/},
    urldate       = {2024-11-04},
    institution   = {Reuters Institute for the Study of Journalism},
}

@book{Jeronimo2017,
    title         = {Media e Jornalismo de Proximidade na Era Digital},
    year          = {2017},
    publisher     = {LabCom},
    address       = {Covilhã, Portugal},
    editor        = {Jerónimo, Pedro},
}

@book{Ohlsson2017,
    title         = {Ad Wars: Digital Challenges for Ad-Financed News Media in the Nordic Countries},
    author        = {Ohlsson, Jonas and Facht, Ulrika},
    year          = {2017},
    publisher     = {Nordicom - University of Gothenburg},
    address       = {Gothenburg},
}

@techreport{Cardoso2018,
    title         = {Jornais regionais: A análise de perfis de utilização. Actividade, desafios e políticas públicas para o sector},
    author        = {Cardoso, Gustavo and Mendonça, Susana and Baldi, Vania and Lima Quintanilha, Tiago and Paisana, Miguel and Caldeira Pais, Pedro},
    year          = {2018},
    url           = {https://repositorio.iscte-iul.pt/handle/10071/16264},
    urldate       = {2025-02-12},
    institution   = {Iscte-iul},
}

@article{Creech2018,
    title         = {Post-industrial fog: Reconsidering innovation in visions of journalism’s future},
    author        = {Creech, Brian and Nadler, Anthony},
    year          = {2018},
    journal       = {Journalism},
    volume        = {19},
    number        = {2},
    pages         = {182--199},
    doi           = {10.1177/1464884916689573},
}

@techreport{Posetti2018,
    title         = {Time to step away from the ‘bright, shiny things’? Towards a sustainable model of journalism innovation in an era of perpetual change},
    author        = {Posetti, Julie},
    year          = {2018},
    url           = {https://reutersinstitute.politics.ox.ac.uk/sites/default/files/2018-11/Posetti_Towards_a_Sustainable_model_of_Journalism_FINAL.pdf},
    urldate       = {2024-09-26},
    institution   = {The Reuters Institute for the Study of Journalism, University of Oxford},
}

@article{Quintanilha2018,
    title         = {A imprensa regional portuguesa como pequeno bastião da imprensa tradicional no país},
    author        = {Quintanilha, Tiago and Paisana, Miguel and Cardoso, Gustavo},
    year          = {2018},
    journal       = {Revista Portuguesa de Estudos Regionais},
    volume        = {50},
    pages         = {141--161},
    url           = {http://hdl.handle.net/10071/17485},
    urldate       = {2025-02-12},
}

@article{Chyi2019,
    title         = {From Analog Dollars to Digital Dimes: A Look into the Performance of US Newspapers},
    author        = {Chyi, Hsiang Iris and Tenenboim, Ori},
    year          = {2019},
    journal       = {Journalism Practice},
    volume        = {13},
    number        = {8},
    pages         = {988--992},
    doi           = {10.1080/17512786.2019.1642793},
}

@book{Christofoletti2019,
    title         = {A crise do jornalismo tem solução?},
    author        = {Christofoletti, Rogério},
    year          = {2019},
    publisher     = {Estação Das Letras E Cores Edi},
    address       = {São Paulo, Brazil},
}

@article{Ferrucci2019,
    title         = {The new advertisers: How foundation funding impacts journalism},
    author        = {Ferrucci, Patrick and Nelson, Jacob L.},
    year          = {2019},
    journal       = {Media and Communication},
    volume        = {7},
    number        = {4},
    pages         = {45--55},
    doi           = {10.17645/mac.v7i4.2251},
}

@article{Reis2019,
    title         = {Paywall as a business model: an analysis of the largest Brazilian newspapers},
    author        = {Reis, Thays Assunção},
    year          = {2019},
    journal       = {Estudos Em Comunicação},
    volume        = {1},
    number        = {28},
    pages         = {81--92},
    doi           = {10.25768/fal.ec.n28.a04},
}

@article{Soares2019,
    title         = {Pesquisa Científica: Uma Abordagem sobre o Método Qualitativo},
    author        = {Soares, Simaria de Jesus},
    year          = {2019},
    journal       = {Revista Ciranda},
    volume        = {3},
    number        = {1},
    pages         = {1--13},
}

@mastersthesis{Alves2020,
    title         = {A Imprensa de Proximidade em Portugal: Estratégia editorial do papel às redes sociais},
    author        = {Alves, Cristiana},
    year          = {2020},
    address       = {Lisboa, Portugal},
    url           = {http://hdl.handle.net/10362/103332},
    urldate       = {2025-02-12},
    school        = {Universidade NOVA de Lisboa},
    type          = {Dissertação de Mestrado},
}

@article{Granado2020,
    title         = {Inovação nos media e nas indústrias criativas limítrofes – uma introdução},
    author        = {Granado, António and Silva, Dora Santos and Vicente, Paulo Nuno},
    year          = {2020},
    journal       = {Media \& Jornalismo},
    volume        = {20},
    number        = {36},
    pages         = {5--9},
}

@incollection{Godinho2020,
    title         = {O Digital e os Media Locais: Proximidade ou afastamento?},
    author        = {Godinho, Rui and Pereira, Cláudia},
    year          = {2020},
    booktitle     = {O Pulsar da Proximidade nos Media e no Jornalismo},
    publisher     = {LabCom Books},
    address       = {Covilhã, Portugal},
    pages         = {65--82},
    editor        = {Jerónimo, Pedro and Correia, José C.},
}

@incollection{Goncalves2020,
    title         = {A adaptação da imprensa regional aos dispositivos móveis},
    author        = {Gonçalves, Adriana},
    year          = {2020},
    booktitle     = {O Pulsar da Proximidade nos Media e no Jornalismo},
    publisher     = {LabCom Books},
    address       = {Covilhã, Portugal},
    pages         = {83--102},
    editor        = {Jerónimo, Pedro and Correia, José C.},
}

@book{Jeronimo2020,
    title         = {O Pulsar da Proximidade nos Media e no Jornalismo},
    year          = {2020},
    publisher     = {LabCom Books},
    address       = {Covilhã, Portugal},
    editor        = {Jerónimo, Pedro and Correia, João Carlos},
}

@book{Morais2020,
    title         = {Jornalismo na Região Centro: Trabalho, Tecnologia e Negócio},
    author        = {Morais, Ricardo and Jerónimo, Pedro and Correia, João},
    year          = {2020},
    publisher     = {LabCom Books},
    address       = {Covilhã},
}

@article{Paschen2020,
    title         = {Artificial intelligence: building blocks and an innovation typology},
    author        = {Paschen, Ulrich and Pitt, Christe and Kietzmann, Jan},
    year          = {2020},
    journal       = {Business Horizons},
    volume        = {63},
    number        = {2},
    pages         = {147--155},
}

@article{Ramos2020a,
    title         = {Modelos de negócios para o jornalismo regional: o caso do Setúbal na Rede},
    author        = {Ramos, Giovanni and Correia, João Carlos},
    year          = {2020},
    journal       = {Estudos de Jornalismo},
    volume        = {10},
    pages         = {50--63},
    url           = {https://ubibliorum.ubi.pt/bitstream/10400.6/9245/1/Modelos%20de%20Neg%C3%B3gico%20para%20Jornalismo%20regional.pdf},
    urldate       = {2025-02-12},
}

@incollection{Ramos2020b,
    title         = {Jornalismo regional em novas plataformas},
    author        = {Ramos, Giovanni and Grupillo, Aline},
    year          = {2020},
    booktitle     = {O pulsar da proximidade nos media e no jornalismo},
    publisher     = {LabCom Books},
    address       = {Covilhã, Portugal},
    pages         = {31--46},
    editor        = {Jerónimo, Pedro and Correia, João Carlos},
}

@article{Carvalheiro2021,
    title         = {Imprensa regional, meios digitais e a (nova) diáspora},
    author        = {Carvalheiro, José R. and Morais, Ricardo and Ramos, Giovanni},
    year          = {2021},
    journal       = {Observatorio (OBS)*},
    volume        = {15},
    number        = {3},
    doi           = {10.15847/obsOBS15320211714},
}

@mastersthesis{Chaves2021,
    title         = {Em busca de sustentabilidade: lições de empreendimentos luso-brasileiros de jornalismo independente fundados por jornalistas},
    author        = {Chaves, Liliane de Souza},
    year          = {2021},
    address       = {Lisboa, Portugal},
    school        = {Faculdade de Ciências Sociais e Humanas, Universidade Nova de Lisboa},
    type          = {Dissertação de Mestrado em Ciências da Comunicação},
}

@article{Correia2021,
    title         = {Jornalistas da mídia local e o desafio digital},
    author        = {Correia, João Carlos and Jerónimo, Pedro and Gradim, Anabela},
    year          = {2021},
    journal       = {Redes. Revista do Desenvolvimento Regional},
    publisher     = {Universidade de Santa Cruz do Sul},
    address       = {Santa Cruz do Sul, Brasil},
    volume        = {26},
    doi           = {10.17058/redes.v26i0.16507},
}

@article{GarciaAviles2021,
    title         = {Review article: Journalism innovation research, a diverse and flourishing field (2000-2020)},
    author        = {García-Avilés, José-Alberto},
    year          = {2021},
    journal       = {Profesional de La Informacion},
    volume        = {30},
    number        = {1},
    pages         = {1--33},
    doi           = {10.3145/epi.2021.ene.10},
}

@article{Ramos2021,
    title         = {O público como fonte de receita: estratégias de disponibilização de conteúdos de jornais digitais},
    author        = {Ramos, Giovanni},
    year          = {2021},
    journal       = {Estudos Em Comunicação},
    volume        = {33},
    pages         = {24--41},
}

@article{Sjovaag2021,
    title         = {The Non-Substitutability of Local News? Advertising and the Decline of Journalism’s Umbrella Market Model},
    author        = {Sjøvaag, Helle and Owren, Thomas},
    year          = {2021},
    journal       = {Nordicom Review},
    volume        = {42},
    number        = {1},
    doi           = {10.2478/nor-2021-0001},
}

@article{Teixeira2021,
    title         = {Plataformas de Financiamento Coletivo na Economia Política dos Média Alternativos},
    author        = {Teixeira, Lina Moscoso and Jorge, Ana},
    year          = {2021},
    journal       = {Comunicação e Sociedade},
    volume        = {39},
}

@article{Bonixe2022,
    title         = {Práticas e modelos do jornalismo empreendedor em Portugal},
    author        = {Bonixe, Luís},
    year          = {2022},
    journal       = {Brazilian Journalism Research},
    volume        = {18},
    number        = {3},
    pages         = {550--573},
    doi           = {10.25200/bjr.v18n3.2022.1494},
}

@techreport{Cardoso2022,
    title         = {Digital News Report Portugal 2022},
    author        = {Cardoso, Gustavo and Paisana, Miguel and Pinto-Martinho, Ana},
    year          = {2022},
    url           = {https://obercom.pt/wp-content/uploads/2022/06/DNRPT_2022_FINAL_14Jun.pdf},
    urldate       = {2025-02-12},
    institution   = {OberCom},
}

@article{Jeronimo2022a,
    title         = {Jornalistas locais e condições laborais sob um olhar de género},
    author        = {Jerónimo, Pedro and Ballesteros, Carla and Sá, Sérgio and Morais, Ricardo},
    year          = {2022},
    journal       = {Ex æquo},
    number        = {45},
    pages         = {157--175},
    doi           = {10.22355/exaequo.2022.45.11},
}

@article{Jeronimo2022b,
    title         = {Are We Close Enough? Digital Challenges to Local Journalists},
    author        = {Jerónimo, Pedro and Correia, João Carlos and Gradim, Anabela},
    year          = {2022},
    journal       = {Journalism Practice},
    volume        = {16},
    pages         = {813--827},
    doi           = {10.1080/17512786.2020.1818607},
}

@article{Canavilhas2023,
    title         = {Produção automática de texto jornalístico com IA: contributo para uma história},
    author        = {Canavilhas, João},
    year          = {2023},
    journal       = {Textual \& Visual Media},
    volume        = {17},
    number        = {1},
    pages         = {22--40},
    doi           = {10.56418/txt.17.1.2023.2},
}

@article{Chan2023,
    title         = {A Lost Decade: Policymakers Fiddled as Newsrooms Burned},
    author        = {Chan, Sewell},
    year          = {2023},
    journal       = {Annals of the American Academy of Political and Social Science},
    volume        = {707},
    number        = {1},
    pages         = {62--72},
    doi           = {10.1177/00027162231211424},
}

@article{Morais2023,
    title         = {Platformization of News, Authorship, and Unverified Content: Perceptions around Local Media},
    author        = {Morais, Ricardo and Jerónimo, Pedro},
    year          = {2023},
    journal       = {Social Sciences},
    volume        = {12},
    pages         = {200},
    doi           = {10.3390/socsci12040200},
}

@article{Mota2023,
    title         = {A Erosão da Proximidade: Questões e Desafios do Jornalismo Local na Sociedade Contemporânea},
    author        = {Mota, Dora},
    year          = {2023},
    journal       = {Comunicação \& Sociedade},
    volume        = {44},
    pages         = {e023027},
    doi           = {10.17231/comsoc.44(2023).4744},
}

@article{Sixto-garcia2023,
    title         = {Innovative Innovation in Journalism},
    author        = {Sixto-García, José and López-García, Xosé},
    year          = {2023},
    journal       = {Journalism},
    doi           = {10.1177/14648849231219359},
}

@incollection{Goncalves2024,
    title         = {Can automated news help local journalism? An exploratory study in Portugal},
    author        = {Gonçalves, Adriana and Morais, Ricardo},
    year          = {2024},
    booktitle     = {Local Journalism, Global Challenges: News Deserts, Infodemic and the Vastness in Between},
    publisher     = {LabCom Books},
    address       = {Covilhã, Portugal},
    pages         = {33--56},
    editor        = {Jerónimo, Pedro},
}

@techreport{Newman2024,
    title         = {Digital News Report 2024},
    author        = {Newman, Nic and Fletcher, Richard and Robertson, Craig T. and Ross Arguedas, Amy and Nielsen, Rasmus Kleis},
    year          = {2024},
    doi           = {10.60625/risj-vy6n-4v57},
    institution   = {Reuters Institute, University of Oxford},
}
