@article{diaz_cintas_fansubs:_2022,
	title = {Fansubs: {Tradução} {Audiovisual} em um {Ambiente} {Amador}},
	volume = {42},
	url = {https://periodicos.ufsc.br/index.php/traducao/article/view/80264},
	doi = {10.5007/2175-7968.2022.e80264},
	number = {01},
	urldate = {2022-05-24},
	journal = {Cadernos de Tradução},
	author = {Díaz Cintas, J. and Muñoz Sánchez, P. and Moura, W. H. C.},
	month = may,
	year = {2022},
	pages = {1--26},
}

@article{baker_corpora_1995,
	title = {Corpora in {Translation} {Studies}: {An} {Overview} and {Some} {Suggestions} for {Future} {Research}},
	volume = {7},
	url = {https://benjamins.com/online/target/articles/target.7.2.03bak},
	doi = {10.1075/target.7.2.03bak},
	number = {2},
	urldate = {2022-05-23},
	journal = {Target. International Journal of Translation Studies},
	author = {Baker, M.},
	month = jan,
	year = {1995},
	pages = {223--243},
}

@incollection{baker_corpus-based_1996,
	address = {Amsterdam/Philadelphia},
	title = {Corpus-based translation studies: the challenges that lie ahead},
	booktitle = {Terminology, {LSP} and translation: studies in language engineering in honour of {Juan} {C}. {Sager}},
	publisher = {John Benjamins Publishing Company},
	author = {Baker, M.},
	editor = {Somers, H.},
	year = {1996},
	pages = {177--186},
}

@book{sardinha_linguistica_2004,
	address = {Barueri},
	title = {Linguística de corpus},
	publisher = {Editora Manole},
	author = {Berber Sardinha, T.},
	year = {2004},
}

@incollection{bogucki_amateur_2009,
	address = {Grã-Bretanha},
	title = {Amateur subtitling on the internet},
	booktitle = {Audiovisual translation: language transfer on screen},
	publisher = {Palgrave Macmillan},
	author = {Bogucki, L.},
	editor = {Díaz Cintas, J. and Anderman, G.},
	editortype = {organizer},
	year = {2009},
	pages = {49--57},
}

@book{camargo_metodologia_2007,
	address = {São José do Rio Preto, SP},
	title = {Metodologia {De} {Pesquisa} {Em} {Traducao} {E} {Linguistica} {De} {Corpus}},
	language = {Português},
	publisher = {Laboratório Editorial do IBILCE/UNESP},
	author = {Camargo, D. C. de},
	year = {2007},
}

@inproceedings{diaz_cintas_technology_2013,
	address = {Maastricht},
	title = {The technology turn in subtitling},
	booktitle = {Proceedings…},
	publisher = {Maastricht School of Translation and Interpreting Zuyd University of Applied Sciences},
	author = {Díaz Cintas, J.},
	year = {2013},
	pages = {119--132},
}

@incollection{diaz_cintas_taking_2015,
	address = {UK},
	title = {Taking stock of {Audiovisual} {Translation}},
	booktitle = {Audiovisual {Translation}: taking stock},
	publisher = {Cambridge Scholars Publishing},
	author = {Díaz Cintas, J. and Neves, J.},
	editor = {{The Journal of Specialised Translation}},
	editortype = {organizer},
	year = {2015},
	pages = {1--7},
}

@book{diaz-cintas_audiovisual_2007,
	address = {Manchester, UK ; Kinderhook, NY},
	title = {Audiovisual translation: subtitling},
	number = {11},
	publisher = {St. Jerome Pub},
	author = {Díaz-Cintas, J. and Remael, A.},
	year = {2007},
	keywords = {Translating and interpreting, Mass media and language, Dubbing of motion pictures, Television programs, Titling, Motion pictures, Titling, Audio-visual translation},
}

@article{diaz-cintas_fansubs:_2006,
	title = {Fansubs: {Audiovisual} {Translation} in an {Amateur} {Environment}},
	number = {6},
	journal = {The Journal of Specialised Translation},
	author = {Díaz-Cintas, J. and Sánchez, P. M.},
	year = {2006},
	pages = {37--52},
}

@article{ferrer_simo_fansubs_2005,
	title = {Fansubs y scanlations: la influencia del aficionado en los criterios profesionales},
	volume = {6},
	url = {http://wpd.ugr.es/~greti/revista-puentes/pub6/04-Maria-Rosario-Ferrer.pdf},
	urldate = {2022-05-23},
	journal = {Puentes},
	author = {Ferrer Simó, M. R.},
	year = {2005},
	pages = {27--44},
}

@article{luyten_manga_2014,
	title = {Mangá e animê – Ícones da {Cultura} {Pop} {Japonesa}},
	url = {https://fjsp.org.br/estudos-japoneses/artigo/manga_anime_sonia_luyten/},
	urldate = {2022-05-23},
	journal = {Fundação Japão em São Paulo},
	author = {Luyten, S. B.},
	year = {2014},
	pages = {1--11},
}

@book{mcenery_corpus_2001,
	address = {Edinburgh},
	series = {Edinburgh textbooks in empirical linguistics},
	title = {Corpus linguistics: an introduction},
	shorttitle = {Corpus linguistics},
	publisher = {Edinburgh Univ. Press},
	author = {McEnery, T. and Wilson, A.},
	year = {2001},
}

@book{moreira_metodologia_2008,
	address = {Rio de Janeiro},
	title = {Metodologia de pesquisa para o professor pesquisador},
	publisher = {Lamparina},
	author = {Moreira, H. and Caleffe, L. G.},
	year = {2008},
}

@phdthesis{neto_mangas_2017,
	address = {São Francisco},
	type = {Trabalho de {Conclusão} de {Curso} ({Licenciatura} em {História})},
	title = {Mangás e {Animês}: {A} cultura pop japonesa no {Brasil}},
	school = {Universidade Estadual de Montes Claros – UNIMONTES},
	author = {Neto, A. B.},
	year = {2017},
}

@article{pereira_cultura_2017,
	title = {Cultura pop {Japonesa} no {Brasil}},
	volume = {13},
	url = {https://periodicos.ufpb.br/ojs2/index.php/tematica/article/view/35730},
	number = {8},
	urldate = {2022-05-23},
	journal = {Temática},
	author = {Pereira, I. D.},
	year = {2017},
	pages = {46--59},
}

@incollection{sato2005,
  author = {Sato, C. A.},
  title = {A cultura popular japonesa: animê},
  editor = {Luyten, S. M. B.},
  editortype = {organizer},
  booktitle = {Cultura {Pop} {Japonesa}: {Mangá} e {Animê}},
  publisher = {Hedra},
  year = {2005},
  address = {São Paulo},
  edition = {1},
  pages = {27--42},
}