@book{estallo1995videojuegos,
    title         = {Los videojuegos: juicios y prejuicios},
    author        = {Estallo, Javier Andrés},
    year          = {1995},
    publisher     = {Planeta},
    address       = {Barcelona},
}

@article{counsell2000usefulness,
    title         = {The usefulness of educational research for trainee teachers’ learning},
    author        = {Counsell, Christine and Evans, Michael and McIntyre, Donald and Raffan, John},
    year          = {2000},
    journal       = {Oxford Review of Education},
    volume        = {26},
    number        = {3--4},
    pages         = {467--482},
    doi           = {10.1080/713688548},
}

@misc{rodriguez2002jovenes,
    title         = {Jóvenes y videojuegos: espacio, significación y conflictos},
    author        = {Rodríguez, Elena},
    year          = {2002},
    url           = {https://www.injuve.es/observatorio/ocio-y-tiempo-libre/jovenes-y-videojuegos-espacio-significacion-y-conflictos-fad},
    urldate       = {2024-01-31},
}

@article{bausela2004metodologia,
    title         = {Metodología de investigación evaluativa},
    author        = {Bausela, Esperanza},
    year          = {2004},
    journal       = {Indivisa. Boletín de Estudios e Investigación},
    number        = {5},
    pages         = {183--191},
}

@mastersthesis{kashiwakura2008jogando,
    title         = {Jogando e aprendendo: um paralelo entre videogames e habilidades cognitivas},
    author        = {Kashiwakura, Eduardo Yukio},
    year          = {2008},
    address       = {São Paulo},
    url           = {https://repositorio.pucsp.br/handle/handle/18215},
    urldate       = {2024-01-31},
    school        = {Pontifícia Universidade Católica de São Paulo},
    type          = {Dissertação (Mestrado em Psicologia)},
}

@article{connolly2012systematic,
    title         = {A systematic literature review of empirical evidence on computer games and serious games},
    author        = {Connolly, Thomas M. and Boyle, Elizabeth A. and MacArthur, Ewan and Hainey, Thomas and Boyle, James M.},
    year          = {2012},
    journal       = {Computers \& Education},
    volume        = {59},
    number        = {2},
    pages         = {661--686},
    doi           = {10.1016/j.compedu.2012.03.004},
}

@article{arias2014using,
    title         = {Using video games in education},
    author        = {Arias, Meghan},
    year          = {2014},
    journal       = {Journal of Mason Graduate Research},
    pages         = {49--69},
    doi           = {10.13021/g8jmgr.v1i2.416},
}

@article{granic2014benefits,
    title         = {The benefits of playing video games},
    author        = {Granic, Isabela and Lobel, Adam and Engels, Rutger C. M. E.},
    year          = {2014},
    journal       = {American Psychologist},
    volume        = {69},
    number        = {1},
    pages         = {66--78},
    doi           = {10.1037/a0034857},
}

@article{boyle2016update,
    title         = {An update to the systematic literature review of empirical evidence of the impacts and outcomes of computer games and serious games},
    author        = {Boyle, Elizabeth A. and Hainey, Thomas and Connolly, Thomas M. and Gray, Grant and Earp, Jeffrey and Ott, Michaela and Lim, Theodore and Ninaus, Manuel and Ribeiro, Claudia and Pereira, João},
    year          = {2016},
    journal       = {Computers \& Education},
    volume        = {94},
    pages         = {178--192},
    doi           = {10.1016/j.compedu.2015.11.003},
}

@misc{extremadura2016plan,
    title         = {Orden de 25 de noviembre de 2016 por la que se aprueba el Plan Marco de Formación Permanente del Profesorado de la Comunidad Autónoma de Extremadura},
    author        = {{Consejería de Educación y Empleo}},
    year          = {2016},
    url           = {https://doe.juntaex.es/pdfs/doe/2020/2290o/20050216.pdf},
    urldate       = {2024-01-31},
}

@article{correa2016horizontes,
    title         = {Horizontes educativos de los videojuegos: propuestas y reflexiones de futuros maestros y educadores sociales},
    author        = {Correa, Ramón Ignacio and Duarte, Ana and Guzmán, María Dolores},
    year          = {2016},
    journal       = {Educar},
    volume        = {53},
    number        = {1},
    pages         = {67--88},
    doi           = {10.5565/rev/educar.849},
}

@article{escudero2016investigacion,
    title         = {La investigación evaluativa en el siglo XXI: un instrumento para el desarrollo educativo y social cada vez más relevante},
    author        = {Escudero, Tomás},
    year          = {2016},
    journal       = {RELIEVE – Revista Electrónica de Investigación y Evaluación Educativa},
    volume        = {22},
    number        = {1},
    doi           = {10.7203/relieve.22.1.8164},
    url           = {https://revistaseug.ugr.es/index.php/RELIEVE/article/view/17282},
    urldate       = {2024-01-31},
}

@incollection{lorca2016utilidad,
    title         = {La utilidad de los videojuegos en educación: concepciones de los docentes en ejercicio frente a los de formación inicial},
    author        = {Lorca, Antonio Alejandro and Cuenca-López, José María and Vázquez-Bernal, Bartolomé and Lorca, José Andrés},
    year          = {2016},
    booktitle     = {Ciencias para comprender el mundo. Investigación e innovación en didáctica de las ciencias experimentales},
    publisher     = {s. n.},
    address       = {Madrid},
    editor        = {{Entimemaed}},
}

@article{marklund2016educational,
    title         = {Educational games in practice: the challenges involved in conducting a game-based curriculum},
    author        = {Marklund, Björn Berg. and Alkind, Anna Sofia},
    year          = {2016},
    journal       = {Electronic Journal of E-Learning},
    volume        = {14},
    number        = {2},
}

@article{tsekleves2016benefits,
    title         = {Benefits, barriers and guideline recommendations for the implementation of serious games in education for stakeholders and policymakers},
    author        = {Tsekleves, Emmanuel and Cosmas, John and Aggoun, Amar},
    year          = {2016},
    journal       = {British Journal of Educational Technology},
    volume        = {47},
    number        = {1},
    pages         = {164--183},
    doi           = {10.1111/bjet.12223},
}

@article{pedrera2017percepcion,
    title         = {Percepción del profesorado en formación inicial sobre la aplicación de un instrumento para evaluar el desarrollo de habilidades con juegos en línea},
    author        = {Pedrera, María Inmaculada and González, Alicia},
    year          = {2017},
    journal       = {LifePlay: Revista académica internacional sobre videojuegos},
    number        = {6},
    pages         = {100--117},
}

@article{grande2018beneficios,
    title         = {Beneficios educativos y videojuegos: revisión de la literatura española},
    author        = {Grande de Prado, Mario},
    year          = {2018},
    journal       = {Education in the Knowledge Society (EKS)},
    volume        = {19},
    number        = {3},
    pages         = {15--35},
    doi           = {10.14201/eks20181933751},
}

@article{jimenez2018impacto,
    title         = {Impacto de videojuegos en la fluidez lectora en niños con y sin dislexia: el caso de Minecraft},
    author        = {Jiménez-Porta, Ana María and Díez-Martínez, Evelyn},
    year          = {2018},
    journal       = {Revista Latinoamericana de Tecnología Educativa - RELATEC},
    volume        = {17},
    number        = {1},
    doi           = {10.17398/1695-288x.17.1.77},
    url           = {https://relatec.unex.es/index.php/relatec/article/view/3190},
    urldate       = {2024-01-31},
}

@article{martinezsoto2018evaluacion,
    title         = {Evaluación de un videojuego educativo de contenido histórico: la opinión de los estudiantes},
    author        = {Martínez-Soto, Juan Manuel and Egea, Alejandro and Arias, Laura},
    year          = {2018},
    journal       = {RELATEC. Revista Latinoamericana de Tecnología Educativa},
    volume        = {17},
    number        = {1},
    doi           = {10.17398/1695-288x.17.1.61},
}

@article{buil2019encouraging,
    title         = {Encouraging intrinsic motivation in management training: the use of business simulation games},
    author        = {Buil, Isabel and Catalán, Sara and Martínez, Eva},
    year          = {2019},
    journal       = {The International Journal of Management Education},
    volume        = {17},
    number        = {2},
    pages         = {162--171},
    doi           = {10.1016/j.ijme.2019.02.002},
}

@article{hernandez2019muestreo,
    title         = {Introducción a los tipos de muestreo},
    author        = {Hernández, Carlos Enrique and Carpio, Natalia},
    year          = {2019},
    journal       = {ALERTA. Revista Científica del Instituto Nacional de Salud},
    volume        = {2},
    number        = {1},
    pages         = {75--79},
    doi           = {10.5377/alerta.v2i1.7535},
}

@misc{ministerio2020ley,
    title         = {Ley Orgánica 3/2020, de 29 de diciembre, por la que se modifica la Ley Orgánica 2/2006, de 3 de mayo, de Educación},
    author        = {{Ministerio de Educación}},
    year          = {2020},
    url           = {https://www.boe.es/boe/dias/2020/12/30/pdfs/BOE-A-2020-17264.pdf},
    urldate       = {2024-01-31},
}

@article{nunez2020videojuegos,
    title         = {Los videojuegos en la educación: beneficios y perjuicios},
    author        = {Núñez-Barriopedro, Estela and Sanz-Gómez, Yeray and Ravina-Ripoll, Rafael},
    year          = {2020},
    journal       = {Revista Electrónica Educare},
    volume        = {24},
    number        = {2},
    pages         = {1--18},
    doi           = {10.15359/ree.24-2.12},
}

@misc{cprzafra2021videojuegos,
    title         = {Aplicación de los videojuegos en el ámbito educativo},
    author        = {{CPR de Zafra}},
    year          = {2021},
    url           = {https://cprzafra.educarex.es/index.php/ctividades1/2101-curso-aplicacion-de-los-videojuegos-al-ambito-educativo},
    urldate       = {2024-01-31},
}

@incollection{alloza2022genre,
    title         = {Genre differences in soft skills perception and video game usage in the University of Extremadura},
    author        = {Alloza Castillo, Sergio and Escribano, Flavio and González López, Óscar Rodrigo and Buenadicha Mateos, María},
    year          = {2022},
    booktitle     = {Advances in Human and Social Aspects of Technology},
    publisher     = {IGI Global},
    pages         = {28--49},
    doi           = {10.4018/978-1-7998-8089-9.ch003},
    url           = {http://services.igi-global.com/resolvedoi/resolve.aspx?doi=10.4018/978-1-7998-8089-9.ch003},
    urldate       = {2024-01-31},
    editor        = {Portela, Filipe and Queirós, Ricardo},
}

@article{carrillo2022consumo,
    title         = {Consumo habitual de videojuegos y rendimiento académico en escolares de primaria},
    author        = {Carrillo-López, Pedro-José and García-Perujo, María},
    year          = {2022},
    journal       = {Education in the Knowledge Society (EKS)},
    volume        = {23},
    pages         = {e27557},
    doi           = {10.14201/eks.27557},
}

@misc{extremadura2022plan,
    title         = {Orden de 12 de diciembre de 2022 por la que se aprueba el Plan Regional de Formación Permanente del Profesorado de la Comunidad Autónoma de Extremadura, correspondiente al curso escolar 2022–2023},
    author        = {{Consejería de Educación y Empleo}},
    year          = {2022},
    url           = {https://doe.juntaex.es/pdfs/doe/2022/2420o/22050228.pdf},
    urldate       = {2024-01-31},
}

@misc{diariohoy2022curso,
    title         = {Un curso analiza la aplicación de videojuegos en educación},
    author        = {{Diario Hoy}},
    year          = {2022},
    url           = {https://trujillo.hoy.es/curso-analiza-aplicacion-20220120064345-nt.html},
    urldate       = {2024-01-31},
}

@misc{cotec2022anuario,
    title         = {Anuario 2022},
    author        = {{Fundación Cotec}},
    year          = {2022},
    url           = {https://cotec.es/informes/anuario-2022/},
    urldate       = {2024-01-31},
}

@article{gerardo2022videojuego,
    title         = {El videojuego como recurso educativo: estudio de las actitudes de los docentes en República Dominicana},
    author        = {Gerardo, Vilma Rafaelina and Marcelo, Carlos},
    year          = {2022},
    journal       = {Pensamiento Educativo: Revista de Investigación Educacional Latinoamericana},
    volume        = {59},
    number        = {1},
    doi           = {10.7764/pel.59.1.2022.3},
    url           = {http://pensamientoeducativo.uc.cl/index.php/pel/article/view/29163},
    urldate       = {2024-01-31},
}

@article{gordillo2022comparing,
    title         = {Comparing the effectiveness of video-based learning and game-based learning using teacher-authored video games for online software engineering education},
    author        = {Gordillo, Aldo and López-Fernández, Daniel and Tovar, Edmundo},
    year          = {2022},
    journal       = {IEEE Transactions on Education},
    volume        = {65},
    number        = {4},
    pages         = {524--532},
    doi           = {10.1109/te.2022.3142688},
}

@article{guerra2022investigacion,
    title         = {Investigación con videojuegos en educación: una revisión sistemática de la literatura de 2015 a 2020},
    author        = {Guerra-Antequera, Jorge and Revuelta-Domínguez, Francisco Ignacio},
    year          = {2022},
    journal       = {Revista Colombiana de Educación},
    volume        = {1},
    number        = {85},
    doi           = {10.17227/rce.num85-12579},
    url           = {https://revistas.pedagogica.edu.co/index.php/RCE/article/view/12579},
    urldate       = {2024-01-31},
}

@article{marin2022videojuegos,
    title         = {Videojuegos y educación: análisis de tendencias en investigación},
    author        = {Marín-Suelves, Diana and Esnaola-Horacek, Graciela and Donato, Donatella},
    year          = {2022},
    journal       = {Revista Colombiana de Educación},
    number        = {84},
    pages         = {1--17},
    doi           = {10.17227/rce.num84-12125},
}

@article{martinez2022entertainment,
    title         = {Entertainment video games for academic learning: a systematic review},
    author        = {Martínez, Léa and Gimenes, Manuel and Lambert, Eric},
    year          = {2022},
    journal       = {Journal of Educational Computing Research},
    volume        = {60},
    number        = {5},
    pages         = {1083--1109},
    doi           = {10.1177/07356331211053848},
}

@article{mielgo2022revision,
    title         = {Revisión sistemática de la literatura: beneficios de los videojuegos en Educación Primaria},
    author        = {Mielgo-Conde, Iván and Seija-Santos, Sara and Grande de Prado, Mario},
    year          = {2022},
    journal       = {Innoeduca. International Journal of Technology and Educational Innovation},
    volume        = {8},
    number        = {1},
    pages         = {31--43},
    doi           = {10.24310/innoeduca.2022.v8i1.11144},
}

@article{gonzalez2023diseno,
    title         = {Diseño y programación de un videojuego educativo: un caso de estudio en Educación Primaria},
    author        = {González-Alba, Blas and Cortés-González, Pablo},
    year          = {2023},
    journal       = {Revista Latinoamericana de Tecnología Educativa - RELATEC},
    volume        = {22},
    number        = {1},
    pages         = {155--172},
    doi           = {10.17398/1695-288x.22.1.155},
}

@book{lopez2023videojuegos,
    title         = {Videojuegos y oportunidades educativas: orientaciones para su diseño, análisis y uso},
    author        = {López, Silvia and Rodríguez, Jesús and Vidal, María Isabel and Marín, Diana},
    year          = {2023},
    publisher     = {Universidad de Murcia, Servicio de Publicaciones},
    address       = {Murcia},
    edition       = {1},
}

@article{tacoronte2023systematic,
    title         = {A systematic review of serious games for children’s reading skills’ development. Una revisión sistemática de juegos serios para el desarrollo de las destrezas lectoras de los niños},
    author        = {Tacoronte, Juan Pedro and Peña, María Ángeles},
    year          = {2023},
    journal       = {El Guiniguada},
    number        = {32},
    pages         = {79--92},
    doi           = {10.20420/ElGuiniguada.2023.632},
}

@article{cole2024scoping,
    title         = {A scoping review of video games and learning in secondary classrooms},
    author        = {Cole, Caitlin and Parada, Rafael H. and Mackenzie, Erin},
    year          = {2024},
    journal       = {Journal of Research on Technology in Education},
    volume        = {56},
    number        = {5},
    pages         = {544--577},
    doi           = {10.1080/15391523.2023.2186546},
}

@article{cozar2024ensenar,
    title         = {¿Enseñar a través de videojuegos? Percepciones de futuros docentes españoles y portugueses sobre su uso en la enseñanza de la historia},
    author        = {Cózar-Gutiérrez, Ramón and Solé, Gloria and Navío-Inglés, Maía and Tirado-Olivares, Sergio},
    year          = {2024},
    journal       = {RIFOP: Revista Interuniversitaria de Formación del Profesorado},
    volume        = {38},
    number        = {99.2},
    pages         = {161--180},
    doi           = {10.47553/rifop.v99i38.2.99574},
}

@article{screpnik2024educacion,
    title         = {Educación inclusiva con juegos serios y diseño centrado en el usuario: explorando la intersección de accesibilidad y usabilidad},
    author        = {Screpnik, Claudia and Negre-Bennasar, Francisca and Salinas, Jesús},
    year          = {2024},
    journal       = {Revista Latinoamericana de Tecnología Educativa - RELATEC},
    volume        = {23},
    number        = {2},
    pages         = {27--50},
    doi           = {10.17398/1695-288x.23.2.27},
}

@article{moreno2025violence,
    title         = {Violence, hate speech, and discrimination in video games: a systematic review},
    author        = {Moreno-López, Roberto and Argüello-Gutiérrez, Catalina},
    year          = {2025},
    journal       = {Social Inclusion},
    volume        = {13},
    pages         = {9401},
    doi           = {10.17645/si.9401},
}
