@article{bringle1996,
    title         = {Implementing Service Learning in Higher Education},
    author        = {Robert G. Bringle and Julie A. Hatcher},
    year          = {1996},
    journal       = {The Journal of Higher Education},
    publisher     = {Routledge},
    volume        = {67},
    number        = {2},
    pages         = {221--239},
    doi           = {10.1080/00221546.1996.11780257},
}

@article{Xie2021,
    title         = {Information {Technology} {Education} for {Older} {Adults} as a {Continuing} {Peer}-{Learning} {Process}: {A} {Chinese} {Case} {Study}},
    author        = {Xie, Bo},
    year          = {2007},
    month         = apr,
    journal       = {Educational Gerontology},
    volume        = {33},
    number        = {5},
    pages         = {429--450},
    doi           = {10.1080/03601270701252872},
    issn          = {0360-1277, 1521-0472},
    url           = {http://www.tandfonline.com/doi/abs/10.1080/03601270701252872},
    urldate       = {2024-11-26},
}

@online{clark2013moocs,
    title         = {MOOCs: Taxonomy of 8 Types of MOOC},
    author        = {Clark, Donald},
    year          = {2013},
    url           = {http://donaldclarkplanb.blogspot.com/2013/04/moocs-taxonomy-of-8-types-of-mooc.html},
    urldate       = {2024-08-30},
}

@article{hernando2013,
    title         = {El desarrollo de la competencia mediática en personas mayores},
    author        = {Hernando, Ángel and Phillippi, Alejandra},
    year          = {2013},
    journal       = {Chasqui (Revista Latinoamericana de Comunicación)},
    publisher     = {Centro Internacional de Estudios Superiores de Comunicación para América Latina},
    address       = {Quito},
    number        = {124},
    pages         = {11--18},
    issn          = {130-1079},
    url           = {https://www.redalyc.org/articulo.oa?id=16057406002},
    subtitle      = {una brecha pendiente},
}

@article{abad-acala2014,
    title         = {Diseño de programas de e-inclusión para al fa betización mediática de personas mayores},
    author        = {Leopoldo Abad-Alcalá},
    year          = {2014},
    journal       = {Revista Científica de Educomunicación},
    volume        = {21},
    number        = {42},
    pages         = {173--180},
    doi           = {10.3916/c42-2014-17},
}

@inproceedings{Swan2015,
    title         = {Assessing {MOOC} {Pedagogies}},
    author        = {Swan, Karen and Bogle, Leonard and Day, Scott and Prooyen, Traci van and Richardson, Jennifer},
    year          = {2014},
    month         = jun,
    booktitle     = {Proceedings of EdMedia 2014--World Conference on Educational Media and Technology},
    publisher     = {Association for the Advancement of Computing in Education (AACE)},
    address       = {Tampere, Finland},
    pages         = {1018--1026},
    isbn          = {9781939797087},
    url           = {https://www.learntechlib.org/primary/p/147616/},
    urldate       = {2024-11-26},
    editor        = {J. Viteli and M. Leikomaa},
}

@inproceedings{Reich2015,
    title         = {MOOC completion and retention in the context of student intent},
    author        = {Justin Reich},
    year          = {2015},
    booktitle     = {Proceedings of the Second ACM Conference on Learning @ Scale},
    pages         = {9--16},
    url           = {https://er.educause.edu/articles/2014/12/mooc-completion-and-retention-in-the-context-of-student-intent},
    urldate       = {2024-07-30},
}

@book{gomez2016,
    title         = {La cultura de los MOOCS},
    author        = {Gómez-Hernández, Patricia and García-Barrera, Alba and Monge-López, Carlos},
    year          = {2016},
    publisher     = {Editorial Síntesis},
    address       = {Madrid},
}

@online{intef2016,
    title         = {¿Qué es un NOOC?},
    author        = {{Intef}},
    year          = {2016},
    urldate       = {2024-10-01},
}

@book{abad-acala2017,
    title         = {Alfabetización mediática para la e-inclusión de personas mayores},
    author        = {Leopoldo Abad-Alcalá},
    year          = {2017},
    publisher     = {Dykinson},
    address       = {Madrid},
}

@incollection{Leal-Maridueña2017,
    title         = {El desarrollo de competencias mediáticas en los adultos mayores},
    author        = {Isabel Amarilis Leal-Maridueña and Fernando Benjamín Paredes Pérez Patricio and Rigoberto Álvarez Muñoz},
    year          = {2017},
    booktitle     = {Memorias del tercer Congreso Internacional de Ciencias Pedagógicas: Por una educación inclusiva: con todos y para el bien de todos},
    publisher     = {Instituto Superior Tecnológico Bolivariano},
    address       = {Guayaquil},
    isbn          = {978-9942-17-027-9},
    urldate       = {2024-10-01},
    editor        = {Manuel Roberto Tolozano Benítez and Rosalía Arteaga Serrano},
    language      = {español},
}

@article{Osuna-Acedo2017,
    title         = {El proyecto europeo ECO. Rompiendo barreras en el acceso al conocimiento},
    author        = {Sara Osuna-Acedo and Javier Gil-Quintana},
    year          = {2017},
    journal       = {Educación XX1},
    publisher     = {Universidad Nacional de Educación a Distancia},
    address       = {Madrid},
    volume        = {20},
    number        = {2},
    pages         = {189--213},
    url           = {https://www.redalyc.org/articulo.oa?id=70651145008},
    urldate       = {2024-10-01},
}

@article{LopezdelaSerna_Garrido_2018,
    title         = {Estudio de las emociones, el aprendizaje autorregulado y la motivación en un curso SPOC},
    author        = {Lopez de la Serna, Arantzazu and Garrido, Carlos Castaño},
    year          = {2018},
    month         = {7},
    pages         = {299–316},
    url           = {https://www.upo.es/revistas/index.php/IJERI/article/view/2838},
    urldate       = {2024-10-01},
    place         = {Sevilla, España},
}

@phdthesis{basantes2020,
    title         = {Los nano-MOOC como herramienta de formaci{\'o}n en competencia digitales de los docentes de la Universidad T{\'e}cnica del Norte},
    author        = {Basantes Andrade, Andrea Verenice and others},
    year          = {2020},
    address       = {Salamanca},
    doi           = {10.14201/gredos.144006},
    school        = {Tesis (en Formación en la Sociedad del Conocimiento.) - Departamento de Didáctica, Organización y Métodos de Investigación, Universidad de Salamanca},
}

@article{cabrera2021,
    title         = {Influencia de los NOOC en el desarrollo de la comprensión lectora durante el aprendizaje del idioma inglés en un contexto de educación superior},
    author        = {Cabrera Manangón, Gioconda Leticia and Uquillas Jaramillo, Nancy Cristina},
    year          = {2021},
    journal       = {CIEG, Revista Arbitrada del Centro de Investigación y Estudios Gerenciales},
    number        = {48},
    url           = {https://revista.grupocieg.org/revista/revista-cieg-no-48-marzo-abril-2021/},
    urldate       = {2024-10-10},
}

@article{watters2022,
    title         = {Teaching Machines: The History of Personalized Learning},
    author        = {Audrey Watters},
    year          = {2022},
    journal       = {Perspectives On Science And Christian Faith},
    volume        = {74},
    number        = {3},
    pages         = {190--191},
    doi           = {10.56315/pscf9-22watters},
    url           = {https://doi.org/10.56315/pscf9-22watters},
    urldate       = {2024-09-01},
}

@article{barquero2023owned,
    title         = {Owned media, influencer marketing, and unofficial brand ambassadors: differences between narratives, types of prescribers, and effects on interactions on Instagram},
    author        = {Barquero Cabrero, J.D. and Castillo-Abdul, B. and Talamás-Carvajal, J.A. and others},
    year          = {2023},
    journal       = {Humanities and Social Sciences Communications},
    volume        = {10},
    number        = {1},
    pages         = {301},
    doi           = {10.1057/s41599-023-01779-8},
    url           = {https://doi.org/10.1057/s41599-023-01779-8},
}

@article{Escaño_2023,
    title         = {Educación Postdigital: un enfoque desde la pedagogía crítica y mediática para un contexto post-COVID19},
    author        = {Escaño, Carlos},
    year          = {2023},
    month         = {7},
    journal       = {Revista Mediterránea de Comunicación},
    volume        = {14},
    number        = {2},
    pages         = {243–257},
    doi           = {10.14198/medcom.23899},
    url           = {https://www.mediterranea-comunicacion.org/article/view/23899},
    urldate       = {2024-10-01},
}

@article{heredia-sánchez2023,
    title         = {Bibliotecas universitarias y formación permanente de las personas mayores: análisis de una experiencia en un entorno digital},
    author        = {Heredia-Sánchez, Fernando},
    year          = {2023},
    month         = {6},
    journal       = {Revista General de Información y Documentación},
    volume        = {33},
    number        = {1},
    pages         = {281–298},
    doi           = {10.5209/rgid.83228},
    url           = {https://revistas.ucm.es/index.php/RGID/article/view/83228},
    urldate       = {2024-10-03},
}

@article{MANANGÓN-CABRERA2023,
    title         = {Estrategias didácticas para el desarrollo de la lectura durante el aprendizaje del inglés como lengua extranjera: Didactic strategies for the development of reading in learning English as a foreign language},
    author        = {Uquillas Jaramillo, Nancy Cristina and Cifuentes Sánchez, Jéssica Elizabeth and Manangón Cabrera, Gioconda Leticia and Santander Dueñas, Verónica Elizabeth},
    year          = {2023},
    month         = {7},
    journal       = {LATAM Revista Latinoamericana de Ciencias Sociales y Humanidades},
    volume        = {4},
    number        = {2},
    pages         = {2921–2928},
    doi           = {10.56712/latam.v4i2.804},
    url           = {https://latam.redilat.org/index.php/lt/article/view/804},
}

@book{SanchezFuentes2023,
    title         = {El Diseño Universal para el Aprendizaje},
    author        = {Sergio Sánchez Fuentes},
    year          = {2023},
    publisher     = {Narcea},
    address       = {Madrid},
}

@article{Aparicio-Gómez2024,
    title         = {Tejiendo conexiones: la simbiosis transformadora entre aprendizaje e Inteligencia Artificial},
    author        = {Aparicio-Gómez, Oscar-Yecid and Aparicio-Gómez, Carlos-Alfonso and von Feigenblatt, Otto Federico},
    year          = {2024},
    month         = {3},
    journal       = {Hachetetepé. Revista científica de Educación y Comunicación},
    number        = {28},
    pages         = {1103},
    doi           = {10.25267/Hachetetepe.2024.i28.1103},
    url           = {https://revistas.uca.es/index.php/hachetetepe/article/view/10766},
}

@article{cárdeasbenavides2024,
    title         = {El uso de la inteligencia artificial en la creación de entornos de aprendizaje inmersivos en la educación superior. Revisión sistemática},
    author        = {Cárdenas Benavides, Juan Pablo and Carvajal Chavez, Carlos Arturo and Tomalá de la Cruz, Angélica del Rocio and Tovar Arcos, Ángel Xavier},
    year          = {2024},
    month         = {2},
    journal       = {Reciamuc},
    volume        = {8},
    number        = {1},
    pages         = {348--356},
    doi           = {10.26820/reciamuc/8.(1).ene.2024.348-356},
    url           = {https://reciamuc.com/index.php/RECIAMUC/article/view/1278},
}

@article{Escaño_Dewhurst_2024,
    title         = {Pensar en (el) común: Experiencia COMOOC como tercer espacio para crear comunidad desde la educación y las artes},
    author        = {Escaño, Carlos and Dewhurst, Marit},
    year          = {2024},
    month         = {4},
    journal       = {Revista Interuniversitaria de Formación del Profesorado. Continuación de la antigua Revista de Escuelas Normales},
    volume        = {99},
    number        = {38.1},
    doi           = {10.47553/rifop.v99i38.1.104030},
    url           = {https://recyt.fecyt.es/index.php/RIFOP/article/view/104030},
    urldate       = {2024-09-25},
}

@article{galíndez2024,
    title         = {Uso de la Inteligencia Artificial y e lMetaverso},
    author        = {Galíndez Pérez, Jorge Luis},
    year          = {2024},
    journal       = {RevistaLatinoamericanadeDifusiónCientífica},
    volume        = {6},
    number        = {10},
    pages         = {316--328},
    doi           = {10.38186/difcie.610.18},
    issn          = {2711-0494},
    urldate       = {2024-10-01},
    subtitle      = {Optimización de estrategias para la aplicación de la Nuevas Tecnologías en diversas áreas del conocimiento},
}

@article{quintana2024snooc,
    title         = {Los sNOOC, un modelo educativo masivo, abierto y en l{\'\i}nea, desde el empoderamiento social y el enfoque minimalista},
    author        = {Quintana, Javier Gil},
    year          = {2024},
    journal       = {Revista Latinoamericana Ogmios},
    volume        = {4},
    number        = {11},
    pages         = {11--20},
    doi           = {10.53595/rlo.v4.i11.105},
    issn          = {2789-0309},
    urldate       = {2024-10-31},
}

@article{guillen2024,
    title         = {Competencia digital en labores de investigación: Predictores que influyen en función del tipo de universidad y género del profesorado de educación superior},
    author        = {Guillén-Gámez, Francisco David and Gómez-García, Melchor and Ruiz-Palmero, Julio},
    year          = {2024},
    journal       = {Pixel-Bit. Revista de Medios y Educación},
    number        = {69},
    pages         = {7--34},
    doi           = {10.12795/pixelbit.99992},
    issn          = {1133-8482},
    url           = {https://doi.org/10.12795/pixelbit.99992},
    urldate       = {2024-10-20},
}

@article{chuchuca2024metaverso,
    title         = {El metaverso como entorno educativo: explorando nuevas posibilidades},
    author        = {Honores Chuchuca, Lucy Johanna and Cola P{\'e}rez, Cristian Andr{\'e}s and Trujillo Quinto, Wilfrido Amilcar  and Minga G{\'o}mez, Juan Carlos},
    year          = {2024},
    journal       = {Dominio de las Ciencias},
    volume        = {10},
    number        = {1},
    pages         = {53--65},
    issn          = {3028-8827},
    url           = {https://dominiodelasciencias.com/ojs/index.php/es/article/view/3698},
    urldate       = {2024-10-13},
}

@article{huesoromero2024,
    title         = {El Microaprendizaje servicio a través de los sNOOC: propuesta formativa para personas en riesgo de exclusión en México.},
    author        = {Hueso Romero, José Javier and García Blazquez, Eduardo and Gil Quintana, Javier},
    year          = {2024},
    month         = {6},
    journal       = {Edutec, Revista Electrónica de Tecnología Educativa},
    number        = {88},
    pages         = {42–61},
    doi           = {10.21556/edutec.2024.88.3101},
    url           = {https://www.edutec.es/revista/index.php/edutec-e/article/view/3101},
}

@article{Rahimi2024,
    title         = {A tri-phenomenon perspective to mitigate MOOCs' high dropout rates: the role of technical, pedagogical, and contextual factors on language learners' L2 motivational selves, and learning approaches to MOOC},
    author        = {Amir Reza Rahimi},
    year          = {2024},
    journal       = {Smart Learning Environments},
    volume        = {11},
    number        = {1},
    pages         = {11},
    doi           = {10.1186/s40561-024-00297-7},
    issn          = {2196-7091},
    url           = {https://doi.org/10.1186/s40561-024-00297-7},
}

@article{Ratnasari2024,
    title         = {From hype to reality: the changing landscape of MOOC research},
    author        = {Wiwit Ratnasari and Tzu-Chuan Chou and Chen-Hao Huang},
    year          = {2024},
    journal       = {Library Hi Tech},
    volume        = {ahead-of-print},
    number        = {ahead-of-print},
    doi           = {10.1108/lht-07-2023-0320},
}

@article{palacios-rodríguez2025,
    title         = {Macroevaluación de la competencia digital docente. Estudio DigCompEdu en España y Portugal},
    author        = {Palacios-Rodríguez, Antonio and Llorente-Cejudo, Carmen and Lucas, Margarida and Bem-haja, Pedro},
    year          = {2025},
    month         = {01},
    journal       = {RIED Revista Iberoamericana de Educación a Distancia},
    volume        = {28},
    doi           = {10.5944/ried.28.1.41379},
    urldate       = {2024-09-28},
}
