@article{alvarez_rol_1987,
	title = {El rol de la computadora en la enseñanza de la lectoescritura},
	volume = {8},
	url = {http://www.lecturayvida.fahce.unlp.edu.ar/numeros/a8n3/08_03_Alvarez.pdf},
	number = {3},
	urldate = {2021-06-15},
	journal = {Lectura y Vida},
	author = {Álvarez, José Ángel},
	year = {1987},
	pages = {26-34}
}
@article{andrade2017,
	title = {Leer y escribir en tiempos de las nuevas tecnologías de la información y la comunicación},
	url = {http://localhost:8080/xmlui/handle/654321/1976},
	urldate = {2021-06-15},
	author = {Andrade, Malena and Moreno, Duglas},
	month = mar,
	year = {2017}
}
@article{andrews2003,
	title = {Where {Next} in {Research} on {ICT} and {Literacies}?},
	volume = {37},
	url = {https://www.tandfonline.com/doi/full/10.1111/j.1754-8845.2003.tb00603.x},
	doi = {10.1111/j.1754-8845.2003.tb00603.x},
	number = {3},
	urldate = {2021-06-15},
	journal = {English in Education},
	author = {Andrews, Richard},
	month = sep,
	year = {2003},
	pages = {28-41}
}
@article{avidov-ungar2018,
	title = {Development of a teacher questionnaire on the use of {ICT} tools to teach first language writing},
	volume = {31},
	url = {https://www.tandfonline.com/doi/full/10.1080/09588221.2018.1433216},
	doi = {10.1080/09588221.2018.1433216},
	number = {7},
	urldate = {2021-06-15},
	journal = {Computer Assisted Language Learning},
	author = {Avidov-Ungar, Orit and Amir, Aliza},
	month = sep,
	year = {2018},
	pages = {675-693}
}
@article{badillo-jimenez2020,
	title = {Uso de las {TIC} en la enseñanza-aprendizaje de la comprensión lectora en niños autistas},
	volume = {16},
	url = {https://dialnet.unirioja.es/servlet/articulo?codigo=7437445},
	number = {1},
	urldate = {2021-06-15},
	journal = {Praxis-Colombia},
	author = {Badillo-Jiménez, Vanessa Tatiana and Iguarán-Jiménez, Amanda Miguel },
	year = {2020},
	pages = {1-9}
}
@article{bailey2016,
	title = {Effects of {ABRACADABRA} literacy instruction on children with autism spectrum disorder.},
	volume = {109},
	url = {http://doi.apa.org/getdoi.cfm?doi=10.1037/edu0000138},
	doi = {10.1037/edu0000138},
	number = {2},
	urldate = {2021-06-15},
	journal = {Journal of Educational Psychology},
	author = {Bailey, Benjamin and Arciuli, Joanne and Stancliffe, Roger J.},
	year = {2016},
	pages = {257-268}
}
@article{bautistavillalobos2015,
	title = {Prácticas de lectura y escritura mediadas por las {Tics} en contextos educativos rurales},
	volume = {13},
	url = {http://revistas.usb.edu.co/index.php/GuillermoOckham/article/view/1692},
	doi = {10.21500/22563202.1692},
	number = {1},
	urldate = {2021-06-15},
	journal = {Revista Guillermo de Ockham},
	author = {Bautista Villalobos, Sabrina and Méndez de Cuellar, Myriam},
	month = jun,
	year = {2015},
	pages = {97}
}
@article{bhattacharya2003,
	title = {[{No} title found]},
	volume = {58},
	url = {http://link.springer.com/10.1023/A:1026244828759},
	doi = {10.1023/A:1026244828759},
	number = {2},
	urldate = {2021-06-15},
	journal = {Scientometrics},
	author = {Bhattacharya, Sujit and Kretschmer, Hildrun and Meyer, Martin},
	year = {2003},
	pages = {369-390}
}
@article{cahlik2000,
	title = {[{No} title found]},
	volume = {49},
	url = {http://link.springer.com/10.1023/A:1010533506061},
	doi = {10.1023/A:1010533506061},
	number = {3},
	urldate = {2021-06-15},
	journal = {Scientometrics},
	author = {Cahlik, Tomas},
	year = {2000},
	pages = {389-402}
}
@book{cassany2011,
	address = { Barcelona},
	title = {En {Línea}. {Leer} y escribir en la red},
	publisher = {Editorial Anagrama },
	author = {Cassany , Daniel },
	year = {2011}
}
@article{castillo2010,
	title = {Investigación en comunicación: estudio bibliométrico de las revistas de comunicación en {España}},
	url = {http://rua.ua.es/dspace/handle/10045/22678},
	urldate = {2021-06-15},
	author = {Castillo, Antonio and Carretón-Ballester, Carmen},
	year = {2010}
}
@article{chiu2005,
	title = {Bibliometric analysis of homeopathy research during the period of 1991 to 2003},
	volume = {63},
	url = {http://link.springer.com/10.1007/s11192-005-0201-7},
	doi = {10.1007/s11192-005-0201-7},
	number = {1},
	urldate = {2021-06-15},
	journal = {Scientometrics},
	author = {Chiu, Wen-Ta and Ho, Yuh-Shan},
	month = mar,
	year = {2005},
	pages = {3-23}
}
@article{coiro2007,
	title = {Exploring the online reading comprehension strategies used by sixth-grade skilled readers to search for and locate information on the {Internet}},
	volume = {42},
	url = {http://doi.wiley.com/10.1598/RRQ.42.2.2},
	doi = {10.1598/RRQ.42.2.2},
	number = {2},
	urldate = {2021-06-15},
	journal = {Reading Research Quarterly},
	author = {Coiro, Julie and Dobler, Elizabeth},
	month = apr,
	year = {2007},
	pages = {214-257}
}
@article{cordongarcia2015,
	title = {¿{Se} está transformando la lectura y la escritura en la era digital?},
	volume = {38},
	url = {https://revistas.udea.edu.co/index.php/RIB/article/view/22585},
	doi = {10.17533/udea.rib.v38n2a05},
	number = {2},
	urldate = {2021-06-15},
	journal = {Revista Interamericana de Bibliotecología},
	author = {Cordón García, José Antonio and Jarvio Fernández, A. Olivia and {Universidad de Salamanca}},
	month = may,
	year = {2015}
}
@article{ding2001,
	title = {Bibliometric cartography of information retrieval research by using co-word analysis},
	volume = {37},
	url = {https://linkinghub.elsevier.com/retrieve/pii/S0306457300000510},
	doi = {10.1016/S0306-4573(00)00051-0},
	number = {6},
	urldate = {2021-06-15},
	journal = {Information Processing \& Management},
	author = {Ding, Ying and Chowdhury, Gobinda G and Foo, Schubert},
	month = nov,
	year = {2001},
	pages = {817-842}
}
@article{felix2017,
	title = {A pilot study of the use of emerging computer technologies to improve the effectiveness of reading and writing therapies in children with {Down} syndrome: {Emerging} computer tool for learning in children with {DS}},
	volume = {48},
	url = {http://doi.wiley.com/10.1111/bjet.12426},
	doi = {10.1111/bjet.12426},
	number = {2},
	urldate = {2021-06-15},
	journal = {British Journal of Educational Technology},
	author = {Felix, Vanessa G. and Mena, Luis J. and Ostos, Rodolfo and Maestre, Gladys E.},
	month = mar,
	year = {2017},
	pages = {611-624}
}
@article{fernandezcano1998,
	title = {Síntesis de estudios bibliométricos españoles en educación. {Una} dimensión evaluativa},
	volume = {21},
	url = {http://redc.revistas.csic.es/index.php/redc/article/view/356/603},
	doi = {10.3989/redc.1998.v21.i3.356},
	number = {3},
	urldate = {2021-06-15},
	journal = {Revista española de Documentación Científica},
	author = {Fernández Cano, A. and Bueno Sánchez, A.},
	month = sep,
	year = {1998},
	pages = {269-285}
}
@article{genlott2013,
	title = {Improving literacy skills through learning reading by writing: {The} {iWTR} method presented and tested},
	volume = {67},
	url = {https://linkinghub.elsevier.com/retrieve/pii/S0360131513000857},
	doi = {10.1016/j.compedu.2013.03.007},
	urldate = {2021-06-15},
	journal = {Computers \& Education},
	author = {Genlott, Annika Agélii and Grönlund, Åke},
	month = sep,
	year = {2013},
	pages = {98-104}
}
@article{godoy2017,
	title = {Fotografías en el aula: ¿{Nuevas} prácticas de lectura y escritura mediadas por {TIC}?},
	shorttitle = {Fotografías en el aula},
	url = {https://ri.conicet.gov.ar/handle/11336/75518},
	urldate = {2021-06-15},
	author = {Godoy, Lucía Francisca},
	month = oct,
	year = {2017}
}
@article{gozukucuk2020,
	title = {Computer-{Based} {Reading} {Texts} to {Support} {Fourth} {Graders}’ {Reading} {Comprehension}},
	volume = {21},
	url = {https://latinjournal.org/index.php/gist/article/view/820},
	doi = {10.26817/16925777.820},
	urldate = {2021-06-15},
	journal = {GIST – Education and Learning Research Journal},
	author = {Gözüküçük, Meral and Günbaş, Nilgün},
	month = dec,
	year = {2020},
	pages = {47-68}
}
@article{hautala2020,
	title = {Identification of {Reading} {Difficulties} by a {Digital} {Game}-{Based} {Assessment} {Technology}},
	volume = {58},
	url = {http://journals.sagepub.com/doi/10.1177/0735633120905309},
	doi = {10.1177/0735633120905309},
	language = {en},
	number = {5},
	urldate = {2021-06-15},
	journal = {Journal of Educational Computing Research},
	author = {Hautala, Jarkko and Heikkilä, Riikka and Nieminen, Lea and Rantanen, Vesa and Latvala, Juha-Matti and Richardson, Ulla},
	month = sep,
	year = {2020},
	pages = {1003-1028}
}
@article{keane2016,
	title = {Beyond traditional literacy: {Learning} and transformative practices using {ICT}},
	volume = {21},
	url = {http://link.springer.com/10.1007/s10639-014-9353-5},
	doi = {10.1007/s10639-014-9353-5},
	number = {4},
	urldate = {2021-06-15},
	journal = {Education and Information Technologies},
	author = {Keane, Therese and Keane, William F. and Blicblau, Aaron S.},
	month = jul,
	year = {2016},
	pages = {769-781}
}
@book{knoke2007,
	address = {United States of America},
	title = {Social {Network} {Analysis}},
	publisher = {SAGE},
	author = {Knoke, David and Yang, Song},
	month = nov,
	year = {2007}
}
@book{kress2005,
	address = {Granada; Málaga},
	title = {El {Alfabetismo} en la era de los nuevos medios de comunicación},
	publisher = {Consorcio Fernando de los Ríos ; Aljibe},
	author = {Kress, Gunther R and {Consorcio para la Enseñanza Abierta y a Distancia de Andalucía "Fernando de los Ríos."}},
	year = {2005}
}
@book{lerner2001,
	address = {México},
	title = {Leer y escribir en la escuela: {Lo} {Real}, {Lo} {Posible} {Y} {Lo} {Necesario}},
	publisher = {Fondo de cultura económica},
	author = {Lerner, Delia},
	year = {2001}
}
@article{licea2002,
	title = {Bibliometría ¿para qué?},
	volume = {5},
	url = {https://www.redalyc.org/articulo.oa?id=28550102},
	language = {Español},
	number = {1},
	urldate = {2021-06-15},
	journal = {Biblioteca Universitaria},
	author = {Licea, Judith de and Santillán-Rivero, Emma Georgina},
	year = {2002},
	pages = {3-10}
}
@article{liu2019,
	title = {Roles of paper-based reading ability and {ICT}-related skills in online reading performance},
	volume = {32},
	url = {http://link.springer.com/10.1007/s11145-018-9892-z},
	doi = {10.1007/s11145-018-9892-z},
	number = {4},
	urldate = {2021-06-15},
	journal = {Reading and Writing},
	author = {Liu, I-Fang and Ko, Hwa-Wei},
	month = apr,
	year = {2019},
	pages = {1037-1059}
}
@article{lopez2015,
	title = {Analysis and {Implications} of the {Impact} of {MOOC} {Movement} in the {Scientific} {Community}: {JCR} and {Scopus} (2010-13)},
	volume = {22},
	url = {https://www.revistacomunicar.com/index.php?contenido=detalles&numero=44&articulo=44-2015-08},
	doi = {10.3916/C44-2015-08},
	number = {44},
	urldate = {2021-06-15},
	journal = {Comunicar},
	author = {López, Eloy and Vázquez, Esteban and Román, Pedro},
	month = jan,
	year = {2015},
	pages = {73-80}
}
@article{luna2020,
	title = {Learning from {Versus} {Learning} with {Technology}: {Supporting} {Constructionist} {Reading} {Comprehension} {Learning} with {iPad} {Applications}},
	volume = {65},
	url = {http://link.springer.com/10.1007/s11528-020-00532-1},
	doi = {10.1007/s11528-020-00532-1},
	number = {1},
	urldate = {2021-06-15},
	journal = {TechTrends},
	author = {Luna, Andria and Francom, Gregory M. and Wold, Cheryl M.},
	year = {2020},
	pages = {79-89}
}
@book{magadan2014,
	address = {Buenos Aires},
	title = {Integración {De} {La} {Tecnología} {Educativa} {En} {El} {Aula} {Enseñar} {Lengua} {Y} {Literatura} {Con} {Las} {Tic}},
	publisher = {Cengage Learning Argentina},
	author = {Magadan, Cecilia},
	year = {2014}
}
@article{moher2009,
	title = {Preferred {Reporting} {Items} for {Systematic} {Reviews} and {Meta}-{Analyses}: {The} {PRISMA} {Statement}},
	volume = {6},
	url = {https://dx.plos.org/10.1371/journal.pmed.1000097},
	doi = {10.1371/journal.pmed.1000097},
	number = {7},
	urldate = {2021-06-15},
	journal = {PLoS Medicine},
	author = {Moher, David and Liberati, Alessandro and Tetzlaff, Jennifer and Altman, Douglas G. and {The PRISMA Group}},
	month = jul,
	year = {2009},
	pages = {e1000097},
}
@article{montelongo2010,
	title = {Using {Technology} to {Support} {Expository} {Reading} and {Writing} in {Science} {Classes}},
	volume = {47},
	url = {http://www.tandfonline.com/doi/abs/10.1080/00368121003801388},
	doi = {10.1080/00368121003801388},
	number = {3},
	urldate = {2021-06-15},
	journal = {Science Activities: Classroom Projects and Curriculum Ideas},
	author = {Montelongo, José A. and Herter, Roberta J.},
	month = may,
	year = {2010},
	pages = {89-102}
}
@article{navarrete2015,
	title = {{COMPRENSIÓN} {DE} {LECTURA} {Y} {PRODUCCIÓN} {DE} {DISCURSO} {ESCRITO} {MEDIADOS} {POR} {TIC}, {EN} {EDUCACIÓN} {MEDIA}},
	volume = {4},
	url = {http://ojs.3ciencias.com/index.php/3c-tic/article/view/300},
	doi = {10.17993/3ctic.2015.44.244-254},
	number = {4},
	urldate = {2021-06-15},
	journal = {3C TIC, cuadernos de desarrollo aplicados a las TIC},
	author = {Navarrete, Lizmery and Vargas, Jacob},
	month = dec,
	year = {2015},
	pages = {244-254}
}
@article{neirapineiro2015,
	title = {Reading and writing about literature on the {Internet}. {Two} innovative experiences with blogs in higher education},
	volume = {52},
	url = {http://www.tandfonline.com/doi/full/10.1080/14703297.2014.900452},
	doi = {10.1080/14703297.2014.900452},
	number = {5},
	urldate = {2021-06-15},
	journal = {Innovations in Education and Teaching International},
	author = {Neira-Piñeiro, María del Rosario},
	month = sep,
	year = {2015},
	pages = {546-557}
}
@article{periathiruvadi2012,
	title = {Technology in {Gifted} {Education}: {A} {Review} of {Best} {Practices} and {Empirical} {Research}},
	volume = {45},
	url = {http://www.tandfonline.com/doi/abs/10.1080/15391523.2012.10782601},
	doi = {10.1080/15391523.2012.10782601},
	number = {2},
	urldate = {2021-06-15},
	journal = {Journal of Research on Technology in Education},
	author = {Periathiruvadi, Sita and Rinn, Anne N.},
	month = dec,
	year = {2013},
	pages = {153-169}
}
@article{polihronov2019,
	title = {\begin{russian}Педагогическа технология за стимулиране на четирите основни умения – слушане, четене, говорене и писане, формирани в процеса на ограмотяване в първи клас\end{russian}},
	volume = {91},
	url = {https://www.ceeol.com/search/article-detail?id=784816},
	number = {6},
	urldate = {2021-06-15},
	journal = {\begin{russian}Педагогика\end{russian}},
	author = {Polihronov, Daniel},
	year = {2019},
	pages = {880-890}
}
@article{sandberg2015,
	title = {Teacher’s perspective on how to promote children’s learning in reading and writing},
	volume = {30},
	url = {http://www.tandfonline.com/doi/full/10.1080/08856257.2015.1046738},
	doi = {10.1080/08856257.2015.1046738},
	number = {4},
	urldate = {2021-06-15},
	journal = {European Journal of Special Needs Education},
	author = {Sandberg, Gunilla and Hellblom-Thibblin, Tina and Garpelin, Anders},
	month = oct,
	year = {2015},
	pages = {505-517}
}

@article{costa2016,
	title = {Inserção de atividades pedagógicas mediadas pelas {TIC} na alfabetização},
	url = {http://www.repositorio.ufc.br/handle/riufc/24372},
	urldate = {2021-06-15},
	author = {{Santos da Costa}, Lucia Margarete and Alberti, Tais Fim},
	year = {2016}
}

@article{schneider2016,
	title = {The {Effects} of an {ICT}-{Based} {Reading} {Intervention} on {Students}’ {Achievement} in {Grade} {Two}},
	volume = {37},
	url = {http://www.tandfonline.com/doi/full/10.1080/02702711.2015.1111963},
	doi = {10.1080/02702711.2015.1111963},
	number = {5},
	urldate = {2021-06-15},
	journal = {Reading Psychology},
	author = {Schneider, Deborah and Chambers, Alex and Mather, Nancy and Bauschatz, Retina and Bauer, Meredyth and Doan, Lesli},
	month = jul,
	year = {2016},
	pages = {793-831}
}
@article{suarezcardenas2015,
	title = {Desarrollo de la lectoescritura mediante {TIC} y recursos educativos abiertos},
	volume = {7},
	url = {https://www.redalyc.org/articulo.oa?id=68838021002},
	number = {1},
	urldate = {2021-06-15},
	journal = {Apertura},
	author = {Suárez Cárdenas, Ana Inírida  and Rodríguez, Claudia Yaneth Pérez and Castaño, María Marleny Vergara and Jiménez, Víctor Hugo Alférez},
	year = {2015},
	keywords = {Procesos, lectura, habilidad, herramientas, ayudas, Processes, reading, skill, tools, helps},
	pages = {1-13}
}
@book{vandijk1983,
	address = {Nueva York},
	title = {Strategies of {Discourse} {Comprehension}},
	publisher = {Academic Press},
	author = {Van Dijk, T. A. and Kintsch, W.},
	year = {1983}
}
@article{viedmadeljesus2011,
	title = {Sketching the first 45 years of the journal {Psychophysiology} (1964-2008): {A} co-word-based analysis: {Forty}-five years of {Psychophysiology}},
	volume = {48},
	url = {http://doi.wiley.com/10.1111/j.1469-8986.2011.01171.x},
	doi = {10.1111/j.1469-8986.2011.01171.x},
	number = {8},
	urldate = {2021-06-15},
	journal = {Psychophysiology},
	author = {Viedma-Del-Jesus, Maria Isabel and Perakakis, Pandelis and Muñoz, Miguel Ángel and López-Herrera, Antonio Gabriel and Vila, Jaime},
	month = aug,
	year = {2011},
	pages = {1029-1036}
}
@article{voogt2007,
	title = {Using {ICT} to {Foster} ({Pre}) {Reading} and {Writing} {Skills} in {Young} {Children}},
	volume = {24},
	url = {http://www.tandfonline.com/doi/abs/10.1300/J025v24n03_06},
	doi = {10.1300/J025v24n03_06},
	number = {3-4},
	urldate = {2021-06-15},
	journal = {Computers in the Schools},
	author = {Voogt, Joke and McKenney, Susan},
	month = dec,
	year = {2007},
	pages = {83-94}
}
@article{weiser2019,
	title = {Expert reading coaching via technology: {Investigating} the reading, writing, and spelling outcomes of students in grades {K}–8 experiencing significant reading learning disabilities},
	volume = {69},
	url = {http://link.springer.com/10.1007/s11881-018-00175-1},
	doi = {10.1007/s11881-018-00175-1},
	number = {1},
	urldate = {2021-06-15},
	journal = {Annals of Dyslexia},
	author = {Weiser, Beverly and Buss, Carolyn and Sheils, Ashley Parker and Gallegos, Elisa and Murray, L. Robin},
	month = apr,
	year = {2019},
	pages = {54-79}
}
@article{wu2012,
	title = {Review of trends from mobile learning studies: {A} meta-analysis},
	volume = {59},
	url = {https://linkinghub.elsevier.com/retrieve/pii/S0360131512000735},
	doi = {10.1016/j.compedu.2012.03.016},
	number = {2},
	urldate = {2021-06-15},
	journal = {Computers \& Education},
	author = {Wu, Wen-Hsiung and Jim Wu, Yen-Chun and Chen, Chun-Yu and Kao, Hao-Yun and Lin, Che-Hung and Huang, Sih-Han},
	month = sep,
	year = {2012},
	pages = {817-827}
}
@article{zhong2014,
	title = {How college students read and write on the web: {The} role of {ICT} use in processing online information},
	volume = {38},
	url = {https://linkinghub.elsevier.com/retrieve/pii/S0747563214003239},
	doi = {10.1016/j.chb.2014.05.037},
	urldate = {2021-06-15},
	journal = {Computers in Human Behavior},
	author = {Zhong, Bu and Appelman, Alyssa J.},
	month = sep,
	year = {2014},
	pages = {201-207}
}
