@book{donaldknuth1984,
 author = {Donald E. Knuth},
 title = {The TeXbook},
 publisher = {Addison-Wesley Professional},
 year = {1984},
 isbn = {0201134489}
}


@book{leslielamport1994,
 author = {Leslie Lamport},
 title = {LaTeX: A Document Preparation System (2nd Edition)},
 publisher = {Addison-Wesley Professional},
 year = {1994},
 isbn = {0201529831}
}

@book{araujo2020,
 author = {Alessandro Vivas and Leonardo Ara\'{u}jo and Luciana Assis},
 title = {LaTeX: Elabora\c{c}\~{a}o de Documentos Digitais},
 year = {2020},
 isbn = {9786500076141}
} 
