@incollection{Browder2010,
    title         = {True crime},
    author        = {Laura Browder},
    year          = {2010},
    month         = jul,
    booktitle     = {The Cambridge Companion to American Crime Fiction},
    publisher     = {Cambridge University Press},
    pages         = {121--134},
    doi           = {10.1017/ccol9780521199377.011},
    url           = {https://doi.org/10.1017/ccol9780521199377.011},
    editor        = {Catherine Ross Nickerson},
}

@article{Minayo2012,
    title         = {An{\'{a}}lise qualitativa: teoria,  passos e fidedignidade},
    author        = {Maria Cec{\'{\i}}lia de Souza Minayo},
    year          = {2012},
    month         = mar,
    journal       = {Ci{\^{e}}ncia {\&} Sa{\'{u}}de Coletiva},
    publisher     = {{FapUNIFESP} ({SciELO})},
    volume        = {17},
    number        = {3},
    pages         = {621--626},
    doi           = {10.1590/s1413-81232012000300007},
    url           = {https://doi.org/10.1590/s1413-81232012000300007},
}

@article{Teixeira2016,
    title         = {Movimento Booktubers: pr{\'{a}}ticas emergentes de media{\c{c}}{\~{a}}o de leitura / Booktubers movement: emerging practices of reading mediation},
    author        = {Claudia Souza Teixeira and Andressa Abra{\~{a}}o Costa},
    year          = {2016},
    month         = dec,
    journal       = {Texto Livre: Linguagem e Tecnologia},
    publisher     = {Universidade Federal de Minas Gerais - Pro-Reitoria de Pesquisa},
    volume        = {9},
    number        = {2},
    pages         = {13--31},
    doi           = {10.17851/1983-3652.9.2.13-31},
    url           = {https://doi.org/10.17851/1983-3652.9.2.13-31},
}

@article{RezendeSouza2017,
    title         = {Abordagem quanti-qualitativa: supera{\c{c}}{\~{a}}o da dicotoamia quantitativa-qualitativa na pesquisa em educa{\c{c}}{\~{a}}o},
    author        = {Kellcia Rezende Souza and Maria Teresa Miceli Kerbauy},
    year          = {2017},
    month         = apr,
    journal       = {Educa\c{c}\~{a}o e Filosofia},
    publisher     = {{EDUFU} - Editora da Universidade Federal de Uberlandia},
    volume        = {31},
    number        = {61},
    pages         = {21--44},
    doi           = {10.14393/revedfil.issn.0102-6801.v31n61a2017-p21a44},
    url           = {https://doi.org/10.14393/revedfil.issn.0102-6801.v31n61a2017-p21a44},
}

@article{Ferreira2018,
    title         = {Inova{\c{c}}{\~{a}}o no ensino: letramento cr{\'{\i}}tico no smartphone em sala de aula de l{\'{\i}}ngua portuguesa},
    author        = {{\'{E}}lida Paulina Ferreira and Daiane Concei{\c{c}}{\~{a}}o Sim{\~{o}}es Santos},
    year          = {2018},
    month         = dec,
    journal       = {Texto Livre: Linguagem e Tecnologia},
    publisher     = {Universidade Federal de Minas Gerais - Pro-Reitoria de Pesquisa},
    volume        = {11},
    number        = {3},
    pages         = {252--267},
    doi           = {10.17851/1983-3652.11.3.252-267},
    url           = {https://doi.org/10.17851/1983-3652.11.3.252-267},
}

@article{Kirchof2018,
    title         = {Leitura em tempos de rede: booktubers e jovens leitores/as},
    author        = {Edgar R Kirchof and Rosa Hessel Silveira},
    year          = {2018},
    month         = dec,
    journal       = {Revista Letras Raras},
    publisher     = {Editora da Universidade Federal de Campina Grande},
    volume        = {7},
    number        = {3},
    pages         = {55--74},
    doi           = {10.35572/rlr.v7i3.1171},
    url           = {https://doi.org/10.35572/rlr.v7i3.1171},
}

@article{Krug2019,
    title         = {O texto eletr{\^{o}}nico e suas particularidades textuais},
    author        = {Flavia Susana Krug},
    year          = {2019},
    month         = apr,
    journal       = {Texto Livre: Linguagem e Tecnologia},
    publisher     = {Universidade Federal de Minas Gerais - Pro-Reitoria de Pesquisa},
    volume        = {12},
    number        = {1},
    pages         = {37--47},
    doi           = {10.17851/1983-3652.12.1.37-47},
    url           = {https://doi.org/10.17851/1983-3652.12.1.37-47},
}

@article{VizcanoVerd2019,
    title         = {Reading and informal learning trends on {YouTube}: The booktuber},
    author        = {Arantxa Vizca{\'{\i}}no-Verd{\'{u}} and Paloma Contreras-Pulido and Mar{\'{\i}}a-Dolores Guzm{\'{a}}n-Franco},
    year          = {2019},
    month         = apr,
    journal       = {Comunicar},
    publisher     = {Grupo Comunicar},
    volume        = {27},
    number        = {59},
    pages         = {95--104},
    doi           = {10.3916/c59-2019-09},
    url           = {https://doi.org/10.3916/c59-2019-09},
}

@article{GarcaRoca2020,
    title         = {Spanish Reading Influencers in Goodreads: Participation,  Experience and Canon Proposed},
    author        = {Anastasio Garc{\'{\i}}a-Roca},
    year          = {2020},
    month         = jul,
    journal       = {Journal of New Approaches in Educational Research},
    publisher     = {University of Alicante},
    volume        = {9},
    number        = {2},
    pages         = {153},
    doi           = {10.7821/naer.2020.7.453},
    url           = {https://doi.org/10.7821/naer.2020.7.453},
}

@article{Pena2020,
    title         = {El an{\'{a}}lisis multimodal del anuncio publicitario audiovisual para el aula de Lengua Castellana y Literatura en Educaci{\'{o}}n Secundaria y Bachillerato},
    author        = {Z{\'{o}}simo L{\'{o}}pez Pena},
    year          = {2020},
    month         = may,
    journal       = {Educa{\c{c}}{\~{a}}o Forma{\c{c}}{\~{a}}o},
    publisher     = {Educacao e Formacao},
    volume        = {5},
    number        = {3},
    doi           = {10.25053/redufor.v5i15set/dez.2839},
    url           = {https://doi.org/10.25053/redufor.v5i15set/dez.2839},
}

@article{RamosNavasParejo2020,
    title         = {uso de las {TIC} para la animaci{\'{o}}n a la lectura en contextos vulnerables},
    author        = {Magdalena Ramos-Navas-Parejo and Mar{\'{\i}}a Pilar C{\'{a}}ceres-Reche and Rebeca Soler-Costa and Jos{\'{e}} Antonio Mar{\'{\i}}n-Mar{\'{\i}}n},
    year          = {2020},
    month         = oct,
    journal       = {Texto Livre: Linguagem e Tecnologia},
    publisher     = {Universidade Federal de Minas Gerais - Pro-Reitoria de Pesquisa},
    volume        = {13},
    number        = {3},
    pages         = {240--261},
    doi           = {10.35699/1983-3652.2020.25730},
    url           = {https://doi.org/10.35699/1983-3652.2020.25730},
}

@article{Souza2020,
    title         = {Saberes da doc{\^{e}}ncia: leitura cr{\'{\i}}tica,  emancipa{\c{c}}{\~{a}}o humana e profissional},
    author        = {Leticia Oliveira de Souza and Katyanna De Brito Anselmo},
    year          = {2020},
    month         = dec,
    journal       = {Pr{\'{a}}ticas Educativas,  Mem{\'{o}}rias e Oralidades - Rev. Pemo},
    publisher     = {Revista Praticas Educativas,  Memorias e Oralidades},
    volume        = {3},
    number        = {1},
    pages         = {e314290},
    doi           = {10.47149/pemo.v3i1.4290},
    url           = {https://doi.org/10.47149/pemo.v3i1.4290},
}

@article{fialho_formacao_2021a,
    title         = {A forma\c{c}\~{a}o do pedagogo em reflex\~{a}o},
    author        = {Fialho, Lia Machado Fiuza and Sousa, Francisca Genifer Andrade de},
    year          = {2021},
    month         = dec,
    journal       = {Plurais Revista Multidisciplinar},
    volume        = {6},
    number        = {3},
    pages         = {171--186},
    doi           = {10.29378/plurais.2447-9373.2021.v6.n3.8600},
    issn          = {2177-5060, 2447-9373},
    url           = {https://www.revistas.uneb.br/index.php/plurais/article/view/8600},
    urldate       = {2022-10-18},
}

@article{neves_utilizacao_2021b,
    title         = {Utiliza\c{c}\~{a}o de lives como ferramenta de educa\c{c}\~{a}o em sa\'{u}de durante a pandemia pela Covid-19},
    author        = {Neves, Vanusa Nascimento Sabino and Machado, Charliton Jos\'{e} dos Santos and Fialho, Lia Machado Fiuza and Sabino, Raquel do Nascimento},
    year          = {2021},
    journal       = {Educa\c{c}\~{a}o \& Sociedade},
    volume        = {42},
    pages         = {e240176},
    doi           = {10.1590/es.240176},
    issn          = {1678-4626},
    url           = {http://www.scielo.br/scielo.php?script=sci\_arttext\&pid=S0101-73302021000100308\&tlng=pt},
    urldate       = {2022-10-18},
}

@article{neves_trabalho_2021c,
    title         = {Trabalho docente no {Brasil} durante a pandemia da {Covid}-19},
    author        = {Neves, Vanusa Nascimento Sabino and Fialho, Lia Machado Fiuza and Machado, Charliton Jos\'{e} dos Santos},
    year          = {2021},
    month         = sep,
    journal       = {Educa\c{c}\~{a}o Unisinos},
    volume        = {25},
    pages         = {1--18},
    doi           = {10.4013/edu.2021.251.26},
    issn          = {2177-6210},
    url           = {http://revistas.unisinos.br/index.php/educacao/article/view/23128},
    urldate       = {2022-10-18},
}

@article{neves_ensino_2021d,
    title         = {Ensino remoto emergencial durante a pandemia de {COVID}-19 no {Brasil}: estado da arte},
    shorttitle    = {Ensino remoto emergencial durante a pandemia de {COVID}-19 no {Brasil}},
    author        = {Neves, Vanusa Nascimento Sabino and Valdegil, Daniel de Assis and Sabino, Raquel do Nascimento},
    year          = {2021},
    month         = mar,
    journal       = {Pr\'{a}ticas Educativas, Mem\'{o}rias e Oralidades - Rev. Pemo},
    volume        = {3},
    number        = {2},
    pages         = {e325271},
    doi           = {10.47149/pemo.v3i2.5271},
    issn          = {2675-519X},
    url           = {https://revistas.uece.br/index.php/revpemo/article/view/5271},
    urldate       = {2022-10-18},
}

@misc{feltrin2021,
    title         = {Ligando livros e pessoas},
    author        = {Tatiana Feltrin},
    year          = {2021},
    howpublished  = {\url{https://www.youtube.com/user/tatianagfeltrin}},
}

@misc{leite2021,
    title         = {V\'{a} ler um livro},
    author        = {Tatiany Leite},
    year          = {2021},
    howpublished  = {\url{https://www.youtube.com/channel/UCS5a1\_esduzm8pczibavnmq}},
}

@misc{lubrano2021,
    title         = {V\'{a} ler um livro},
    author        = {{Isabella Lubrano}},
    year          = {2021},
    howpublished  = {\url{https://www.youtube.com/c/lerantesdemorrer}},
}

@article{oliveira2021booktubers,
    title         = {Booktubers e bibliotecas: uma proposta de atua{\c{c}}{\~a}o inovadora de media{\c{c}}{\~a}o de leitura},
    author        = {Oliveira, Helo{\'a} Cristina Camargo de and Sundstr{\"o}m, Admeire and Santos, Cassia Dias and Prado, Ma{\'\i}ra},
    year          = {2021},
    journal       = {Revista Ibero-Americana de Ci{\^e}ncia da Informa{\c{c}}{\~a}o},
    volume        = {14},
    pages         = {8--25},
}

@article{Quiles2021,
    title         = {Discurso publicitario e intertextualidad: itinerarios para la formaci{\'{o}}n comunicativa del profesorado},
    author        = {Mar{\'{\i}}a del Carmen Quiles},
    year          = {2021},
    month         = jan,
    journal       = {Educa{\c{c}}{\~{a}}o \& Forma{\c{c}}{\~{a}}o},
    volume        = {6},
    number        = {1},
    pages         = {e3455},
    doi           = {10.25053/redufor.v6i1.3455},
    url           = {https://revistas.uece.br/index.php/redufor/article/view/3455},
}

@article{RomeroOliva2021,
    title         = {Una mirada a los cl{\'{a}}sicos en la formaci{\'{o}}n inicial de maestro desde la Lectura F{\'{a}}cil},
    author        = {Manuel Francisco Romero Oliva and Hugo Heredia Ponce and Paula Rivera Jurado},
    year          = {2021},
    month         = jan,
    journal       = {Educa{\c{c}}{\~{a}}o \& Forma{\c{c}}{\~{a}}o},
    volume        = {6},
    number        = {1},
    pages         = {e3533},
    doi           = {10.25053/redufor.v6i1.3533},
    url           = {https://revistas.uece.br/index.php/redufor/article/view/3533},
}

@article{SantosDaz2021,
    title         = {Motivaci{\'{o}}n por la lectura acad{\'{e}}mica de futuros docentes},
    author        = {Inmaculada Clotilde Santos D{\'{\i}}az and Mar{\'{\i}}a Ju{\'{a}}rez Calvillo and Ester Trigo Ib{\'{a}}{\~{n}}ez},
    year          = {2021},
    month         = jan,
    journal       = {Educa{\c{c}}{\~{a}}o Forma{\c{c}}{\~{a}}o},
    publisher     = {Educacao e Formacao},
    volume        = {6},
    number        = {1},
    pages         = {e3535},
    doi           = {10.25053/redufor.v6i1.3535},
    url           = {https://doi.org/10.25053/redufor.v6i1.3535},
}

@article{Silva2021,
    title         = {Principales vertientes de los estudios de alfabetizaci{\'{o}}n en Brasil},
    author        = {C{\'{\i}}cero da Silva and Adair Vieira Gon{\c{c}}alves},
    year          = {2021},
    month         = apr,
    journal       = {Texto Livre: Linguagem e Tecnologia},
    publisher     = {Universidade Federal de Minas Gerais - Pro-Reitoria de Pesquisa},
    volume        = {14},
    number        = {1},
    pages         = {e29164},
    doi           = {10.35699/1983-3652.2021.29164},
    url           = {https://doi.org/10.35699/1983-3652.2021.29164},
}

@misc{souza2021,
    title         = {Melina Souza},
    author        = {Melina Souza},
    year          = {2021},
    howpublished  = {\url{https://www.youtube.com/c/melinasouza01}},
}

@article{Tomasena2021,
    title         = {{\textquestiondown}Qui{\'{e}}nes son los {bookTubers}?},
    author        = {Jos{\'{e}} Miguel Tomasena},
    year          = {2021},
    month         = jun,
    journal       = {Ocnos. Revista de estudios sobre lectura},
    publisher     = {Universidad Castilla la Mancha},
    volume        = {20},
    number        = {2},
    pages         = {43--55},
    doi           = {10.18239/ocnos\_2021.20.2.2466},
    url           = {https://doi.org/10.18239/ocnos\_2021.20.2.2466},
}

@misc{rodrigues2021,
    title         = {Literatura, criminologia, cinema},
    author        = {Bel Rodrigues},
    year          = {2021},
    howpublished  = {\url{https://www.youtube.com/c/belrodrigues}},
}

@misc{rodriguesjoici2021,
    title         = {Ler at\'{e} amanhecer},
    author        = {Joici Rodrigues},
    year          = {2021},
    howpublished  = {\url{https://www.youtube.com/c/lerat\%c3\%89amanhecer}},
}
