
@article{bejar_neuroeducacion_2014,
	title = {Neuroeducación},
	copyright = {Derechos de autor},
	url = {https://revistas.comillas.edu/index.php/padresymaestros/article/view/2622},
	number = {355},
	urldate = {2022-08-22},
	journal = {Padres y Maestros / Journal of Parents and Teachers},
	author = {Béjar, M.},
	year = {2014},
	keywords = {neurociencia, neuroeducación, neuropsicopedagogía, aprendizaje, amígdala y emoción., opinión, una mirada sobre la educación, educación.},
	pages = {49--53},
}

@book{blakemore_como_2007,
	address = {Barcelona},
	title = {Cómo aprende el cerebro: {Las} claves para la educación. {Prólogo} de {José} {Antonio} {Marina}},
	publisher = {Editorial Ariel},
	author = {Blakemore, S. J. and Frith, U. and Chic, J. S.},
	month = jan,
	year = {2007},
}

@book{cardinali_neurociencia_2007,
	address = {México},
	title = {Neurociencia aplicada: sus fundamentos},
	publisher = {Médica Panamericana},
	author = {Cardinali, D.},
	year = {2007},
}

@phdthesis{castillo_neurociencias_2015,
	address = {Lima,},
	type = {Maestría en psicopedagogía y orientación tutorial},
	title = {Neurociencias y su relación en el proceso enseñanza aprendizaje},
	url = {https://repositorio.ucss.edu.pe/bitstream/handle/20.500.14095/180/Castillo_Galdo_tesis_maestria_2015.pdf?sequence=5&isAllowed=y},
	urldate = {2022-08-22},
	school = {Universidad Católica Sedes Sapientiae},
	author = {Castillo, C.},
	year = {2015},
}

@article{cumpa_valencia_usos_2019,
	title = {Usos y abusos del término “neurociencias”: una revisión sistemática en revistas indexadas en {Scielo}},
	volume = {4},
	url = {https://dialnet.unirioja.es/servlet/articulo?codigo=7304977},
	doi = {https://doi.org/10.32654/CONCIENCIAEPG.4-1.3},
	number = {1 (Enero - junio)},
	urldate = {2022-08-22},
	journal = {Revista ConCiencia EPG},
	author = {Cumpa Valencia, M.},
	year = {2019},
	pages = {30--67},
}

@article{durkheim_jugements_1911,
	title = {Jugements de valeur et jugements de réalité},
	volume = {19},
	journal = {Revue de Métaphysiue et de Morale},
	author = {Durkheim, E.},
	year = {1911},
	pages = { 437--453},
}

@book{garcia_ferrando_alisis_2015,
	address = {Madrid},
	title = {El análisis de la realidad social: métodos y técnicas de investigación},
	publisher = {Alianza editorial},
	author = {García Ferrando, M. and Alvira Martín, F. R. and Alonso Benito, L. E. and Escobar Mercado, M.},
	year = {2015},
}

@misc{george_spss_2003,
	address = {Boston},
	title = {{SPSS} for {Windows} step by step: {A} simple guide and reference},
	publisher = {Allyn \& Bacon},
	author = {George, D. and Mallery, P.},
	year = {2003},
}

@phdthesis{cardenas_gomez_identificacion_2021,
	address = {Torreón, Coahuila. México},
	type = {Maestria en {Ciencias} en {Ingeniería} {Electrica}},
	title = {Identificación y monitoreo de señales cerebrales que intervienen en movimientos involuntarios de articulaciones en pacientes con {Parkinson}. {Emotiv} {Epoc} {X}},
	url = {https://rinacional.tecnm.mx/bitstream/TecNM/1664/1/%2801%29-TMCIE-2021-Williams%20Gerardo%20C%C3%A1rdenas%20G%C3%B3mez.pdf},
	urldate = {2022-08-22},
	school = {Tecnológico Nacional de México},
	author = {Cárdenas Gómez, W. G.},
	year = {2021},
}

@book{herbert_dune_1965,
	address = {Barcelona},
	title = {Dune},
	publisher = {Ediciones Nova},
	author = {Herbert, F.},
	year = {1965},
}

@book{hernandez_neuroimagen_2022,
	edition = {en prensa},
	title = {Neuroimagen en {Neuropedagogía}},
	author = {Hernández, A. and De Barros, C.},
	year = {2022},
}

@misc{jimenez_ludica_2010,
	title = {Lúdica {Colombia}},
	url = {http://www.ludicacolombia.com},
	urldate = {2022-03-09},
	author = {Jiménez, C. A.},
	year = {2010},
}

@article{kaiser_index_1974,
	title = {An index of factorial simplicity},
	volume = {39},
	url = {https://doi.org/10.1007/BF02291575},
	doi = {10.1007/BF02291575},
	number = {1},
	urldate = {2022-08-22},
	journal = {Psychometrika},
	author = {Kaiser, H. F.},
	month = mar,
	year = {1974},
	keywords = {Public Policy, Statistical Theory, Factorial Simplicity, Factor Pattern, Pattern Matrix},
	pages = {31--36},
}

@book{manes_usar_2014,
	address = {Buenos Aires},
	title = {Usar el cerebro: {Conocer} nuestra mente para vivir mejor},
	publisher = {Planeta},
	author = {Manes, F. and Niro, M.},
	year = {2014},
}

@article{manso_ayuso_valoracion_2014,
	title = {Valoración del máster de formación de profesorado de educación secundaria : estudio de casos en dos universidades},
	copyright = {Cuando no se especifique otra condición, los documentos incorporados a Redined a texto completo, se hallan bajo las condiciones de uso de sólo lectura y únicamente podrán ser citados con reconocimiento del autor(es). Para cualquier otro uso, deberá solicitarse el permiso del autor (es)},
	url = {https://redined.educacion.gob.es/xmlui/handle/11162/102248},
	doi = {10.4438/1988-592X-RE-2014-364-258},
	urldate = {2022-08-22},
	journal = {Revista de educación},
	author = {Manso Ayuso, J. and Martín Ortega, E.},
	year = {2014},
}

@phdthesis{mengual_andres_importancia_2011,
	type = {Doctoral thesis},
	title = {La importancia percibida por el profesorado y el alumnado sobre la inclusión de la competencia digital en {Educación} {Superior}.: {Un} análisis en {Ciencias} de la {Actividad} {Física} y el {Deporte} de la {Universidad} de {Alicante}},
	url = {https://dialnet.unirioja.es/servlet/tesis?codigo=59631},
	urldate = {2022-08-22},
	school = {Universidad de Alicante},
	author = {Mengual Andrés, S.},
	year = {2011},
}

@article{ordonez-diaz_importancia_2017,
	title = {Importancia de la educación ambiental en la gestión del riesgo socio-natural en cinco países de {América} {Latina} y el {Caribe}},
	volume = {22},
	url = {http://www.revistas.una.ac.cr/index.php/EDUCARE/article/view/9012},
	doi = {10.15359/ree.22-1.17},
	number = {1},
	urldate = {2022-08-22},
	journal = {Revista Electrónica Educare},
	author = {Ordóñez-Díaz, M. M. and Montes-Arias, L. M. and Garzón-Cortes, G. Del P.},
	month = dec,
	year = {2017},
	pages = {1},
}

@article{penalva_velez_objetivos_2010,
	title = {Objetivos y contenidos sobre interculturalidad en la formación inicial de educadores y educadoras},
	volume = {18},
	copyright = {Derechos de autor},
	url = {https://revistas.unav.edu/index.php/estudios-sobre-educacion/article/view/4651},
	urldate = {2022-08-22},
	journal = {Estudios sobre Educación},
	author = {Peñalva Vélez, A. and Soriano Ayala, E.},
	year = {2010},
	keywords = {interculturalidad, Convergencia Europea, espacio europeo de educación superior, formación inicial, magisterio, pedagogía.},
	pages = {37--57},
}

@book{sarramona_aspectos_1977,
	address = {Barcelona},
	title = {Aspectos diferenciales de la educación},
	publisher = {CEAC},
	author = {Sarramona, J. and Ferrández, A.},
	year = {1977},
}

@article{maximo_projeto_2020,
	title = {Projeto {Novos} {Rumos} 4.0: pedagogia crítica, metodologias ativas e desenvolvimento humano no ensino de programação básica},
	volume = {13},
	copyright = {Copyright (c) 0},
	url = {https://periodicos.ufmg.br/index.php/textolivre/article/view/24075},
	doi = {10.17851/1983-3652.13.1.120-136},
	number = {1},
	urldate = {2022-08-22},
	journal = {Texto Livre},
	author = {Máximo, J. C. and Custódio, K. Z.},
	month = jul,
	year = {2020},
	keywords = {ensino, pedagogia crítica, programação, Python, desenvolvimento humano},
	pages = {120--136},
}

@article{terigi_initial_2009,
	title = {Initial teacher training in {Secondary} {Education}: needs to improve, acknowledgement of its limits},
	number = {350},
	journal = {Revista de Educación},
	author = {Terigi, F.},
	year = {2009},
	pages = {123--144},
}

@inproceedings{torres_rios_caracterizacion_2018,
	title = {Caracterización del neuroaprendizaje en estudiantes de licenciatura},
	volume = {4},
	url = {https://postgradoeducacionuatx.org/pdf2018/A231.pdf},
	urldate = {2022-08-22},
	booktitle = {Debates en {Evaluación} y {Currículum}},
	author = {Torres Ríos, H. and Alvarado Zermeño, G. and Bernal Trigueros, A.},
	year = {2018},
}

@book{rotger_amengual_ciencias_1984,
	address = {Madrid},
	title = {Ciencias de la educación : temas fundamentales},
	publisher = {Escuela Española},
	author = {Rotger Amengual, B.},
	year = {1984},
}

@article{villegas_mendez_interfaz_2019,
	title = {Interfaz cerebro ordenador {BCI} mediante el uso de {Emotiv} {Insight}},
	volume = {9},
	url = {http://www.scielo.org.bo/scielo.php?script=sci_abstract&pid=S1683-07892019000100002&lng=es&nrm=iso&tlng=es},
	number = {1},
	urldate = {2022-08-22},
	journal = {Acta Nova},
	author = {Villegas Méndez, B. M. and Rojas Fernández, M. G.},
	month = mar,
	year = {2019},
	pages = {3--31},
}