@book{bakthin1986,
    title         = {Speech Genres and Other Late Essays},
    author        = {Bakhtin, Mikahil},
    year          = {1986},
    publisher     = {University Of Texas Press},
    address       = {Texas, USA},
}

@incollection{moita2006linguistica,
    title         = {Uma lingu{\'\i}stica aplicada mesti{\c{c}}a e ideol{\'o}gica: interrogando o campo como linguista aplicado},
    author        = {Moita Lopes, Luiz Paulo da},
    year          = {2006},
    booktitle     = {Por uma lingu\'{\i}stica aplicada Indisciplinar},
    publisher     = {Par\'{a}bola Editorial},
    address       = {S\~{a}o Paulo, SP},
    pages         = {13--44},
    editor        = {Moita Lopes, Luiz Paulo da},
}

@article{saviani_trabalho_2007,
    title         = {Trabalho e educa\c{c}\~{a}o: fundamentos ontol\'{o}gicos e hist\'{o}ricos},
    author        = {Saviani, Dermeval},
    year          = {2007},
    journal       = {Revista Brasileira de Educa\c{c}\~{a}o},
    volume        = {12},
    number        = {34},
    pages         = {152--180},
    doi           = {10.1590/S1413-24782007000100012},
}

@article{urzeda-freitas_educando_2012,
    title         = {Educando para transgredir: reflex\~{o}es sobre o ensino cr\'{\i}tico de l\'{\i}nguas estrangeiras/ingl\^{e}s},
    author        = {Urz\^{e}da-Freitas, Marco T\'{u}lio De},
    year          = {2012},
    journal       = {Trabalhos em Lingu\'{\i}stica Aplicada},
    volume        = {51},
    number        = {1},
    pages         = {77--97},
    doi           = {10.1590/S0103-18132012000100005},
}

@article{brait_olhar_2013,
    title         = {Olhar e ler: verbo-visualidade em perspectiva dial\'{o}gica},
    author        = {Brait, Beth},
    year          = {2013},
    journal       = {Bakhtiniana: Revista de Estudos do Discurso},
    volume        = {8},
    number        = {2},
    pages         = {43--66},
    doi           = {10.1590/S2176-45732013000200004},
    url           = {https://revistas.pucsp.br/index.php/bakhtiniana/article/view/16568},
}

@article{ahangari2014effect,
    title         = {The effect of intertextuality on Iranian EFL learners' critical writing},
    author        = {Ahangari, Saeideh and Sepehran, Hayedeh},
    year          = {2014},
    journal       = {Iranian Journal of Language Teaching Research},
    publisher     = {Urmia University},
    volume        = {2},
    number        = {1},
    pages         = {85--98},
}

@article{rohling2014pesquisa,
    title         = {A pesquisa qualitativa e an{\'a}lise dial{\'o}gica do discurso: caminhos poss{\'\i}veis},
    author        = {Rohling, N{\'\i}vea},
    year          = {2014},
    journal       = {Cadernos de Linguagem e Sociedade},
    volume        = {15},
    number        = {2},
    pages         = {44--60},
}

@book{bakhtin_os_2016,
    title         = {Os g\^{e}neros do discurso. {Organiza\c{c}\~{a}o}, tradu\c{c}\~{a}o, posf\'{a}cio e notas de {Paulo} {Bezerra}; notas da edi\c{c}\~{a}o russa de {Serguei} {Botcharov}.},
    shorttitle    = {Os g\^{e}neros do discurso.},
    author        = {Bakhtin, Mikhail},
    year          = {2016},
    publisher     = {Editora 34},
    address       = {S\~{a}o Paulo, SP},
}

@article{bobkina_literature_2016,
    title         = {Literature and critical literacy pedagogy in the {EFL} classroom: {Towards} a model of teaching critical thinking skills},
    shorttitle    = {Literature and critical literacy pedagogy in the {EFL} classroom},
    author        = {Bobkina, Jelena and Stefanova, Svetlana},
    year          = {2016},
    month         = dec,
    journal       = {Studies in Second Language Learning and Teaching},
    volume        = {6},
    number        = {4},
    pages         = {677--696},
    doi           = {10.14746/ssllt.2016.6.4.6},
    issn          = {2084-1965, 2083-5205},
    url           = {https://pressto.amu.edu.pl/index.php/ssllt/article/view/6819},
    urldate       = {2023-06-18},
}

@article{sobkowiak_critical_2016,
    title         = {Critical thinking in the intercultural context: {Investigating} {EFL} textbooks},
    author        = {Sobkowiak, Pawe\l{}},
    year          = {2016},
    journal       = {Studies in Second Language Learning and Teaching},
    volume        = {6},
    number        = {4},
    pages         = {697--716},
    doi           = {10.14746/ssllt.2016.6.4.7},
}

@book{brasilministeriocurricular,
    title         = {Base Nacional Comum Curricular - Ensino M\'{e}dio},
    author        = {Brasil},
    year          = {2017},
    publisher     = {Minist\'{e}rio da Educa\c{c}\~{a}o},
    address       = {Bras\'{\i}lia, DF},
    pages         = {578},
    editortype    = {Minist\'{e}rio da Educa\c{c}\~{a}o, Brasil},
}

@article{suarcaya2017investigating,
    title         = {Investigating Students' Critical Reading: Critical Literacy in EFL Setting.},
    author        = {Suarcaya, Putu and Prasasti, Wigati Dyah},
    year          = {2017},
    journal       = {Electronic Journal of Foreign Language Teaching},
    volume        = {14},
    number        = {2},
    pages         = {220--232},
}

@book{volochinov2018,
    title         = {Marxismo e filosofia da linguagem: problemas fundamentais do m\'{e}todo sociol\'{o}gico na ci\^{e}ncia da linguagem},
    author        = {Vol\'{o}chinov, Valentin},
    year          = {2018},
    publisher     = {Editora 34},
    address       = {S\~{a}o Paulo},
    pages         = {376},
    translator    = {Grillo, Sheila and \'{A}m\'{e}rico, Ekaterina V\'{o}lkova},
}

@article{costados2011visualizaccao,
    title         = {Visualiza{\c{c}}{\~a}o: a quinta habilidade lingu{\'\i}stica no ensino e aprendizagem de ingl{\^e}s como l{\'\i}ngua estrangeira},
    author        = {Costa, Giselda dos Santos},
    year          = {2019},
    journal       = {Revista Linguagem em Foco},
    volume        = {3},
    number        = {5},
    pages         = {167--182},
}

@book{galvao2019fundamentos,
    title         = {Fundamentos da did{\'a}tica hist{\'o}rico-cr{\'\i}tica},
    author        = {Galv{\~a}o, Ana Carolina and Lavoura, Tiago Nicola and Martins, L{\'\i}gia M{\'a}rcia},
    year          = {2019},
    publisher     = {Autores Associados},
    address       = {Campinas, SP},
    pages         = {253},
}

@book{saviani_pedagogia_2019,
    title         = {Pedagogia histo\'rico-cri\'tica, quadrage\'simo ano: novas aproximac\co\~es},
    author        = {Saviani, Dermeval},
    year          = {2019},
    publisher     = {Autores Associados},
    address       = {Campinas},
    isbn          = {9788574964294},
}

@article{limade2020whatsapp,
    title         = {Whatsapp e fake news no ensino de l{\'\i}ngua inglesa em uma escola p{\'u}blica do interior do estado do Cear{\'a}},
    author        = {Lima, Samuel de Carvalho and Mendes, Eliziane de Sousa Sampaio},
    year          = {2020},
    journal       = {Texto Livre: Linguagem e Tecnologia},
    publisher     = {Universidade Federal de Minas Gerais},
    volume        = {13},
    number        = {2},
    pages         = {182--200},
}

@article{prasetyawati2020integrating,
    title         = {Integrating Instagram into EFL Writing to Foster Student Engagement.},
    author        = {Prasetyawati, Octana Ayu and Ardi, Priyatno},
    year          = {2020},
    journal       = {Teaching English with Technology},
    publisher     = {ERIC},
    volume        = {20},
    number        = {3},
    pages         = {40--62},
}

@article{sadeghi2020iranian,
    title         = {Iranian EFL teachers' and learners' perceptions of the principles of critical thinking: a constructivist grounded theory study},
    author        = {Sadeghi, Fatemeh and Adel, Seyyed Mohammad Reza and Zareian, Gholamreza and Davoudi, Mohammad},
    year          = {2020},
    journal       = {Iranian Journal of Language Teaching Research},
    publisher     = {Urmia University},
    volume        = {8},
    number        = {2},
    pages         = {63--81},
}

@book{brait_bakhtin_2020,
    title         = {Bakhtin conceitos-chave},
    author        = {Brait, Beth},
    year          = {2020},
    publisher     = {Contexto},
    address       = {Sa\~o Paulo, SP},
    edition       = {5. ed},
}

@article{caetano_but_2020,
    title         = {``{But} {When} do {I} do {Critical} {Literacy}?'' {Perspectives} for {Designing} {Critical} {Literacy} {Activities} in {EFL} {Classrooms}},
    author        = {Caetano, \'{E}rika Am\^{a}ncio},
    year          = {2020},
    journal       = {Revista Brasileira de Lingu\'{\i}stica Aplicada},
    volume        = {20},
    number        = {2},
    pages         = {279--300},
    doi           = {10.1590/1984-6398202015635},
    url           = {http://www.scielo.br/scielo.php?script=sci\_arttext\&pid=S1984-63982020000200279\&tlng=en},
}

@article{mulico_learning_2020,
    title         = {Learning from the subaltern: {What} does {Maria} {Lindalva} teach us about hegemonic-common-sense-ideology and text selection for {English} language learning materials?},
    author        = {Mulico, Lesli\^{e} Vieira},
    year          = {2020},
    journal       = {Trabalhos em Lingu\'{\i}stica Aplicada},
    volume        = {59},
    number        = {1},
    pages         = {129--150},
    doi           = {10.1590/010318135865425912020},
    url           = {http://www.scielo.br/scielo.php?script=sci\_arttext\&pid=S0103-18132020000100129\&tlng=en},
}

@incollection{aghayi2021instagram,
    title         = {Instagram as a tool for professional learning: English language teachers' perceptions and beliefs},
    author        = {Aghayi, Amir Allan and Christison, MaryAnn},
    year          = {2021},
    booktitle     = {CALL Theory Applications for Online TESOL Education},
    publisher     = {IGI Global},
    address       = {Hershey, PA},
    pages         = {82--98},
    editor        = {Kelch, Ken and Byun, Peter and Safavi, Setareh},
}

@article{lima_ensino_2021,
    title         = {Ensino de ingl\^{e}s na escola p\'{u}blica em perspectiva {INdisciplinar} e dial\'{o}gica},
    author        = {Lima, Samuel de Carvalho},
    year          = {2021},
    journal       = {Revista da Anpoll},
    volume        = {52},
    number        = {2},
    pages         = {138--156},
    doi           = {10.18309/ranpoll.v52i2.1556},
    url           = {https://revistadaanpoll.emnuvens.com.br/revista/article/view/1556},
}

@incollection{garcia2022you,
    title         = {Do You Use Instagram?: The Presence of Social Networks in the Foreign Language Classroom},
    author        = {Garcia, Maria Teresa Martinez and Garcia, Valent{\'\i}n Martinez},
    year          = {2022},
    booktitle     = {Intercultural Communication and Ubiquitous Learning in Multimodal English Language Education},
    publisher     = {IGI Global},
    address       = {Hershey, PA},
    pages         = {226--243},
    editor        = {Garcia-Sanchez, Soraya and Clouet, Richard},
}

@article{limade2022auto,
    title         = {(Auto) reflex{\~a}o sobre uma aula remota de l{\'\i}ngua inglesa de orienta{\c{c}}{\~a}o decolonial por meio da an{\'a}lise dial{\'o}gica de memes},
    author        = {Lima, Samuel de Carvalho},
    year          = {2022},
    journal       = {Revista EntreLinguas},
    volume        = {8},
    number        = {00},
    pages         = {1--15},
}

@mastersthesis{oliveira2022,
    title         = {Pedagogia Hist\'{o}rico-Cr\'{\i}tica no Ensino de L\'{\i}ngua Inglesa: uma an\'{a}lise dial\'{o}gica do discurso contra a cultura do fast food},
    author        = {Oliveira, Elaine Cristina Gomes Aires de},
    year          = {2022},
    address       = {Rio Grande do Norte},
    pages         = {91 f.},
    school        = {Instituto Federal de Educa\c{c}\~{a}o, Ci\^{e}ncia e Tecnologia do Rio Grande do Norte, Mossor\'{o}},
    type          = {Mestrado – Curso de Mestrado Profissional em Educa\c{c}\~{a}o Profissional e Tecnol\'{o}gica Profept},
}

@incollection{andujar2023foreign,
    title         = {Foreign language learning through instagram: a flipped learning approach},
    author        = {Andujar, Alberto and {\c{C}}akmak, Fidel},
    year          = {2023},
    booktitle     = {Research Anthology on Applying Social Networking Strategies to Classrooms and Libraries},
    publisher     = {IGI Global},
    address       = {Hershey, PA},
    pages         = {278--299},
}
