
@book{bakhtin_os_2016,
	address = {São Paulo, SP},
	title = {Os gêneros do discurso. {Organização}, tradução, posfácio e notas de {Paulo} {Bezerra}; notas da edição russa de {Serguei} {Botcharov}.},
	shorttitle = {Os gêneros do discurso. },
	publisher = {Editora 34},
	author = {Bakhtin, Mikhail},
	year = {2016},
}

@article{bobkina_literature_2016,
	title = {Literature and critical literacy pedagogy in the {EFL} classroom: {Towards} a model of teaching critical thinking skills},
	volume = {6},
	issn = {2084-1965, 2083-5205},
	shorttitle = {Literature and critical literacy pedagogy in the {EFL} classroom},
	url = {https://pressto.amu.edu.pl/index.php/ssllt/article/view/6819},
	doi = {10.14746/ssllt.2016.6.4.6},
	number = {4},
	urldate = {2023-06-18},
	journal = {Studies in Second Language Learning and Teaching},
	author = {Bobkina, Jelena and Stefanova, Svetlana},
	month = dec,
	year = {2016},
	pages = {677--696},
}

@book{brait_bakhtin_2020,
	address = {São Paulo, SP},
	edition = {5. ed},
	title = {Bakhtin conceitos-chave},
	publisher = {Contexto},
	collaborator = {Brait, Beth},
	year = {2020},
}

@article{brait_olhar_2013,
	title = {Olhar e ler: verbo-visualidade em perspectiva dialógica},
	volume = {8},
	url = {https://revistas.pucsp.br/index.php/bakhtiniana/article/view/16568},
	doi = {10.1590/S2176-45732013000200004},
	number = {2},
	journal = {Bakhtiniana: Revista de Estudos do Discurso},
	author = {Brait, Beth},
	year = {2013},
	pages = {43--66},
}

@article{caetano_but_2020,
	title = {“{But} {When} do {I} do {Critical} {Literacy}?” {Perspectives} for {Designing} {Critical} {Literacy} {Activities} in {EFL} {Classrooms}},
	volume = {20},
	url = {http://www.scielo.br/scielo.php?script=sci_arttext&pid=S1984-63982020000200279&tlng=en},
	doi = {10.1590/1984-6398202015635},
	number = {2},
	journal = {Revista Brasileira de Linguística Aplicada},
	author = {Caetano, Érika Amâncio},
	year = {2020},
	pages = {279--300},
}

@article{lima_ensino_2021,
	title = {Ensino de inglês na escola pública em perspectiva {INdisciplinar} e dialógica},
	volume = {52},
	url = {https://revistadaanpoll.emnuvens.com.br/revista/article/view/1556},
	doi = {10.18309/ranpoll.v52i2.1556},
	number = {2},
	journal = {Revista da Anpoll},
	author = {Lima, Samuel de Carvalho},
	year = {2021},
	pages = {138--156},
}

@article{mulico_learning_2020,
	title = {Learning from the subaltern: {What} does {Maria} {Lindalva} teach us about hegemonic-common-sense-ideology and text selection for {English} language learning materials?},
	volume = {59},
	url = {http://www.scielo.br/scielo.php?script=sci_arttext&pid=S0103-18132020000100129&tlng=en},
	doi = {10.1590/010318135865425912020},
	number = {1},
	journal = {Trabalhos em Linguística Aplicada},
	author = {Mulico, Lesliê Vieira},
	year = {2020},
	pages = {129--150},
}

@book{saviani_pedagogia_2019,
	address = {Campinas},
	title = {Pedagogia histórico-crítica, quadragésimo ano: novas aproximações},
	isbn = {9788574964294},
	publisher = {Autores Associados},
	author = {Saviani, Dermeval},
	year = {2019},
}

@article{saviani_trabalho_2007,
	title = {Trabalho e educação: fundamentos ontológicos e históricos},
	volume = {12},
	doi = {10.1590/S1413-24782007000100012},
	number = {34},
	journal = {Revista Brasileira de Educação},
	author = {Saviani, Dermeval},
	year = {2007},
	pages = {152--180},
}

@article{sobkowiak_critical_2016,
	title = {Critical thinking in the intercultural context: {Investigating} {EFL} textbooks},
	volume = {6},
	doi = {10.14746/ssllt.2016.6.4.7},
	number = {4},
	journal = {Studies in Second Language Learning and Teaching},
	author = {Sobkowiak, Paweł},
	year = {2016},
	pages = {697--716},
}

@article{urzeda-freitas_educando_2012,
	title = {Educando para transgredir: reflexões sobre o ensino crítico de línguas estrangeiras/inglês},
	volume = {51},
	doi = {10.1590/S0103-18132012000100005},
	number = {1},
	journal = {Trabalhos em Linguística Aplicada},
	author = {Urzêda-Freitas, Marco Túlio De},
	year = {2012},
	pages = {77--97},
}
