@article{bravovillar2020,
  author = {Bravo, Stephany and Villar, Feliciano},
  title = {La representación de los mayores en los medios de comunicación durante la pandemia {Covid-19}: ¿hacia un refuerzo del edadismo?},
  journal = {Revista Española de Geriatría y Gerontología},
  volume = {55},
  number = {5},
  month = {sep},
  year = {2020},
  pages = {266--271}
}
@article{caride2020,
  author = {Caride, José Antonio},
  title = {La insoportable levedad de la educación no formal y las realidades cotidianas de la educación social},
  journal = {Laplagem revista},
  volume = {6},
  number = {2},
  year = {2020},
  pages = {37--58}
}
@article{deusalad2020,
  author = {Deusalad, Blanca},
  title = {El {Covid-19} y la crisis de las residencias de mayores en España: edadismo y precariedad},
  journal = {Research on Ageing and Social Policy},
  volume = {8},
  number = {2},
  year = {2020},
  pages = {142--168}
}
@book{fernandezballasteros2000,
  author = {Férnandez Ballesteros, Rocio},
  title = {Gerontología social},
  publisher = {Pirámide},
  address = {Madrid},
  year = {2000}
}
@article{klein2020,
  author = {Klein, Alejandro},
  title = {Los adultos mayores ante la revolución gerontológica y la expiación gerontológica},
  journal = {Research on Ageing and Social Policy},
  volume = {8},
  number = {2},
  year = {2020},
  pages = {120--121}
}
@article{lunanemecio2020,
  author = {Luna Nemecio, Jose Manuel},
  title = {Determinaciones socioambientales del COVID-19 y vulnerabilidad económica, espacial y sanitario-institucional},
  journal = {Revista de Ciencias Sociales},
  volume = {26},
  number = {2},
  year = {2020},
  pages = {21--26}
}
@article{pinazo2020,
  author = {Pinazo, Sacramento},
  title = {Impacto psicosocial de la Covid 19 en personas mayores: problemas y retos},
  journal = {Revista {Española} de {Geriatría} y {Gerontología}},
  volume = {55},
  number = {2},
  year = {2020},
  pages = {249--252}
}
@inproceedings{bermejo2020,
	title = {Aprendizajes y reflexiones en torno a la experiencia vivida en las residencias de personas mayores},
	url = {https://www.segg.es/actualidad-segg/2020/06/26/intervencion-vicepresidenta-gerontologia-segg-lourdes-bermejo-en-xvii-convencion-virtual-lares},
	language = {Es},
	booktitle = {{XVII} {Conferencia} {Virtual} {Lares}},
	author = {Bermejo, Lourdes},
	month = jun,
	year = {2020}
}
@misc{bolivar2020,
	type = {Billet},
	title = {La investigación educativa española ante el cierre y reapertura de las escuelas},
	url = {https://cuedespyd.hypotheses.org/8495},
	language = {es},
	journal = {Aula Magna 2.0},
	author = {BOLÍVAR, Antonio},
	year = {2020}
}
@article{caceres-munoz2020,
	title = {Cierre de {Escuelas} y {Desigualdad} {Socioeducativa} en {Tiempos} del {Covid}-19. {Una} {Investigación} {Exploratoria} en {Clave} {Internacional}},
	volume = {9},
	url = {https://revistas.uam.es/riejs/article/view/riejs2020_9_3_011},
	doi = {10.15366/riejs2020.9.3.011},
	number = {3},
	journal = {Revista Internacional de Educación para la Justicia Social},
	author = {Cáceres-Muñoz, Jorge and Jiménez Hernández, Antonio Salvador and Martín-Sánchez, Miguel},
	month = jul,
	year = {2020},
	pages = {199--221}
}
@article{cuesta2020,
	title = {Envejecimiento activo, objetivos y principios: retos para el trabajo social},
	url = {http://www.zerbitzuan.net/documentos/zerbitzuan/Envejecimiento_activo.pdf},
	doi = {10.5569/1134-7147.72.04},
	number = {72},
	journal = {Zerbitzuan},
	author = {Cuesta, Ana Belén},
	month = oct,
	year = {2020},
	pages = {49--60}
}
@misc{del_pino2020,
	title = {La {Gestión} {Institucional} y {Organizativa} de las {Residencias} de {Personas} {Mayores} durante la {COVID}-19: dificultades y aprendizajes},
	url = {https://digital.csic.es/handle/10261/220460},
	publisher = {CSIC - Instituto de Políticas y Bienes Públicos (IPP)},
	author = {Del Pino, Eloísa and Moreno Fuentes, Francisco Javier and Cruz-Martínez, Gibrán and Hernández-Moreno, Jorge and Moreno, Luis and Pereira-Puga, Manuel and Perna, Roberta},
	collaborator = {{Digital.CSIC} and {Digital.CSIC}},
	month = sep,
	year = {2020}
}
@article{etxeberria2020,
	title = {La fragilidad de las personas mayores de {Gipuzkoa}},
	url = {http://www.zerbitzuan.net/documentos/zerbitzuan/Fragilidad_personas_mayores.pdf},
	doi = {10.5569/1134-7147.72.05},
	number = {72},
	journal = {Zerbitzuan},
	author = {Etxeberria, Bakarne and Gallo , Laura},
	month = oct,
	year = {2020},
	pages = {61--75}
}
@article{giroux2020,
	title = {The {Covid}-19 {Pandemic} {Is} {Exposing} the {Plague} of {Neoliberalism}},
	volume = {24},
	url = {https://cerac.unlpam.edu.ar/index.php/praxis/article/download/4816/pdf},
	doi = {10.19137/praxiseducativa-2020-240202},
	number = {2},
	journal = {Praxis Educativa},
	author = {Giroux, Henry and Proasi, Laura},
	month = may,
	year = {2020},
	pages = {1--13}
}
@article{gonzalez2020,
	title = {“{No} te conozco, pero aquí estoy” {Cartas} solidarias en tiempos de {COVID}-19 en {España}},
	volume = {1},
	url = {https://e-revistas.uc3m.es/index.php/RECS/article/view/5425},
	doi = {10.20318/recs.2020.5425},
	journal = {REVISTA ESPAÑOLA DE COMUNICACIÓN EN SALUD},
	author = {González, Pilar and Mirón, Ruben},
	month = jul,
	year = {2020},
	pages = {226--233}
}
@misc{helpage2020a,
	title = {Campaña “{Soy} mayor, soy como tú” },
	url = {https://soymayorsoycomotu.com/},
	author = {{HELPAGE INTERNATIONAL}},
	month = jan,
	year = {2020a}
}
@misc{helpage2020b,
	title = {Edadismo, discriminación por edad de las personas mayores en respuesta a la {Covid}-19},
	url = {https://www.helpage.org/spain/noticias/coronavirus-covid19-y-personas-mayores/},
	journal = {www.helpage.org},
	author = {{HELPAGE INTERNATIONAL}},
	year = {2020b}
}
@article{hinojolucena2018,
	title = {El camino al emprendimiento en la educación de personas mayores. {The} road to entrepreneurship in older adults education.},
	copyright = {Copyright (c) 2017 IJERI: International Journal of Educational Research and Innovation},
	url = {https://www.upo.es/revistas/index.php/IJERI/article/view/2604},
	number = {9},
	journal = {IJERI: International Journal of Educational Research and Innovation},
	author = {Hinojo Lucena, María Angustias and Ágreda-Montoro, Miriam and Alonso-García, Santiago},
	year = {2018},
	keywords = {Educational Research and Innovation, Innovación educativa, Investigación educativa},
	pages = {122--138}
}
@techreport{ine2014,
	address = {Madrid},
	title = {Las formas de la convivencia: boletín informativo del instituto nacional de estadística},
	institution = {Instituto nacional de estadística},
	author = {{INE}},
	year = {2014},
}
@article{limon2018,
	title = {Envejecimiento activo: un cambio de paradigma sobre el envejecimiento y la vejez / {Active} {Aging}: a change of paradigm on aging and old age},
	volume = {47},
	url = {https://www.unioviedo.es/reunido/index.php/AA/article/view/12635},
	doi = {10.17811/rifie.47.1.2018.45-54},
	number = {1},
	urldate = {2021-06-01},
	journal = {Aula Abierta},
	author = {Limón, María Rosario},
	month = jan,
	year = {2018},
	pages = {45--54}
}
@incollection{lopezdoblas2020,
	title = {Loneliness in older adults: a comparative study of four southern {European} countries},
	url = {https://www.elgaronline.com/view/edcoll/9781789901429/9781789901429.00016.xml},
	booktitle = {Social {Problems} in {Southern} {Europe}},
	publisher = {Edward Elgar Publishing},
	author = {López Doblas, Juan and Palomares-Linares, Isabel and Sánchez Mart'nez, Mariano},
	collaborator = {Entrena-Durán, Francisco and Soriano-Miras, Rosa and Duque-Calvache, Ricardo},
	year = {2020},
	doi = {10.4337/9781789901436.00016},
	pages = {87--102}
}

@article{lorentem2020,
	title = {Estrategias para combatir el edadismo: ¿formación específica sobre envejecimiento o contacto intergeneracional?},
	volume = {17},
	url = {https://cuaderno.pucmm.edu.do/index.php/cuadernodepedagogia/article/view/368},
	doi = {10.29197/cpu.v17i33.368},
	number = {33},
	journal = {Cuaderno de Pedagogía Universitaria},
	author = {Lorente Martínez, Raquel and Brotons Rodes, Paula and Sitges Maciá, Esther},
	month = jan,
	year = {2020},
	pages = {6--16}
}

@misc{noauthor_febrero_nodate,
	title = {Febrero 2009 - {Asociación} {Española} de {Bioética} y Ética {Médica}},
	url = {http://aebioetica.org/revistas/2020/31/102/139}
}
@article{marcos2020,
	title = {Con covid y sin covid: la vulnerabilidad humana},
	volume = {31},
	url = {https://doi.org/10.30444/CB.58},
	doi = {10.30444/CB.58},
	number = {102},
	journal = {Cuadernos de Bioética},
	author = {Marcos, Alfredo},
	year = {2020},
	pages = {139--149}
}
@article{merino2020,
	title = {Las organizaciones del {Tercer} {Sector} {Social} de {Euskadi} ante la crisis de la covid-19},
	volume = {72},
	url = {http://www.zerbitzuan.net/documentos/zerbitzuan/Organizaciones_tercer_sector.pdf},
	doi = {10.5569/1134-7147.72.07},
	journal = {Zerbitzuan},
	author = {Merino, Lucía and Romeo, Romeo},
	month = oct,
	year = {2020},
	pages = {91--104}
}
@techreport{ministerio,
	title = {Actualización nº 229. {Enfermedad} por el coronavirus. {Datos} consolidados a las 14:00 horas del 15.10.2020},
	url = {https://www.mscbs.gob.es/profesionales/saludPublica/ccayes/alertasActual/nCov/},
	autor = {MINISTERIO DE SANIDAD},
	institution = {Ministerio de Sanidad, Consumo y Bienestar Social},
	year = {2020}
}
@article{montalvo2020,
	title = {Priorizar sin discriminar: la doctrina del {Comité} de {Bioética} de {España} sobre derechos de las personas con discapacidad en un contexto de pandemia},
	volume = {3},
	url = {http://www.cepc.gob.es/publicaciones/revistas/revistaselectronicas?IDR=16&IDN=1448&IDA=39239},
	doi = {10.18042/cepc/IgdES.3.02},
	journal = {IgualdadES},
	author = {Montalvo, Federico de and Bellver Capella, Vicente},
	month = dec,
	year = {2020},
	pages = {313--341}
}
@article{moral2017,
	title = {Programas intergeneracionales y participación social: la integración de los adultos mayores españoles y latinoamericanos en la comunidad},
	volume = {16},
	url = {http://revistas.javeriana.edu.co/index.php/revPsycho/article/view/4678},
	doi = {10.11144/Javeriana.upsy16-1.pips},
	number = {1},
	journal = {Universitas Psychologica},
	author = {Moral Jiménez, María de la Villa},
	month = may,
	year = {2017},
	pages = {1--19}
}
@techreport{oms2020,
	title = {Cronología de la respuesta de la {OMS} a la {COVID}-19.},
	url = {https://www.who.int/es/news/item/29-06-2020-covidtimeline},
	institution = {OMS},
	author = {{OMS}},
	year = {2020}
}
@misc{noauthor_impacto_nodate,
	title = {Impacto psicosocial de la {COVID}-19 en las personas mayores: problemas y retos},
	url = {https://www.elsevier.es/es-revista-revista-espanola-geriatria-gerontologia-124-pdf-S0211139X20300664}
}
@article{pochintesta2019,
	title = {Vida {Cotidiana}, {Apoyo} {Social} {Y} {Experiencia} de {Soledad} en {Personas} {Mayores} del Área {Metropolitana} de {Buenos} {Aires}, {Argentina}},
	volume = {20},
	url = {https://seer.ufrgs.br/iluminuras/article/view/93294},
	doi = {10.22456/1984-1191.93294},
	number = {49},
	journal = {ILUMINURAS},
	author = {Pochintesta, Paula},
	month = may,
	year = {2019},
	pages = {172--194}
}
@misc{realdecreto,
	title = {Real {Decreto} 463/2020, de 14 de marzo, por el que se declara el estado de alarma para la gestión de la situación de crisis sanitaria ocasionada por el {COVID}-19.},
	url = {https://www.boe.es/eli/es/rd/2020/03/14/463}
}
@article{remuzzi2020,
	title = {{COVID}-19 and {Italy}: what next?},
	volume = {395},
	url = {https://linkinghub.elsevier.com/retrieve/pii/S0140673620306279},
	doi = {10.1016/S0140-6736(20)30627-9},
	number = {10231},
	journal = {The Lancet},
	author = {Remuzzi, Andrea and Remuzzi, Giuseppe},
	month = apr,
	year = {2020},
	pages = {1225--1228}
}
@article{rodriguez2019,
	title = {Soledad y aislamiento, barreras y condicionamientos en el ámbito de las personas mayores en {España}},
	issn = {23864915},
	url = {http://revistas.proeditio.com/ehquidad/article/view/3046},
	doi = {10.15257/ehquidad.2019.0012},
	number = {12},
	journal = {Ehquidad Revista Internacional de Políticas de Bienestar y Trabajo Social},
	author = {Rodriguez, Esther and Castro, Concepción and {Gerosol Asistencia}},
	month = jul,
	year = {2019},
	pages = {127--154}
}
@article{tarazona2020,
	title = {{COVID}-19, adulto mayor y edadismo: errores que nunca han de volver a ocurrir},
	volume = {55},
	url = {https://linkinghub.elsevier.com/retrieve/pii/S0211139X20300597},
	doi = {10.1016/j.regg.2020.04.001},
	number = {4},
	journal = {Revista Española de Geriatría y Gerontología},
	author = {Tarazona, Francisco José and Martínez, Nicolás and Vidán, María Teresa and García-Navarro, José Augusto},
	month = jul,
	year = {2020},
	pages = {191--192}
}
@techreport{who2020,
	address = {Ginebra},
	title = {Director-{General}'s opening remarks at the media briefing on {COVID}-19 - 11 {March} 2020},
	year = {2020},
	url = {https://www.who.int/director-general/speeches/detail/who-director-general-s-opening-remarks-at-the-media-briefing-on-covid-19---11-march-2020},
	institution = {Organización Mundial de la Salud.},
	author = {{WHO}}
}
%MARTÍNEZ DE MIGUEL, Silvia y ESCARBAJAL DE HARO, Andrés. Alternativas socioeducativas para personas mayores. Madrid: Dykinson, 2009.
@book{martinezdemiguel2009,
  author = {Martinéz de Miguel, Silvia},
  title = {Alternativas socioeducativas para personas mayores},
  publisher = {Dykinson},
  address = {Madrid},
  year = {2009}
}


%MARTÍNEZ DE MIGUEL, Silvia; ESCARBAJAL DE HARO, Andrés y SALMERÓN, Juan Antonio. El educador social en los centros para personas mayores. Respuestas socioeducativas para una nueva generación de mayores. Educar, 52 (2), 451-467, 2016. Doi: 10.5565/rev/educar.717
@article{martinezdemiguel2016,
  author = {Martinéz de Miguel, Silvia and Escarbajal de Haro, Andrés and Salmerón, Juan Antonio},
  title = {El educador social en los centros para personas mayores. {Respuestas} socioeducativas para una nueva generación de mayores},
  journal = {Educar},
  volume = {52},
  number = {2},
  year = {2016},
  pages = {451-467},
  doi = {10.5565/rev/educar.717}
}


%MARTÍNEZ DE MIGUEL, Silivia;  MORENO ABELLÁN, Pedro  y ESCARBAJAL DE HARO, Andrés. (Eds.). Envejecimiento Activo, Educación Social y Programas Intergeneracionales. Madrid: Dykinson, 2017.
@book{martinezdemiguel2017,
  author = {Martinéz de Miguel, Silvia and Moreno Abellán, Pedro and Escarbajal de Haro, Andrés},
  title = {Envejecimiento {Activo}, {Educación Social} y {Programas Intergeneracionales}},
  publisher = {Dykinson},
  address = {Madrid},
  year = {2017}
}

