@article{barbosa_da_silva2019,
	title = {Estilos y estrategias de aprendizaje de estudiantes: un estudio comparativo entre {España} y {Brasil}},
	volume = {2},
	url = {https://redaedem.org/JMBE2/2019/2019_Vol_02_N03_1_Anielson_Estilos.pdf},
	urldate = {2021-06-01},
	doi = {10.35564/jmbe.2019.0014},
	number = {3},
	journal = {Journal of Management and Business Education},
	author = {Barbosa da Silva, Anielson and Canós Darós, Lourdes and de Araújo Lima Coelho, Ana Lúcia and Perelló-Marin, María Rosario and Santandreu Mascarell, Cristina},
	month = dec,
	year = {2019},
	pages = {192-214}
}
@article{duranaponte2013,
	title = {Attribution {Scale} of {General} {Achievement} {Motivation} ({EAML}-{G}): {Adaptation} and analysis of its psychometric properties},
	volume = {39},
	url = {http://www.scielo.cl/scielo.php?script=sci_abstract&pid=S0718-07052013000100005&lng=en&nrm=iso&tlng=en},
	urldate = {2021-06-01},
	doi = {10.4067/S0718-07052013000100005},
	number = {1},
	journal = {Estudios pedagógicos (Valdivia)},
	author = {Durán-Aponte, Emilse and Pujol, Lydia},
	year = {2013},
	pages = {83-97}
}
@article{estradagarcia2018,
	title = {Estilos de aprendizaje y rendimiento académico},
	volume = {7},
	url = {https://revista.redipe.org/index.php/1/article/view/536},
	urldate = {2021-06-01},
	number = {7},
	journal = {Revista Boletín Redipe},
	author = {Estrada García, Alex },
	month = jul,
	year = {2018},
	pages = {218-228}
}
@article{feng2019,
	title = {Assessment of {Knowledge} and {Behavior} {Change} of a {High} {School} {Positive} {Deviance} {Food} {Safety} {Curriculum}},
	volume = {18},
	url = {https://onlinelibrary.wiley.com/doi/10.1111/1541-4329.12157},
	urldate = {2021-06-01},
	doi = {10.1111/1541-4329.12157},
	number = {2},
	journal = {Journal of Food Science Education},
	author = {Feng, Yaohua and Bruhn, Christine M. and Elder, Gary and Boyden, Dawn},
	month = apr,
	year = {2019},
	pages = {45-51}
}
@article{feriamarrugo2016,
	title = {Objetos virtuales de aprendizaje y el desarrollo de aprendizaje autónomo en el área de inglés.},
	volume = {12},
	url = {http://revistas.unimagdalena.edu.co/index.php/praxis/article/view/1848},
	urldate = {2021-06-01},
	doi = {10.21676/23897856.1848},
	journal = {Praxis},
	author = {Feria-Marrugo, Irina Margarita},
	month = dec,
	year = {2016},
	pages = {63}
}
@article{fernandezgarcia2020,
	title = {Estilo de vida y rendimiento académico en {Farmacología} de los estudiantes de {Estomatología}},
	volume = {19},
	url = {http://www.revhabanera.sld.cu/index.php/rhab/article/view/3012},
	urldate = {2021-06-01},
	number = {3},
	journal = {Revista Habanera de Ciencias Médicas},
	author = {Fernandez Garcia, Ariana  and Quiñones La Rosa, Ileana  and Álvarez Céspedes, Teresa María },
	month = jun,
	year = {2020},
	pages = {3012},
}
@article{folgueirasbertomeu2011,
	title = {Aprendizaje y servicio: estudio del grado de satisfacción de estudiantes universitarios},
	url = {https://doi.org/10.4438/1988-592X-RE-2011-362-157},
	urldate = {2021-06-01},
	doi = {10.4438/1988-592X-RE-2011-362-157},
	number = {362},
	journal = {Revista de Educación},
	author = {Folgueiras Bertomeu, Pilar and Luna González, Esther and Puig Latorre, Gemma},
	year = {2011}
}
@article{gomezbustamante2017,
	title = {Estilos de aprendizaje en universitarios, modalidad de educación a distancia},
	url = {https://revistavirtual.ucn.edu.co/index.php/RevistaUCN/article/view/829},
	urldate = {2021-06-01},
	number = {50},
	urldate = {2021-06-15},
	journal = {Revista Virtual Universidad Católica del Norte},
	author = {Gómez Bustamante, Edna Margarita  and Jaimes Morales, José Del Carmen  and Severiche Sierra, Carlos Alberto },
	month = may,
	year = {2017},
	pages = {383-393}
}
@article{hernandezalvarez2017,
	title = {Estrategias de aprendizaje en estudiantes de odontología de una universidad pública en {Cartagena}, {Colombia} / {Learning} {Strategies} among {Dental} {Students} from a {Public} {University} in {Cartagena}, {Colombia}},
	volume = {36},
	url = {http://revistas.javeriana.edu.co/index.php/revUnivOdontologica/article/view/19937},
	urldate = {2021-06-01},
	doi = {10.11144/Javeriana.uo36-76.eaeo},
	number = {76},
	journal = {Universitas Odontologica},
	author = {Hernández Álvarez, Arlteh Sandry and Torres Ortega, Fernán and Fang Mercado, Luis Carlos and Díaz-Caballero, Antonio José},
	month = jul,
	year = {2017}
}
@book{kolb1985,
	address = {New Jersey},
	title = {Experiential {Learning}},
	publisher = {Printece Hall},
	author = {Kolb, David},
	year = {1985}
}
@article{lee2020,
	title = {Profiles of perfectionism and their relations to educational outcomes in college students: {The} moderating role of achievement goals},
	volume = {77},
	url = {https://linkinghub.elsevier.com/retrieve/pii/S1041608019301499},
	urldate = {2021-06-01},
	doi = {10.1016/j.lindif.2019.101813},
	journal = {Learning and Individual Differences},
	author = {Lee, You Joung and Anderman, Eric M.},
	month = jan,
	year = {2020},
	pages = {101813}
}
@article{manasseromas1998,
	title = {Validación de una escala de motivación de logro},
	volume = {10},
	url = {http://www.psicothema.es/pdf/169.pdf},
	urldate = {2021-06-01},
	number = {2},
	journal = {Psicothema},
	author = {Manassero-Más, María Antonia and Vásquez-Alonso, Ángel},
	year = {1998},
	pages = {333-351}
}
@article{mendezgimenez2017,
	title = {Metas de logro 3 × 2, motivación autodeterminada y satisfacción con la vida en educación secundaria},
	volume = {22},
	url = {https://linkinghub.elsevier.com/retrieve/pii/S1136103417300941},
	urldate = {2021-06-01},
	doi = {10.1016/j.psicod.2017.05.001},
	number = {2},
	journal = {Revista de Psicodidáctica},
	author = {Méndez-Giménez, Antonio and Cecchini-Estrada, José-Antonio and Fernández-Río, Javier and Mendez-Alonso, David and Prieto-Saborit, José-Antonio},
	month = jun,
	year = {2017},
	pages = {150-156}
}
@article{mercader2017,
	title = {Motivación y rendimiento académico en matemáticas: un estudio longitudinal en las primeras etapas educativas},
	volume = {22},
	url = {https://linkinghub.elsevier.com/retrieve/pii/S1136103417301053},
	urldate = {2021-06-01},
	doi = {10.1016/j.psicod.2017.05.007},
	number = {2},
	journal = {Revista de Psicodidáctica},
	author = {Mercader, Jessica and Presentación, María-Jesús and Siegenthaler, Rebeca and Molinero, Vicente and Miranda, Ana},
	month = jun,
	year = {2017},
	pages = {157-163}
}
@article{navas2009,
	title = {Las orientaciones de meta de los estudiantes y los deportistas: perfiles motivacionales},
	volume = {6},
	url = {http://revistas.uned.es/index.php/accionpsicologica/article/view/218},
	urldate = {2021-06-01},
	doi = {10.5944/ap.6.2.218},
	number = {2},
	journal = {Acción Psicológica},
	author = {Navas Martínez, Leandro  and Antonio Soriano, Jose  and Pablo Holgado, Francisco  and López, Manuela},
	year = {2009},
	pages = {17-29}
}
@article{nericaballero2018,
	title = {Comparación de estilos de aprendizaje en estudiantes de diferentes grados escolares de la {Escuela} de {Nutrición}, {URSE} 2017 / {Comparison} of learning styles in students of different grades of {School} of {Nutrition}, {URSE} 2017},
	volume = {5},
	url = {https://www.cagi.org.mx/index.php/CAGI/article/view/189},
	number = {10},
	urldate = {2021-06-15},
	journal = {Revista Electrónica Sobre Cuerpos Académicos y Grupos de Investigación},
	author = {Neri Caballero, Enrique Salvador },
	month = oct,
	year = {2018},
}

@article{novoacastillo2020,
	title = {El aprendizaje ubicuo en el proceso de enseñanza aprendizaje},
	url = {https://www.lamjol.info/index.php/multiensayos/article/view/9331},
	urldate = {2021-06-01},
	doi = {10.5377/multiensayos.v0i0.9331},
	journal = {Revista Multi-Ensayos},
	author = {Novoa Castillo, Pedro Félix and Cancino Verde, Rosalinn Francisca and Uribe Hernández, Yrene Cecilia and Garro Aburto, Luzmila Lourdes and Mendez Ilizarbe, Gliria Susana},
	month = feb,
	year = {2020},
	pages = {2-8}
}
@article{oriolgranado2017,
	title = {Emociones positivas, apoyo a la autonomía y rendimiento de estudiantes universitarios: el papel mediador del compromiso académico y la autoeficacia},
	volume = {22},
	url = {https://linkinghub.elsevier.com/retrieve/pii/S1136103417300436},
	urldate = {2021-06-01},
	doi = {10.1016/S1136-1034(17)30043-6},
	number = {1},
	journal = {Revista de Psicodidáctica},
	author = {Oriol-Granado, Xavier and Mendoza-Lira, Michelle and Covarrubias-Apablaza, Carmen-Gloria and Molina-López, Víctor-Michel},
	year = {2017},
	pages = {45-53}
}
@article{oviedosuarez2020,
	title = {Incidencia de los aspectos socioculturales en la autorregulación del aprendizaje y el rendimiento académico en estudiantes de la básica secundaria},
	volume = {9},
	url = {https://revista.redipe.org/index.php/1/article/view/1139},
	urldate = {2021-06-01},
	doi = {10.36260/rbr.v9i12.1139},
	number = {12},
	journal = {Revista Boletín Redipe},
	author = {Oviedo Suárez, Pola Yasmid  and Morales Sánchez, Félix  and Conejo Carrasco, Francisco Javier  and Mahecha Escobar, Jenny Consuelo },
	month = dec,
	year = {2020},
	pages = {111-126}
}
@article{ramirezesperon2019,
	title = {El aprendizaje autónomo, favorecedor de la experiencia adaptativa en alumnos y docentes: la división con números decimales},
	volume = {31},
	url = {http://www.revista-educacion-matematica.org.mx/descargas/vol31/1/02_REM_31-1.pdf},
	urldate = {2021-06-01},
	doi = {10.24844/EM3101.02},
	number = {1},
	journal = {Educación Matemática},
	author = {Ramírez Esperón, Mercedes María Eugenia and Páez, David Alfonso},
	month = apr,
	year = {2019},
	pages = {38-65}
}
@phdthesis{regueirofernandez2016,
	address = {La Coruña},
	type = {Tesis {Doctoral}},
	title = {Metas académicas deberes escolares y aprendizaje en estudiantes de secundaria},
	url = {https://ruc.udc.es/dspace/bitstream/handle/2183/21560/RegueiroFernandez_Bibiana_TD_2018.pdf?sequence=2&isAllowed=y},
	urldate = {2021-06-01},
	school = {Universidad de A Coruña},
	author = {Regueiro-Fernández, Bibiana},
	year = {2016}
}
@article{rodriguez2018,
	title = {Análisis de los estilos de aprendizaje en alumnos de {Medicina} de la {Universidad} de {Chile}},
	volume = {19},
	url = {https://linkinghub.elsevier.com/retrieve/pii/S1575181316301541},
	urldate = {2021-06-01},
	doi = {10.1016/j.edumed.2016.11.004},
	number = {1},
	journal = {Educación Médica},
	author = {Rodríguez, Héctor and Pirul, Jennifer and Robles, Jorge and Pérez, Laura and Vásquez, Eduardo and Galaz, Ingrid and Cuellar, Caroll and Díaz, Héctor and Arriaza, Camilo},
	month = jan,
	year = {2018},
	pages = {2-8}
}
@article{rodriguezcepeda2016,
	title = {Aprendizaje de conceptos químicos: una visión desde los trabajos prácticos y los estilos de aprendizaje},
	volume = {7},
	url = {https://revistas.uptc.edu.co/index.php/investigacion_duitama/article/view/4403},
	urldate = {2021-06-01},
	doi = {10.19053/20278306.v7.n1.2016.4403},
	number = {1},
	journal = {Revista de investigación, desarrollo e innovación},
	author = {Rodríguez-Cepeda, Rodrigo},
	month = jul,
	year = {2016},
	pages = {63-76}
}
@phdthesis{roqueherrera2020,
	address = {Jaén},
	type = {Tesis {Doctoral}},
	title = {Metas académicas y estrategias de aprendizaje en futuros profesionales de la salud en entorno formativo ecuatoriano},
	url = {http://dspace.ujaen.es/bitstream/10953/1033/1/YOSBANYS_ROQUE_TESIS.pdf},
	urldate = {2021-06-01},
	school = {Universidad de Jaén},
	author = {Roque-Herrera, Yosbanys and Zagalaz-Sánchez, María Luisa and Valdivia-Moral, Pedro Ángel and Alonso García, Santiago},
	year = {2020}
}
@article{roysrubio2018,
	title = {Estrategias de aprendizaje significativo en estudiantes de {Educación Superior} y su asociación con logros académicos},
	url = {http://revistaselectronicas.ujaen.es/index.php/reid/article/view/3570},
	urldate = {2021-06-01},
	doi = {10.17561/reid.v0i19.3570},
	number = {19},
	journal = {Revista Electrónica de Investigación y Docencia (REID)},
	author = {Roys Rubio, Jacqueline and Pérez García, Álvaro},
	month = jan,
	year = {2018}
}
@article{silvasprok2018,
	title = {Conceptualización de los {Modelos} de {Estilos} de {Aprendizaje}},
	volume = {11},
	url = {http://revistaestilosdeaprendizaje.com/article/view/1088/1809},
	urldate = {2021-06-01},
	number = {21},
	journal = {Revista de Estilos de Aprendizaje},
	author = {Silva Sprok, Antonio},
	year = {2018},
	pages = {35-109}
}
@article{taron2020,
	title = {Influencia del ambiente áulico en la motivacion de los estudiantes para el aprendizaje de un curso de analisis de alimentos},
	volume = {41},
	url = {https://revistaespacios.com/a20v41n48/a20v41n48p19.pdf},
	urldate = {2021-06-01},
	doi = {10.48082/espacios-a20v41n48p19},
	number = {48},
	journal = {Espacios},
	author = {Taron, Arnulfo and Diaz-Caballero, Antonio and Alviz-Amador, Antistio},
	month = dec,
	year = {2020},
	pages = {264-273}
}
@article{torresrivera2020,
	title = {Estilos de aprendizaje predominantes relacionado al uso de las {MOOC} a través de la regresión logística},
	url = {https://www.lamjol.info/index.php/multiensayos/article/view/9332},
	urldate = {2021-06-01},
	doi = {10.5377/multiensayos.v0i0.9332},
	journal = {Revista Multi-Ensayos},
	author = {Torres Rivera, Angela and Fuster-Guillén, Doris Elida and Alata Cusy, Yudith Ivonne and Isla Alcoser, Sandy Dorian},
	month = feb,
	year = {2020},
	pages = {9-20}
}
@article{vicianagarofano2017,
	title = {Metas de logro y niveles de satisfacción hacia el grado de docente en infantil y primaria},
	url = {https://www.revistas.una.ac.cr/index.php/EDUCARE/article/view/8185},
	urldate = {2021-06-01},
	doi = {10.15359/ree.21-3.18},
	journal = {Revista Electrónica Educare},
	author = {Viciana-Garófano, Virginia and Zurita-Ortega, Félix and Castro-Sánchez, Manuel and Martínez-Martínez, Asunción and Chacón-Cuberos, Ramón and Espejo-Garcés, Tamara},
	month = aug,
	year = {2017},
	pages = {1-16}
}
@inproceedings{vidalcarreras2018,
	title = {Influencia del estilo de aprendizaje del docente en el aula},
	url = {http://ocs.editorial.upv.es/index.php/INNODOCT/INN2018/paper/view/8860},
	urldate = {2021-06-01},
	doi = {10.4995/INN2018.2018.8860},
	booktitle = {Proceedings {INNODOCT}/18. {International} {Conference} on {Innovation}, {Documentation} and {Education}},
	publisher = {Editorial Universitat Politècnica de València},
	author = {Vidal-Carreras, Pilar Isabel and Canós Darós, Lourdes and Santandreu-Mascarell, Cristina and Guijarro, Ester},
	month = nov,
	year = {2018}
}
@article{vivas2019,
	title = {Relación entre los estilos de aprendizaje y el rendimiento académico del estudiantado de la carrera de {Ingeniería} {Agronómica} de la {Universidad} {Central} del {Ecuador}},
	url = {https://revistas.ucr.ac.cr/index.php/educacion/article/view/28439},
	urldate = {2021-06-01},
	doi = {10.15517/revedu.v43i1.28439},
	journal = {Revista Educación},
	author = {Vivas, Ramiro José Vivas and Vásconez, Enrique Armando Cabanilla and Vivas, Walter Hernán Vivas},
	month = feb,
	year = {2019},
	pages = {468-482}
}
@phdthesis{zorrillaesparza2018,
	address = {Lima},
	type = {Tesis de maestría},
	title = {Estilos de aprendizaje y su relación con el logro de competencias de los estudiantes del {III} ciclo de maestría, {Sede} {Comas} de la {Universidad} {Nacional} de {Educación}},
	url = {http://200.60.81.165/bitstream/handle/UNE/1450/TM\%20CE-Du\%203256\%20Z1\%20-\%20Zorrilla\%20Esparza.pdf?sequence=1&isAllowed=y},
	urldate = {2021-06-01},
	school = {Universidad Nacional de Educación},
	author = {Zorrilla Esparza, César Jhonny},
	year = {2018}
}
