@online{fapesp2002,
  url = {https://fapesp.br/jornalismocientifico},
  author = {{Fundação de Amparo à Pesquisa do Estado de São Paulo FAPESP}},
  year = {2002},
  title = {Jornalismo Científico}
}

@InProceedings{dieb2017,
  author = {Daniel Almeida Abrahão Dieb and João Alexandre Peschanski},
  title = {Jornalismo Científico: prática e revisão de literatura},
  booktitle = {XL CONGRESSO BRASILEIRO DE CIÊNCIAS DA COMUNICAÇÃO - INTERCOM},
  number = {40},
  year = {2017},
  address = {Curitiba},
  pages = {1--13},
  publisher = {Intercom – Sociedade Brasileira de Estudos Interdisciplinares da Comunicação},
  url = {https://portalintercom.org.br/anais/nacional2017/resumos/R12-1217-1.pdf}
}

@InProceedings{paixao2016,
  author = {Fernando da Paixão and João Alexandre Peschanki and Célio {Costa Filho} and David Alves},
  title = {O uso da Wikipédia na difusão científica},
  booktitle = {o. XXXIX CONGRESSO BRASILEIRO DE CIÊNCIAS DA COMUNICAÇÃO – INTERCOM},
  number = {39},
  year = {2016},
  address = {São Paulo},
  pages = {1--12},
  publisher = {Intercom – Sociedade Brasileira de Estudos Interdisciplinares da Comunicação},
  url = {http://portalintercom.org.br/anais/nacional2016/resumos/R11-1908-1.pdf}
}

@article{gomez2002,
  url = {http://www.revistas.usp.br/comueduc/article/view/37017/39739},
  year = {2002},
  month = {jan-abr},
  volume = {23},
  pages = {57--70},
  author = {Guillermo Orozco Gomez},
  title = {Comunicação, educação e novas tecnologias: tríade do século XXI},
  journal = {Comunicação \& Educação},
  address = {São Paulo}
}

@article{belloni2002,
  doi = {10.1590/S0101-73302002000200008},
  url = {https://www.scielo.br/scielo.php?pid=S0101-73302002000200008},
  year = {2002},
  month = jan--abr,
  volume = {23},
  number = {78},
  pages = {117--142},
  author = {Maria Luiza Belloni},
  title = {Ensaio sobre a educação a distância no Brasil},
  journal = {Educação \& sociedade}
}

@article{oliveira2016,
  doi = {10.14571/cets.v9.n1.95-106},
  url = {http://www.cadernosets.com.br/index.php/cadernosets/article/view/317},
  year = {2016},
  volume = {9},
  number = {1},
  pages = {95--106},
  author = {Luiza Carvalho de Oliveira and João Batista Bottentuit Junior},
  title = {Tecnologia e metodologia: como interligá-las?},
  journal = {Cad. Ed. Tec. Soc.},
  address = {Inhumas}
}

@incollection{formiga2009,
  title = {A terminologia da EAD},
  author = {Marcos Formiga},
  booktitle = {Educação a distância: o estado da arte},
  editor = {Fredric Michael Litto and Manuel Marcos Maciel Formiga (org.)},
  address = {São Paulo},
  publisher = {Pearson Education do Brasil},
  year = {2009}
}
  
@article{gomes2003,
  title = {Gerações de inovação tecnológica no ensino a distância},
  journal = {Revista Portuguesa de Educação},
  author = {Maria João Gomes},
  volume = {16},
  number = {1},
  url = {http://repositorium.sdum.uminho.pt/handle/1822/496},
  pages = {137--156},
  year = {2003},
}

@InProceedings{gomes2005,
  title = {E-learning: reflexões em torno do conceito},
  author = {Maria João Gomes},
  booktitle = {Challenges'05: actas do Congresso Internacional sobre Tecnologias da Informação e Comunicação na Educação},
  editor = {Paulo Dias and Cândido Varela de Freitas (org.)},
  address = {Braga},
  publisher = {Universidade do Minho. Centro de Competência do Projecto Nónio Século XXI},
  year = {2005},
  number = {4},
  url = {http://repositorium.sdum.uminho.pt/bitstream/1822/2896/1/06MariaGomes.pdf}
}

@article{lucena2016,
  title = {Culturas digitais e tecnologias móveis na educação},
  author = {Simone Lucena},
  journal = {Educar em Revista},
  volume = {32},
  number = {59},
  url = {http://revistas.ufpr.br/educar/article/view/43689/27731},
  pages = {277--290},
  address = {Curitiba},
  month = {{jan--mar}},
}

@article{junior2017,
  author = {João Batista Bottentuit Junior and Clara Pereira Coutinho},
  title = {Do e-Learning tradicional ao e-Learning 2.0},
  journal = {Prisma.com},
  number = {8},
  pages = {63--76},
  url = {http://ojs.letras.up.pt/ojs/index.php/prismacom/article/view/2063},
  year = {2009},
  address = {Porto, Portugal}
}

@InProceedings{santos2009,
  title = {Educação online para além da EAD: um fenômeno da cibercultura},
  author = {Edméa Santos},
  booktitle = {Actas do X Congresso Internacional Galego-Português de Psicopedagogia},
  address = {Braga},
  publisher = {Universidade do Minho},
  year = {2009},
  url = {http://docplayer.com.br/37787-Educacao-online-para-alem-da-ead-um-fenomeno-da-cibercultura-edmea-santos-uerj.html},
  pages = {5658--5671}
}

@article{taylor2001,
  author = {James Taylor},
  title = {Fifth Generation Distance Education. Higher Education Series},
  journal = {Higher Education Series},
  number = {Report 40},
  pages = {1--8},
  month = jun,
  year = {2001},
  url = {http://www.c3l.uni-oldenburg.de/cde/media/readings/taylor01.pdf}
}

@article{amiel2015,
  author = {Tel Amiel and Tiago C. Soares},
  title = {O contexto da abertura: recursos educacionais abertos, cibercultura e suas tensões},
  journal = {Em Aberto},
  volume = {28},
  number = {94},
  pages = {109--122},
  url = {http://rbepold.inep.gov.br/index.php/emaberto/article/view/1673},
  address = {Brasília-DF},
  year = {2015}
}

@article{melo2007,
  author = {José Marques de Melo},
  title = {Reinventar o ensino de jornalismo: desafio inadiável no alvorecer do século XXI},
  journal = {LÍBERO},
  number = {19},
  pages = {9--15},
  url = {http://seer.casperlibero.edu.br/index.php/libero/article/view/662},
  address = {São Paulo-SP},
  year = {2007}
}

@article{moraes2016,
  author = {Renato Moraes and João Alexandre Peschanski and Mariana Diello and Marília Carrera},
  title = {A wiki-pedagogia no Jornalismo: o caso do Projeto Wikipédia da Faculdade Cásper Líbero},
  journal = {Revista Brasileira de Ensino de Jornalismo},
  address = {Brasília},
  url = {http://www.fnpj.org.br/rebej/ojs/index.php/rebej/article/view/443},
  volume = {6},
  number = {18},
  month = {jan--jun},
  year = {2016},
  pages = {75-100}
}
 
@Book{cummings2009,
  author = {Robert Cummings},
  title = {Lazy virtues: teaching writing in the age of Wikipedia},
  publisher = {Vanderbilt University Press},
  year = {2009},
  address = {Nashville}
}

@article{ruth2009,
  author = {Alison Ruth},
  title = {The wiki way of learning},
  journal = {Australasian Journal of Educational Technology},
  address = {Australia},
  url = {https://ajet.org.au/index.php/AJET/article/view/1147/395},
  volume = {25},
  number = {2},
  year = {2009},
  pages = {135--152}
}

@article{konieczny2007,
  author = {Piotr Konieczny},
  title = {Wikis and Wikipedia as a teaching tool},
  journal = {International Journal of Instructional Technology and Distance Learning},
  url = {http://citeseerx.ist.psu.edu/viewdoc/download?doi=10.1.1.113.7307},
  volume = {4},
  number = {1},
  month = {jan},
  year = {2007},
  pages = {15–34}
}

@Inbook{suoranta2015,
  author="Suoranta, Juha and Vad{\'e}n, Tere",
  editor="Peters, Michael",
  title="Wikilearning",
  bookTitle="Encyclopedia of Educational Philosophy and Theory",
  year="2015",
  publisher="Springer Singapore",
  address="Singapore",
  pages="1--6",
  isbn="978-981-287-532-7",
  doi="10.1007/978-981-287-532-7_123-1",
  url="https://doi.org/10.1007/978-981-287-532-7_123-1"
}

@article{gomes2011,
  author = {Mayra Rodrigues Gomes and Rosana de Lima Soares},
  title = {Wikimedia: integração de texto e imagem no ensino de Jornalismo},
  journal = {Brazilian Journalism Research},
  address = {Brasília},
  url = {https://bjr.sbpjor.org.br/bjr/article/view/299/280},
  volume = {7},
  number = {1},
  year = {2011},
  pages = {171-199},
  doi = {10.25200/BJR.v7n1.2011.299}
}

@article{zhang2009,
  author = {Ke Zhang and Stacey DeLoose},
  title = {Wikis},
  journal = {Administrative and Organizational Studies},
  url = {https://digitalcommons.wayne.edu/coe_aos/1/},
  volume = {1},
  year = {2009},
  pages = {92--95}
}

@article{lawler2008,
  author = {Cormac Lawler},
  title = {Action research as a congruent methodology for understanding wikis: the case of Wikiversity},
  journal = {Journal of Interactive Media in Education},
  url = {https://www-jime.open.ac.uk/articles/10.5334/2008-6/},
  number = {1},
  year = {2008},
  pages = {Art. 6},
  doi = {10.5334/2008-6}
}

@inproceedings{lawler2007,
  author = {Cormac Lawler},
  title = {Learning and learning about learning in Wikiversity},
  booktitle = {Proceedings of Wikimania},
  year = {2007},
  url = {https://upload.wikimedia.org/wikipedia/wikimania2007/8/81/CL1-Lawler-Learning_and_learning_about_learning_in_Wikiversity.pdf}
}

@article{lai2009,
  author = {Chang-Yen Lai and Wen-Ching Liou},
  title = {An exploration in the convergence of knowledge sharing: An e-Humanities application},
  journal = {Journal of International Management Studies},
  address = {Stockton CA},
  url = {http://www.jimsjournal.org/4%20Chang%20Yen%20Lai.pdf},
  volume = {4},
  number = {2},
  year = {2009}
}

@article{santo2015,
  author = {{Janandréa do Espírito} {Santo} and Rafaela Bohrz},
  title = {Materiais didáticos na EAD: mapeamento e análise da produção no Brasil},
  journal = {RENOTE - Revista Novas Tecnologias na Educação},
  address = {Porto Alegre},
  url = {http://seer.ufrgs.br/index.php/renote/article/view/61447/0},
  volume = {13},
  number = {2},
  year = {2015},
  pages = {1--10},
  doi = {10.22456/1679-1916.61447}
}

@book{filatro2008,
  author = {Andrea Filatro},
  title = {Design instrucional na prática},
  publisher = {Pearson Prentice Hall},
  address = {São Paulo},
  year = {2008}
}

@book{mattar2014,
  author = {Joao Mattar},
  title = {Design   educacional:   Educação   a   Distância   na   prática},
  publisher = {Artesanato Educacional},
  address = {São   Paulo},
  year={2014}
}

@inproceedings{martins2016,
  author = {Isabel Martins and Nuno Regadas and Margarida Amaral},
  title = {O 1º MOOC da Universidade do Porto: desafios e estratégias},
  booktitle = {REIT - Artigo em Livro de Atas de Conferência Internacional},
  year = {2016},
  address = {Porto},
  url = {https://repositorio-aberto.up.pt/bitstream/10216/105954/2/202582.pdf}
}

@article{cruz2008,
  author = {Dulce Márcia da Cruz},
  title = {A produção audiovisual na virtualização do ensino superior: subsídios para a formação docente},
  journal = {ETD-Educação Temática Digital},
  address = {Campinas},
  url = {https://periodicos.sbu.unicamp.br/ojs/index.php/etd/article/view/642},
  volume = {8},
  number = {2},
  month = {},
  year = {2008},
  pages = {23--44},
  doi = {10.20396/etd.v8i2.642}
}

@inproceedings{ebohon2017,
  author={Giulia Modupe Ebohon and João Alexandre Peschanski},
  title={Neuromatemática Representada: A imagem na difusão científica},
  booktitle={XL CONGRESSO BRASILEIRO DE CIÊNCIAS DA COMUNICAÇÃO - INTERCOM},
  year={2017},
  pages={1--14},
  address={Curitiba},
  url ={https://portalintercom.org.br/anais/nacional2017/resumos/R12-1220-1.pdf}
}

@article{friesen2008,
  author = {Norm Friesen and Janet Hopkins},
  title = {Wikiversity; or education meets the free culture movement: An ethnographic investigation},
  journal = {First Monday},
  address = {Bridgman MI},
  url = {https://firstmonday.org/ojs/index.php/fm/article/view/2234/2031},
  volume = {13},
  number = {10},
  year = {2008}
}

@article{tori2015,
  author = {Romero Tori},
  title = {Tecnologia e Metodologia para uma Educação sem Distância},
  journal = {EmRede-Revista de Educação a Distância},
  address = {Porto Alegre},
  url = {https://www.aunirede.org.br/revista/index.php/emrede/article/view/64},
  volume = {2},
  number = {2},
  month = {mai},
  year = {2015},
  pages = {44--55}
}

@article{forno2013,
  author = {Josiane Pozzatti Dal Forno and Graziela Frainer Knoll},
  title = {Os MOOCs no mundo: um levantamento de cursos online abertos massivos},
  journal = {Nuances: estudos sobre Educação},
  address = {Presidente Prudente-SP},
  url = {https://revista.fct.unesp.br/index.php/Nuances/article/view/2705},
  volume = {24},
  number = {3},
  month = {},
  year = {2013},
  pages = {178--197},
  doi = {10.14572/nuances.v24i3.2705}
}

@article{benkler2009,
  author = {Yochai Benkler},
  title = {Saber Comum: produção de materiais educacionais entre pares},
  journal = {Revista entreideias: educação, cultura e sociedade},
  address = {Salvador},
  url = {https://periodicos.ufba.br/index.php/entreideias/article/view/3649/0},
  volume = {14},
  number = {15},
  year = {2009},
  pages = {13--46},
  doi = {10.9771/2317-1219rf.v14i15.3649}
}

@article{teixeira2015,
  author = {António Teixeira and José Mota and Lina Morgado and Maria Spilker},
  title = {iMOOC: um modelo pedagógico institucional para cursos abertos massivos online (MOOCs)},
  journal = {Revista Educação, Formação \& Tecnologias},
  address = {Monte da Caparica, Portugal},
  url = {http://eft.educom.pt/index.php/eft/article/view/465},
  volume = {8},
  number = {1},
  month = {},
  year = {2015},
  pages = {4--12},
}

@article{alevizou2017,
  author = {Giota Alevizou},
  translator = {Giselle Martins dos Santos Ferreira},
  title = {De REA a MOOC: perspectivas críticas acerca das trajetórias históricas de mediação na educação aberta},
  journal = {Revista Educação e Cultura Contemporânea},
  address = {Rio de Janeiro},
  url = {http://periodicos.estacio.br/index.php/reeduc/article/viewArticle/3313},
  volume = {14},
  number = {34},
  year = {2017},
  pages = {347--378},
  doi = {10.5935/2238-1279.20160093PDF}
}

@article{siemens2004,
  author = {George Siemens},
  title = {Connectivism: A  learning  theory  for  the  digital  age},
  journal = {Elearnspace},
  year = {2004},
  url = {https://jotamac.typepad.com/jotamacs_weblog/files/Connectivism.pdf},
  pages = {1--9},
  month = {jan}
}

@book{siemens2006,
  author = {George Siemens},
  title = {Knowing Knowledge},
  publisher = {Lulu.com},
  year = {2006}
}

@book{barba2017,
  author = {{Maria de Lourdes} {Patiño Barba} and Jorge Padilla González and Luisa Massarani},
  title = {Diagnóstico de la Divulgación de la Ciencia en América Latina},
  publisher = {Red de Popularización de la Ciencia y la Tecnología en América Latina y el Caribe},
  address = {México},
  year = {2017}
}

@article{aires2016,
  author = {Luisa Aires},
  title = {e-Learning, Educação Online e Educação Aberta: Contributos para uma reflexão teórica},
  journal = {RIED. Revista Iberoamericana de Educación a Distancia},
  address = {Madrid},
  url = {http://revistas.uned.es/index.php/ried/article/view/14356},
  volume = {19},
  number = {1},
  month = {ene},
  year = {2016},
  pages = {253--269},
  doi = {10.5944/ried.19.1.14356}
}

@Inbook{suoranta2017,
  author = {Suoranta, Juha and Vad{\'e}n, Tere},
  editor = {Peters, Michael},
  title = {Wikilearning},
  bookTitle = {Encyclopedia of Educational Philosophy and Theory},
  year = {2017},
  publisher = {Springer Singapore},
  address = {Singapore},
  pages = {1--6},
  isbn = {"978-981-287-532-7},
  doi = {10.1007/978-981-287-532-7_123-1},
  url = {https://doi.org/10.1007/978-981-287-532-7_123-1}
}


