@book{adam1992,
  author = {Jean-michel Adam},
  title = {Les textes: types et prototypes},
  publisher = {Nathan},
  address = {Paris},
  year = {1992}
}

@article{androutsopoulos2014,
  title = {Languaging when contexts collapse: Audience design in social networking},
  journal = {Discourse, Context \& Media},
  volume = {4-5},
  pages = {62--73},
  year = {2014},
  note = {Digital language practices in superdiversity},
  issn = {2211-6958},
  doi = {https://doi.org/10.1016/j.dcm.2014.08.006},
  url = {https://www.sciencedirect.com/science/article/pii/S2211695814000257},
  author = {Jannis Androutsopoulos}
}

@book{austin1962,
  author = {John Langshaw Austin},
  title = {How to do things with words},
  publisher = {Clarendon Press},
  address = {Oxford},
  year = {1962}
}

@book{bateman2008,
  author = {John A. Bateman},
  title = {Multimodality and Genre: A Foundation for the Systematic Analysis of Multimodal Documents},
  publisher = {Palgrave Macmillan},
  address = {Nova York},
  year = {2008}
}

@book{bateman2017,
  author = {John A. Bateman and  Janina Wildfeuer and Tuomo Hiippala},
  title = {Multimodality – Foundations, Research and Analysis: A Problem-Oriented Introduction},
  publisher = {Walter de Gruyter},
  address = {Berlim},
  year = {2017}
}

@incollection{bourdieu1999,
  title = {The social definition of photography},
  author = {Pierre Bourdieu},
  booktitle = {Visual culture: the reader},
  editor = {Jessica Evans and Stuart Hall},
  editortype = {organizer},
  address = {London},
  publisher = {Sage},
  year = {1999},
  pages = {162--180}
}

@book{brown1987,
  author = {Penelope Brown and Stephen Levinson},
  title = {Politeness: Some universals in language usage},
  publisher = {Cambridge University Press},
  address = {Nova York},
  year = {1987}
}

@online{cetic2020,
  title = {TIC Domicílios 2019: principais resultados},
  author = {CETIC},
  year = {2020},
  url = {https://cetic.br/media/analises/tic_domicilios_2019_coletiva_%20imprensa.pdf},
  urldate = {2021-02-10}
}

@article{develotte2017,
  author = {Christine Develotte and Marie-Anne Paveau},
  title = {Pratiques discursives et interactionnelles en contexte numérique. Questionnements linguistiques},
  journal = {Langage \& Société},
  url = {https://www.cairn.info/revue-langage-et-societe-2017-2-page-199.htm},
  volume = {160--161},
  number = {2--3},
  month = {abr},
  year = {2017},
  pages = {160--161},
  doi = {10.3917/ls.160.0199 }
}

@article{gallagher2015,
  author = {John R. Gallagher},
  title = {Five strategies internet writers use to “continue the conversation”},
  journal = {Written Communication},
  url = {http://publish.illinois.edu/johnrgallagher/files/2015/03/Five-Strategies-Internet-Writers-Use-to-%E2%80%98Continue-the-Conversation%E2%80%99.pdf},
  volume = {32},
  number = {4},
  year = {2015},
  pages = {396--425},
  doi = {0.1177/0741088315601006}
}

@article{garza2002,
  author = {Gilbert Garza},
  title = {The internet, narrative, and subjectivity},
  journal = {Journal of Constructivist Psychology},
  url = {https://psycnet.apa.org/record/2002-17306-003},
  volume = {15},
  number = {3},
  year = {2002},
  pages = {185--203},
  doi = {10.1080/10720530290100433}
}

@book{goffman1985,
  author = {Erving Goffman},
  title = {A representação do eu na vida cotidiana},
  publisher = {Vozes},
  address = {Petrópolis},
  year = {1985}
}

@incollection{goncalves2019,
  title = {A projeção e a captação da empatia, da dispatia e do antagonismo: em busca de uma perspectiva centrada na linguagem},
  author = {Paulo Roberto Gonçalves-Segundo},
  booktitle = {Trajetórias teórico-metodológicas nos estudos do discurso},
  editor = {Paulo Roberto Gonçalves-Segundo and Adriana Moreira Pedro and Agildo Santos Silva de Oliveira and Alexandre Marques Silva and 	Gabriel Isola-Lanzoni and Sergio Mikio Kobayashi and Winola Weiss},
  editortype = {organizer},
  address = {São Paulo},
  publisher = {FFLCH},
  year = {2019},
  doi = {10.11606/9788575063910}
}

@article{greimas1973,
  author = {Algirdas Julien Greimas},
  title = {Un problème de sémiotique narrative: les objets de valeur},
  journal = {Langages},
  volume = {31},
  year = {1973},
  pages = {13--35},
  url = {https://www.persee.fr/doc/lgge_0458-726x_1973_num_8_31_2233}
}

@book{halliday2014,
  author = {Michael Halliday and Christian Matthiessen},
  title = {Introduction to Functional Grammar},
  publisher = {Routledge},
  address = {Nova York e Londres},
  edition = {4},
  year = {2014}
}

@article{henry2001,
  title = {A narrow-angled corpus analysis of moves and strategies of the genre: ‘Letter of Application’},
  journal = {English for Specific Purposes},
  volume = {20},
  number = {2},
  pages = {153--167},
  year = {2001},
  issn = {0889-4906},
  doi = {https://doi.org/10.1016/S0889-4906(99)00037-X},
  url = {https://www.sciencedirect.com/science/article/pii/S088949069900037X},
  author = {Alex Henry and Robert L Roseberry},
}

@incollection{herring2004,
  title = {Computer-mediated discourse analysis: an approach to researching online communities},
  author = {Susan C. Herring},
  booktitle = {Designing for Virtual Communities in the Service of Learning},
  editor = {Sasha A. Barab and Rob Klin and James H. Gray},
  editortype = {organizer},
  address = {Nova York},
  publisher = {Cambridge University Press},
  year = {2004},
  pages = {338--376}
}

@incollection{herring2019,
  title = {The Coevolution of Computer-Mediated Communication and Computer-Mediated Discourse Analysis},
  author = {Susan C. Herring},
  booktitle = {Analyzing Digital Discourse: new insights and future directions},
  editor = {Patricia Bou-Franch, Pilar Garcés-Conejos Blitvich},
  editortype = {organizer},
  address = {Londres},
  publisher = {Palgrave MacMillan},
  year = {2019},
  pages = {25--67}
}

@book{kress2006,
  author = {Gunther Kress and Theo van Leeuwen},
  title = {Reading Images: The Grammar of Visual Design},
  publisher = {Routledge},
  address = {Londres e Nova York},
  edition = {2},
  year = {2006}
}

@incollection{martin2010,
  title = {Semantic Variation: Modelling Realisation, Instantiation and Individuation in Social Semiosis},
  author = {J. R. Martin},
  booktitle = {New Discourse on Language: Functional Perspectives on Multimodality, Identity, and Affiliation},
  editor = {Monika Bednarek and J. R. Martin},
  editortype = {organizer},
  address = {London},
  publisher = {Continuum},
  year = {2010},
  pages = {1--34}
}

@book{martin2005,
  author = {J. R. Martin},
  title = {The language of evaluation: appraisal in English},
  publisher = {Palgrave Macmillan},
  address = {Hampshire},
  year = {2005}
}

@article{marwick2011,
  author = {Alice E. Marwick and danah boyd},
  title ={I tweet honestly, I tweet passionately: Twitter users, context collapse, and the imagined audience},
  journal = {New Media \& Society},
  volume = {13},
  number = {1},
  pages = {114--133},
  year = {2011},
  doi = {10.1177/1461444810365313},
  URL = {https://doi.org/10.1177/1461444810365313}
}

@article{mello2012,
   title = {{Corpos, heteronormatividade e performances h\~A\-bridas}},
   journal = {{Psicologia \& Sociedade}},
   author = {Ricardo Pimentel Méllo},
   URL = {http://www.scielo.br/scielo.php?script=sci_arttext&pid=S0102-71822012000100022&nrm=iso},
   volume = {24},
   number = {1},
   year = {2012},
   month = {jan--abr},
   pages = {197--207},
   doi = {10.1590/S0102-71822012000100022},
   address = {Belo Horizonte}
   }

@article{nascimento2011,
  author = {Roseli Gonçalves do Nascimento and Fábio Alexandre Silva Bezerra and Viviane Maria Heberle},
  title = {Multiletramentos: iniciação à análise de imagens},
  journal = {Linguagem \& Ensino},
  address = {Pelotas},
  url = {https://periodicos.ufpel.edu.br/ojs2/index.php/rle/article/view/15403},
  volume = {14},
  number = {2},
  month = {jul--dez},
  year = {2011},
  pages = {529--552},
  doi = {10.15210/rle.v14i2.15403}
}

@online{ortiz2019,
  title = {The rise of social media},
  author = {Esteban Ortiz-Ospina},
  year = {2019},
  url = {https://ourworldindata.org/rise-of-social-media},
  urldate = {2021-02-10}
}

@article{page2010,
  author = {Ruth Page},
  doi = {doi:10.1515/text.2010.021},
  url = {https://doi.org/10.1515/text.2010.021},
  title = {Re-examining narrativity: small stories in status updates},
  journal = {Text \& Talk},
  number = {4},
  volume = {30},
  year = {2010},
  pages = {423--444}
}

@article{panther2017,
  author = {Klaus-Uwe Panther and Linda Thornburg},
  year = {2017},
  month = {abr},
  pages = {271--294},
  title = {Metaphor and Metonymy in Language and Thought: A Cognitive Linguistic Approach},
  volume = {32},
  number = {2},
  journal = {Synthesis philosophica},
  doi = {10.21464/sp32202},
  number = {https://doi.org/10.21464/sp32202}
}

@article{Pilegaard1997,
  title = {Politeness in written business discourse: A textlinguistic perspective on requests},
  journal = {Journal of Pragmatics},
  volume = {28},
  number = {2},
  pages = {223--244},
  month = {ago},
  year = {1997},
  issn = {0378-2166},
  doi = {10.1016/S0378-2166(96)00084-7},
  url = {https://www.sciencedirect.com/science/article/pii/S0378216696000847},
  author = {Morten Pilegaard}
}

@inproceedings{queiroz2019,
  author = {Bárbara Queiroz and Renata Rezende},
  title = {“Desconhecidos Íntimos”: A transformação da intimidade no Facebook},
  booktitle = {Anais do 42º Congresso Brasileiro de Ciências da Comunicação},
  year = {2019},
  pages = {1--15},
  address = {Belém},
  url = {https://portalintercom.org.br/anais/nacional2019/resumos/R14-2020-1.pdf}
}

@article{ramos2015, 
  title = {Subjetivação e poder no ciberespaço. Da experimentação à convergência identitária na era das redes sociais}, 
  volume = {1}, 
  url = {https://periodicos.ufrn.br/vivencia/article/view/8251}, 
  author = {Jair de Souza Ramos}, 
  year = {2015}, 
  month = {nov.},
  pages = {513--538}
}

@article{tracy1984,
  author = {Karen Tracy and Robert T. Craig and Martin Smith and Frances Spisak},
  title = {The discourse of requests},
  journal = {Human Communication Research},
  volume = {10},
  number = {4},
  pages = {513--538},
  doi = {https://doi.org/10.1111/j.1468-2958.1984.tb00030.x},
  url = {https://onlinelibrary.wiley.com/doi/abs/10.1111/j.1468-2958.1984.tb00030.x},
  year = {1984}
}

@incollection{van2015,
  title = {Multimodality},
  author = {Theo van Leeuwen},
  booktitle = {The Handbook of Discourse Analysis},
  editor = {Deborah Tannen and Deborah Schiffrin and Heidi E. Hamilton},
  editortype = {organizer},
  address = {Chichester},
  publisher = {Wiley Blackwell},
  year = {2015},
  pages = {447--465},
  edition = {2}
}