@article{casali_impacto_nodate,
    title         = {Impacto del {COVID}-19 en docentes universitarios argentinos: cambio de pr\'{a}cticas, dificultades y aumento del estr\'{e}s},
    author        = {Casali, Ana and Torres, Diego},
    journal       = {Revista Iberoamericana de Tecnolog\'{\i}a en Educaci\'{o}n y Educaci\'{o}n en Tecnolog\'{\i}a},
    number        = {28},
    pages         = {423--431},
    doi           = {10.24215/18509959.28.e53},
    issn          = {1850-9959, 1851-0086},
    url           = {https://teyet-revista.info.unlp.edu.ar/TEyET/article/view/1531},
    urldate       = {2023-01-28},
}

@article{escudero_pandemia_nodate,
    title         = {La pandemia de coronavirus {SARS}-{CoV}-2 ({COVID}-19): situaci\'{o}n actual e implicaciones para {M\'{e}xico}},
    author        = {Escudero, Xavier and Alcocer-Gamba, Marco~A and ~Escudero-Salamanca, Mara and ~Galindo-Fraga, Arturo and ~Guarner, Jeannette and Del-R\'{\i}o , Carlos},
    journal       = {Archivos de cardiolog\'{\i}a de M\'{e}xico},
    volume        = {90},
    number        = {1},
    pages         = {7--14},
    year          = {2020}
}

@article{estrada-munoz_technostress_nodate,
    title         = {Technostress of {Chilean} {Teachers} in the {Context} of the {COVID}-19 {Pandemic} and {Teleworking}},
    author        = {Estrada-Mu\~{n}oz, Carla and Vega-Mu\~{n}oz, Alejandro and Castillo, Dante and M\"{u}ller-P\'{e}rez, Sheyla and Boada-Grau, Joan},
    journal       = {International Journal of Environmental Research and Public Health},
    volume        = {18},
    number        = {548},
    pages         = {2--14},
    doi           = {10.3390/ijerph18105458},
    urldate       = {2023-01-28},
}

@book{perez_serrano_investigacion_1994,
    title         = {Investigacio\'n cualitativa: retos e interrogantes},
    author        = {Pe\'rez Serrano, Gloria},
    year          = {1994},
    publisher     = {La Muralla},
    address       = {Madrid},
}

@incollection{tejadafernandez2000docente,
    title         = {El docente innovador},
    author        = {Tejada Fern{\'a}ndez, Jos{\'e}},
    year          = {2000},
    booktitle     = {Estrategias did{\'a}cticas innovadoras: recursos para la formaci{\'o}n y el cambio},
    publisher     = {Octaedro},
    address       = {Barcelona},
    pages         = {47--61},
    url           = {https://dialnet.unirioja.es/servlet/libro?codigo=282},
    urldate       = {2023-01-28},
    editor        = {Torre, Saturnino and Barrios Rios, Oscar},
}

@article{tarafdar_impact_2007,
    title         = {The {Impact} of {Technostress} on {Role} {Stress} and {Productivity}},
    author        = {Tarafdar, Monideepa and Tu, Qiang and Ragu-Nathan, Bhanu S.},
    year          = {2007},
    journal       = {Journal of Management Information Systems},
    volume        = {24},
    number        = {1},
    pages         = {301--328},
    doi           = {10.2753/MIS0742-1222240109},
    issn          = {0742-1222, 1557-928X},
}

@article{ragu-nathan_consequences_2008,
    title         = {The {Consequences} of {Technostress} for {End} {Users} in {Organizations}: {Conceptual} {Development} and {Empirical} {Validation}},
    author        = {Ragu-Nathan, T. S. and Tarafdar, Monideepa and Ragu-Nathan, Bhanu S. and Tu, Qiang},
    year          = {2008},
    journal       = {Information Systems Research},
    volume        = {19},
    number        = {4},
    pages         = {417--433},
    doi           = {10.1287/isre.1070.0165},
    issn          = {1047-7047, 1526-5536},
}

@article{fuster_guillen_investigacion_2019,
    title         = {Investigaci\'{o}n cualitativa: {M\'{e}todo} fenomenol\'{o}gico hermen\'{e}utico},
    author        = {Fuster Guillen, Doris Elida},
    year          = {2019},
    journal       = {Prop\'{o}sitos y Representaciones},
    volume        = {7},
    number        = {1},
    pages         = {201--229},
    doi           = {10.20511/pyr2019.v7n1.267},
    issn          = {2310-4635, 2307-7999},
    url           = {http://revistas.usil.edu.pe/index.php/pyr/article/view/267},
    urldate       = {2023-01-28},
}

@article{mendoza_castillo_lo_2020,
    title         = {Lo que la pandemia nos ense\~{n}\'{o} sobre la educaci\'{o}n a distancia},
    author        = {Mendoza Castillo, Luc\'{\i}a},
    year          = {2020},
    journal       = {Revista Latinoamericana de Estudios Educativos},
    volume        = {50},
    pages         = {343--352},
}

@article{sanchez_mendiola_retos_2020,
    title         = {Retos educativos durante la pandemia de {COVID}-19: una encuesta a profesores de la {UNAM}},
    author        = {S\'{a}nchez Mendiola, Melchor and Mart\'{\i}nez Hern\'{a}ndez, Ana Mar\'{\i}a Del Pilar and Torres Carrasco, Ruth and De Ag\"{u}ero Serv\'{\i}n, Mercedes and Hern\'{a}ndez Romo, Alan Kristi\'{a}n and Benavides Lara, Mario Alberto and Rend\'{o}n Gonz\'{a}lez, V\'{\i}ctor Jes\'{u}s and Jaimes Vergara, Carlos Alberto},
    year          = {2020},
    journal       = {Revista Digital Universitaria},
    volume        = {21},
    number        = {3},
    pages         = {1--24},
    doi           = {10.22201/codeic.16076079e.2020.v21n3.a12},
    issn          = {16076079},
}

@article{almazan2020covid,
    title         = {Covid-19:?` punto sin retorno de la digitalizaci{\'o}n de la educaci{\'o}n?},
    author        = {Almaz{\'a}n G{\'o}mez, Adri{\'a}n},
    year          = {2020},
    journal       = {Revista internacional de educaci{\'o}n para la justicia social (RIEJS)},
    volume        = {9},
    number        = {3},
    pages         = {1--4},
}

@article{hodges2020difference,
    title         = {The difference between emergency remote teaching and online learning},
    author        = {Hodges, Charles B and Moore, Stephanie and Lockee, Barbara B and Trust, Torrey and Bond, Mark Aaron},
    year          = {2020},
    journal       = {Educause Review},
    url           = {https://er.educause.edu/articles/2020/3/the-difference-between-emergency-remote-teaching-and-online-learning},
    urldate       = {2023-01-28},
}

@online{secretariaacuerdo20,
    title         = {Acuerdo n\'{u}mero 02/03/20 por el que se suspenden las clases en las escuelas de educaci\'{o}n preescolar, primaria, secundaria, normal y dem\'{a}s para la formaci\'{o}n de maestros de educaci\'{o}n b\'{a}sica del Sistema Educativo Nacional, as\'{\i} como aquellas de los tipos medio superior y superior dependientes de la Secretar\'{\i}a de Educaci\'{o}n P\'{u}blica},
    author        = {{Secretar\'{\i}a de Gobernaci\'{o}n}},
    year          = {2020},
    publisher     = {Diario Oficial de la Federaci\'{o}n},
    url           = {https://encurtador.com.br/mN018},
    urldate       = {2023-01-28},
}

@online{unesco,
    title         = {Informe CEPAL, OREALC y UNESCO: ``La educaci\'{o}n en tiempos de la pandemia de COVID-19''},
    author        = {UNESCO},
    year          = {2020},
    url           = {https://www.iesalc.unesco.org/2020/08/25/informe-cepal-y-unesco-la-educacion-en-tiempos-de-la-pandemia-de-covid-19/},
}

@article{covarrubias_hernandez_educacion_2021,
    title         = {Educaci\'{o}n a distancia: transformaci\'{o}n de los aprendizajes},
    author        = {Covarrubias Hern\'{a}ndez, Liliana Yonu\'{e}},
    year          = {2021},
    journal       = {Telos Revista de Estudios Interdisciplinarios en Ciencias Sociales},
    volume        = {23},
    number        = {1},
    pages         = {150--160},
    doi           = {10.36390/telos231.12},
    issn          = {23435763, 13170570},
    url           = {http://ojs.urbe.edu/index.php/telos/article/view/3436},
    urldate       = {2023-01-28},
}

@article{galvis_lopez_tensiones_2021,
    title         = {Tensiones y realidades de los docentes universitarios frente a la pandemia {Covid}-19},
    author        = {Galvis L\'{o}pez, Gladys and V\'{a}squez, Andrea and Caviativa, Yaneth Patricia and Ospina, Paola Andrea and Chaves, Ver\'{o}nica Tatiana and Carre\~{n}o, Lina Mar\'{\i}a and Vera, V\'{\i}ctor Javier},
    year          = {2021},
    journal       = {European Journal of Health Research},
    volume        = {7},
    number        = {1},
    pages         = {1--13},
    doi           = {10.32457/ejhr.v7i1.1396},
    issn          = {2445-0308},
    url           = {https://revistas.uautonoma.cl/index.php/ejhr/article/view/1396},
}

@article{garcia_aretio_covid-19_2021,
    title         = {{COVID}-19 y educaci\'{o}n a distancia digital: preconfinamiento, confinamiento y posconfinamiento},
    author        = {Garc\'{\i}a Aretio, Lorenzo},
    year          = {2021},
    journal       = {RIED. Revista Iberoamericana de Educaci\'{o}n a Distancia},
    volume        = {24},
    number        = {1},
    pages         = {09--32},
    doi           = {10.5944/ried.24.1.28080},
    issn          = {1390-3306, 1138-2783},
}

@article{gomez-arteta_educacion_2021,
    title         = {Educaci\'{o}n virtual en tiempos de pandemia: incremento de la desigualdad social en el per\'{u}},
    author        = {G\'{o}mez-Arteta, Indira and Escobar-Mamani, Fortunato},
    year          = {2021},
    journal       = {Chaki\~{n}an, Revista De Ciencias Sociales Y Humanidades},
    number        = {15},
    pages         = {152--165},
    doi           = {10.37135/chk.002.15.10},
    issn          = {25506722},
    url           = {https://chakinan.unach.edu.ec/index.php/chakinan/article/view/553},
}

@article{gonzalez_fernandez_capacitacion_2021,
    title         = {La capacitaci\'{o}n docente para una educaci\'{o}n remota de emergencia por la pandemia de la {COVID}-19},
    author        = {Gonz\'{a}lez Fern\'{a}ndez, Mar\'{\i}a Obdulia},
    year          = {2021},
    journal       = {Revista Tecnolog\'{\i}a, Ciencia y Educaci\'{o}n},
    number        = {19},
    pages         = {81--102},
    doi           = {10.51302/tce.2021.614},
    issn          = {2444-2887, 2444-250X},
    url           = {https://www.tecnologia-ciencia-educacion.com/index.php/TCE/article/view/614},
}

@article{hidalgo_cajo_adopcion_2021,
    title         = {La adopci\'{o}n y uso de las tecnolog\'{\i}as digitales en el profesorado universitario: un an\'{a}lisis desde la perspectiva delg\'{e}nero y la edad},
    author        = {Hidalgo Cajo, Byron Geovanny and Gisbert Cervera, Merc\'{e}},
    year          = {2021},
    journal       = {Revista de Educaci\'{o}n a Distancia (RED)},
    volume        = {21},
    number        = {67},
    doi           = {10.6018/red.481161},
    issn          = {1578-7680},
    url           = {https://revistas.um.es/red/article/view/481161},
}

@article{monetti_ensenar_2021,
    title         = {Ense\~{n}ar y aprender en la virtualidad: un relato autoetnogr\'{a}fico sobre el lugar del cuerpo en los nuevos escenarios educativos},
    author        = {Monetti, Elda Margarita},
    year          = {2021},
    journal       = {El cardo},
    number        = {17},
    pages         = {25--40},
    doi           = {10.33255/18511562/1009},
    issn          = {1851-1562, 1514-7347},
}

@article{murgu_modern_2021,
    title         = {``{A} modern disease of adaptation\ldots{}''?: {Technostress} and academic librarians working in digital scholarship at {ARL} institutions},
    author        = {Murgu, Cal},
    year          = {2021},
    journal       = {The Journal of Academic Librarianship},
    volume        = {47},
    number        = {5},
    pages         = {1--14},
    doi           = {10.1016/j.acalib.2021.102400},
    issn          = {00991333},
}

@article{cortes2021teacher,
    title         = {Teacher stress in times of pandemic},
    author        = {Cort{\'e}s Rojas, Juan Lu{\'\i}s},
    year          = {2021},
    journal       = {Dilemas contempor{\'a}neos: educaci{\'o}n, pol{\'\i}tica y valores},
    volume        = {8},
    number        = {spe1},
}

@article{rodriguez2021ensenanza,
    title         = {Ense{\~n}anza virtual en tiempos de emergencias: continuidades y transformaciones},
    author        = {Rodr{\'\i}guez Sanabia, Eduardo and Moreira Cancela, Natalia and Hortegano, Romina and others},
    year          = {2021},
    journal       = {Revista iberoamericana de educaci{\'o}n},
    volume        = {86},
    number        = {2},
    pages         = {171--186},
}

@online{secretariaacuerdo21,
    title         = {Acuerdo n\'{u}mero 23/08/21 por el que se establecen diversas disposiciones para el desarrollo del ciclo escolar 2021-2022 y reanudar las actividades del servicio p\'{u}blico educativo de forma presencial, responsable y ordenada, y dar cumplimiento a los planes y programas de estudio de educaci\'{o}n b\'{a}sica (preescolar, primaria y secundaria), normal y dem\'{a}s para la formaci\'{o}n de maestros de educaci\'{o}n b\'{a}sica aplicables a toda la Rep\'{u}blica, al igual que aquellos planes y programas de estudio de los tipos medio superior y superior que la Secretar\'{\i}a de Educaci\'{o}n P\'{u}blica haya emitido, as\'{\i} como aquellos particulares con autorizaci\'{o}n o reconocimiento de validez oficial de estudios, en beneficio de las y los educandos},
    author        = {{Secretar\'{\i}a de Gobernaci\'{o}n}},
    year          = {2021},
    publisher     = {Diario Oficial de la Federaci\'{o}n},
    url           = {https://encurtador.com.br/fwEKZ},
    urldate       = {2023-01-28},
}

@article{rocha_estrada_docentes_2022,
    title         = {Docentes universitarios frente al confinamiento acad\'{e}mico: un an\'{a}lisis exploratorio},
    author        = {Rocha Estrada, Francisco Javier and Rinc\'{o}n Flores, Elvira Guadalupe},
    year          = {2022},
    journal       = {Texto Livre},
    volume        = {15},
    number        = {e38234},
    pages         = {1--15},
    doi           = {10.35699/1983-3652.2022.38234},
    issn          = {1983-3652},
}

@article{godoy2022carga,
    title         = {Carga Laboral docente en tiempos de pandemia, factor de estr{\'e}s y su impacto en la ense{\~n}anza remota},
    author        = {Ver\'{a}stegui Godoy, Balbina Victoria Ver{\'a}stegui and Vales Gonzales, Julia Rosario},
    year          = {2022},
    journal       = {Revista Iberoamericana de la Educaci{\'o}n},
    volume        = {1},
    url           = {https://www.revista-iberoamericana.org/index.php/es/article/view/218},
    urldate       = {2023-01-28},
}
