
@article{casali_impacto_nodate,
	title = {Impacto del {COVID}-19 en docentes universitarios argentinos: cambio de prácticas, dificultades y aumento del estrés},
	issn = {1850-9959, 1851-0086},
	url = {https://teyet-revista.info.unlp.edu.ar/TEyET/article/view/1531},
	doi = {10.24215/18509959.28.e53},
	number = {28},
	urldate = {2023-01-28},
	journal = {Revista Iberoamericana de Tecnología en Educación y Educación en Tecnología},
	author = {Casali, Ana and Torres, Diego},
	pages = {423--431},
}

@article{covarrubias_hernandez_educacion_2021,
	title = {Educación a distancia: transformación de los aprendizajes},
	volume = {23},
	issn = {23435763, 13170570},
	url = {http://ojs.urbe.edu/index.php/telos/article/view/3436},
	doi = {10.36390/telos231.12},
	number = {1},
	urldate = {2023-01-28},
	journal = {Telos Revista de Estudios Interdisciplinarios en Ciencias Sociales},
	author = {Covarrubias Hernández, Liliana Yonué},
	year = {2021},
	pages = {150--160},
}

@article{escudero_pandemia_nodate,
	title = {La pandemia de coronavirus {SARS}?{CoV}-2 ({COVID}?19): situación actual e implicaciones para {México}},
	volume = {90},
	number = {1},
	journal = {Archivos de cardiología de México},
	author = {Escudero, Xavier and Alcocer-Gamba, Marco A and  Escudero-Salamanca, Mara and  Galindo-Fraga, Arturo and  Guarner, Jeannette and Del-Río , Carlos},
	pages = {7--14},
}

@article{estrada-munoz_technostress_nodate,
	title = {Technostress of {Chilean} {Teachers} in the {Context} of the {COVID}-19 {Pandemic} and {Teleworking}},
	volume = {18},
	doi = {10.3390/ijerph18105458},
	number = {548},
	urldate = {2023-01-28},
	journal = {International Journal of Environmental Research and Public Health},
	author = {Estrada-Muñoz, Carla and Vega-Muñoz, Alejandro and Castillo, Dante and Müller-Pérez, Sheyla and Boada-Grau, Joan},
	pages = {2--14},
}

@article{fuster_guillen_investigacion_2019,
	title = {Investigación cualitativa: {Método} fenomenológico hermenéutico},
	volume = {7},
	issn = {2310-4635, 2307-7999},
	url = {http://revistas.usil.edu.pe/index.php/pyr/article/view/267},
	doi = {10.20511/pyr2019.v7n1.267},
	number = {1},
	urldate = {2023-01-28},
	journal = {Propósitos y Representaciones},
	author = {Fuster Guillen, Doris Elida},
	year = {2019},
	pages = {201--229},
}

@article{galvis_lopez_tensiones_2021,
	title = {Tensiones y realidades de los docentes universitarios frente a la pandemia {Covid}-19},
	volume = {7},
	issn = {2445-0308},
	url = {https://revistas.uautonoma.cl/index.php/ejhr/article/view/1396},
	doi = {10.32457/ejhr.v7i1.1396},
	number = {1},
	journal = {European Journal of Health Research},
	author = {Galvis López, Gladys and Vásquez, Andrea and Caviativa, Yaneth Patricia and Ospina, Paola Andrea and Chaves, Verónica Tatiana and Carreño, Lina María and Vera, Víctor Javier},
	year = {2021},
	pages = {1--13},
}

@article{garcia_aretio_covid-19_2021,
	title = {{COVID}-19 y educación a distancia digital: preconfinamiento, confinamiento y posconfinamiento},
	volume = {24},
	issn = {1390-3306, 1138-2783},
	doi = {10.5944/ried.24.1.28080},
	number = {1},
	journal = {RIED. Revista Iberoamericana de Educación a Distancia},
	author = {García Aretio, Lorenzo},
	year = {2021},
	pages = {09--32},
}

@article{gomez-arteta_educacion_2021,
	title = {Educación virtual en tiempos de pandemia: incremento de la desigualdad social en el perú},
	issn = {25506722},
	url = {https://chakinan.unach.edu.ec/index.php/chakinan/article/view/553},
	doi = {10.37135/chk.002.15.10},
	number = {15},
	journal = { Chakiñan, Revista De Ciencias Sociales Y Humanidades},
	author = {Gómez-Arteta, Indira and Escobar-Mamani, Fortunato },
	year = {2021},
	pages = {152--165},
}

@article{gonzalez_fernandez_capacitacion_2021,
	title = {La capacitación docente para una educación remota de emergencia por la pandemia de la {COVID}-19},
	issn = {2444-2887, 2444-250X},
	url = {https://www.tecnologia-ciencia-educacion.com/index.php/TCE/article/view/614},
	doi = {10.51302/tce.2021.614},
	number = {19},
	journal = {Revista Tecnología, Ciencia y Educación},
	author = {González Fernández, María Obdulia},
	year = {2021},
	pages = {81--102},
}

@article{hidalgo_cajo_adopcion_2021,
	title = {La adopción y uso de las tecnologías digitales en el profesorado universitario: un análisis desde la perspectiva delgénero y la edad},
	volume = {21},
	issn = {1578-7680},
	url = {https://revistas.um.es/red/article/view/481161},
	doi = {10.6018/red.481161},
	number = {67},
	journal = {Revista de Educación a Distancia (RED)},
	author = {Hidalgo Cajo, Byron Geovanny and Gisbert Cervera, Mercé},
	year = {2021},
}

@article{mendoza_castillo_lo_2020,
	title = {Lo que la pandemia nos enseñó sobre la educación a distancia},
	volume = {50},
	journal = {Revista Latinoamericana de Estudios Educativos},
	author = {Mendoza Castillo, Lucía},
	year = {2020},
	pages = {343--352},
}

@article{monetti_ensenar_2021,
	title = {Enseñar y aprender en la virtualidad: un relato autoetnográfico sobre el lugar del cuerpo en los nuevos escenarios educativos},
	issn = {1851-1562, 1514-7347},
	doi = {10.33255/18511562/1009},
	number = {17},
	journal = {El cardo},
	author = {Monetti, Elda Margarita},
	year = {2021},
	pages = {25--40},
}

@article{murgu_modern_2021,
	title = {“{A} modern disease of adaptation…”?: {Technostress} and academic librarians working in digital scholarship at {ARL} institutions},
	volume = {47},
	issn = {00991333},
	doi = {10.1016/j.acalib.2021.102400},
	number = {5},
	journal = {The Journal of Academic Librarianship},
	author = {Murgu, Cal},
	year = {2021},
	pages = {1--14},
}

@book{perez_serrano_investigacion_1994,
	address = {Madrid},
	title = {Investigación cualitativa: retos e interrogantes},
	publisher = {La Muralla},
	author = {Pérez Serrano, Gloria},
	year = {1994},
}

@article{ragu-nathan_consequences_2008,
	title = {The {Consequences} of {Technostress} for {End} {Users} in {Organizations}: {Conceptual} {Development} and {Empirical} {Validation}},
	volume = {19},
	issn = {1047-7047, 1526-5536},
	doi = {10.1287/isre.1070.0165},
	number = {4},
	journal = {Information Systems Research},
	author = {Ragu-Nathan, T. S. and Tarafdar, Monideepa and Ragu-Nathan, Bhanu S. and Tu, Qiang},
	year = {2008},
	pages = {417--433},
}

@article{rocha_estrada_docentes_2022,
	title = {Docentes universitarios frente al confinamiento académico: un análisis exploratorio},
	volume = {15},
	issn = {1983-3652},
	doi = {10.35699/1983-3652.2022.38234},
	number = {e38234},
	journal = {Texto Livre},
	author = {Rocha Estrada, Francisco Javier and Rincón Flores, Elvira Guadalupe},
	year = {2022},
	pages = {1--15},
}

@article{sanchez_mendiola_retos_2020,
	title = {Retos educativos durante la pandemia de {COVID}-19: una encuesta a profesores de la {UNAM}},
	volume = {21},
	issn = {16076079},
	doi = {10.22201/codeic.16076079e.2020.v21n3.a12},
	number = {3},
	journal = {Revista Digital Universitaria},
	author = {Sánchez Mendiola, Melchor and Martínez Hernández, Ana María Del Pilar and Torres Carrasco, Ruth and De Agüero Servín, Mercedes and Hernández Romo, Alan Kristián and Benavides Lara, Mario Alberto and Rendón González, Víctor Jesús and Jaimes Vergara, Carlos Alberto},
	year = {2020},
	pages = {1--24},
}

@article{tarafdar_impact_2007,
	title = {The {Impact} of {Technostress} on {Role} {Stress} and {Productivity}},
	volume = {24},
	issn = {0742-1222, 1557-928X},
	doi = {10.2753/MIS0742-1222240109},
	number = {1},
	journal = {Journal of Management Information Systems},
	author = {Tarafdar, Monideepa and Tu, Qiang and Ragu-Nathan, Bhanu S.},
	year = {2007},
	pages = {301--328},
}
