@book{vygotsky1978mind,
    title         = {Mind in society: The development of higher psychological processes},
    author        = {Vygotsky, Lev Semenovich},
    year          = {1978},
    publisher     = {Harvard University Press},
    address       = {Cambridge},
}

@book{bandura1986social,
    title         = {Social foundations of thought and action: A social cognitive theory},
    author        = {Albert Bandura},
    year          = {1986},
    publisher     = {Prentice Hall},
    address       = {Nueva Jersey},
}

@online{bnc2002,
    title         = {British National Corpus: A Web-based interface to the British National Corpus},
    author        = {{British National Corpus (BNC)}},
    year          = {2002},
    url           = {http://homepage.mac.com/bncweb/home.html},
    urldate       = {2024-01-13},
}

@incollection{meunier2002pedagogical,
    title         = {The pedagogical value of native and learner corpora in EFL grammar teaching},
    author        = {Meunier, Fanny},
    year          = {2002},
    booktitle     = {Computer learner corpora, second language acquisition and foreign language teaching},
    publisher     = {John Benjamins},
    address       = {Ámsterdam},
    volume        = {12},
    pages         = {119--132},
    doi           = {10.1075/lllt.6.10meu},
    url           = {https://doi.org/10.1075/lllt.6.10meu},
    urldate       = {2024-01-12},
}

@article{linnenbrink2003role,
    title         = {The role of self-efficacy beliefs in student engagement and learning in the classroom},
    author        = {Linnenbrink, Elizabeth and Pintrich, Paul},
    year          = {2003},
    journal       = {Reading and Writing Quarterly},
    publisher     = {Routledge},
    volume        = {19},
    number        = {2},
    pages         = {119--137},
    doi           = {10.1080/10573560308223},
    url           = {http://dx.doi.org/10.1080/10573560308223},
    urldate       = {2024-01-02},
}

@incollection{bernardini2004corpora,
    title         = {Corpora in the classroom: An overview and some reflections on future developments},
    author        = {Silvia Bernardini},
    year          = {2004},
    booktitle     = {How to Use Corpora in Language Teaching},
    publisher     = {Benjamins},
    address       = {Amsterdam},
    pages         = {124--138},
    editor        = {John Sinclair},
}

@book{sinclair2004how,
    title         = {How to use corpora in language teaching},
    author        = {Sinclair, John},
    year          = {2004},
    publisher     = {John Benjamins},
    address       = {Ámsterdam},
}

@article{yoon2004,
    title         = {ESL student attitudes toward corpus use in L2 writing},
    author        = {Hyunsook Yoon and Alan Hirvela},
    year          = {2004},
    volume        = {13},
    pages         = {257--283},
    doi           = {10.1016/j.jslw.2004.06.002},
    issn          = {1060-3743},
    url           = {https://www.sciencedirect.com/science/article/pii/S1060374304000190},
    urldate       = {2024-01-15},
    journaltitle  = {Journal of Second Language Writing},
}

@article{gabrielatos2005corpora,
    title         = {Corpora and Language Teaching: Just a Fling or Wedding Bells?},
    author        = {Costas Gabrielatos},
    year          = {2005},
    journal       = {Tesl-ej},
    volume        = {8},
    number        = {4},
    pages         = {1--35},
}

@book{okeeffe2007corpus,
    title         = {From corpus to classroom: Language use and language teaching},
    author        = {O'Keeffe, Anne and McCarthy, Michael and Carter, Ronald},
    year          = {2007},
    publisher     = {Cambridge University Press},
    address       = {Cambridge},
}

@article{boulton2009testing,
    title         = {Testing the limits of data-driven learning: language proficiency and training},
    author        = {Alex Boulton},
    year          = {2009},
    journal       = {ReCALL},
    publisher     = {Cambridge University Press (CUP)},
    volume        = {21},
    number        = {11},
    pages         = {37--51},
}

@incollection{romer2009corpus,
    title         = {Corpus research and practice: What help do teachers need and what can we offer?},
    author        = {Römer, Ute},
    year          = {2009},
    booktitle     = {Corpora and language teaching},
    publisher     = {John Benjamins},
    address       = {Ámsterdam},
    pages         = {83--98},
    editor        = {Aijmer, Karin},
}

@article{li2010empirical,
    title         = {An empirical study of reading self-efficacy and the use of reading strategies in the Chinese {EFL} context},
    author        = {Li, Yusheng and Wang, Chuang},
    year          = {2010},
    journal       = {Asian EFL Journal},
    volume        = {12},
    number        = {2},
    pages         = {144--162},
}

@incollection{mcenery2011what,
    title         = {What corpora can offer in language teaching and learning},
    author        = {McEnery, Tony and Xiao, Richard},
    year          = {2011},
    booktitle     = {Handbook of research in second language teaching and learning},
    publisher     = {Routledge},
    address       = {Reino Unido},
    pages         = {364--380},
    editor        = {Hinkel, Eli},
}

@article{woodrow2011college,
    title         = {College English writing affect: Self-efficacy and anxiety},
    author        = {Woodrow, Lindy},
    year          = {2011},
    journal       = {System},
    volume        = {39},
    number        = {4},
    pages         = {510--522},
    doi           = {10.1016/j.system.2011.10.017},
    issn          = {0346-251x},
    url           = {https://www.sciencedirect.com/science/article/pii/S0346251X11001278},
    urldate       = {2024-01-12},
}

@article{boulton2012what,
    title         = {What data for data-driven learning?},
    author        = {Alex Boulton},
    year          = {2012},
    journal       = {Eurocall Review},
    volume        = {20},
    number        = {1},
    pages         = {23--27},
    url           = {https://hal.science/hal-00734993},
}

@article{raoofi2012self,
    title         = {Self-efficacy in Second/Foreign language learning contexts},
    author        = {Raoofi, Saeid and Tan Bee and Chan Swee},
    year          = {2012},
    journal       = {English Language Teaching},
    volume        = {5},
    number        = {11},
    pages         = {60--73},
}

@book{hanks2013,
    title         = {Lexical analysis: Norms and exploitations.},
    author        = {Patrick Hanks},
    year          = {2013},
    publisher     = {MIT Press},
    address       = {Cambridge},
}

@article{villalon2013high,
    title         = {High school students' beliefs and learning strategies in the {EFL} classroom: Are they affected by educational level?},
    author        = {Villalón, Ruth and Mateos, Mar and Cuevas, Isabel},
    year          = {2013},
    journal       = {Porta Linguarum},
    volume        = {35},
    number        = {6},
    pages         = {653–674},
}

@article{charles2014getting,
    title         = {Getting the corpus habit: EAP students' long-term use of personal corpora},
    author        = {Maggie Charles},
    year          = {2014},
    journal       = {English for Specific Purposes},
    volume        = {35},
    pages         = {30--40},
    doi           = {10.1016/j.esp.2013.11.004},
    issn          = {0889-4906},
    url           = {https://www.sciencedirect.com/science/article/pii/S0889490613000951},
    urldate       = {2024-01-05},
}

@article{geluso2014discovering,
    title         = {Discovering formulaic language through data driven learning: Student attitudes and efficacy},
    author        = {Joe Geluso and Atsumi Yamaguchi},
    year          = {2014},
    journal       = {ReCALL},
    volume        = {26},
    number        = {2},
    pages         = {225--242},
    doi           = {10.1017/s0958344014000044},
    url           = {https://doi.org/10.1017/S0958344014000044},
}

@article{lin2014learning,
    title         = {Learning word meanings from teachers' repeated story read-aloud in EFL primary classrooms},
    author        = {Lin, Lu-Chun},
    year          = {2014},
    journal       = {English Language Teaching},
    volume        = {7},
    number        = {7},
    pages         = {68--81},
    doi           = {10.5539/elt.v7n7p68},
    url           = {https://doi.org/10.5539/elt.v7n7p68},
    urldate       = {2024-01-20},
}

@article{smart2014role,
    title         = {The role of guided induction in paper-based data-driven learning},
    author        = {Smart, Jonathan},
    year          = {2014},
    journal       = {ReCALL},
    volume        = {26},
    number        = {2},
    pages         = {184--201},
}

@article{you2016,
    title         = {Language learning motivation in China: Results of a large-scale stratified survey},
    author        = {You, Chenjing (Julia) and Dörnyei, Zoltán},
    year          = {2014},
    volume        = {37},
    number        = {4},
    pages         = {495--516},
    doi           = {10.1093/applin/amu046},
    issn          = {0142-6001},
    url           = {https://doi.org/10.1093/applin/amu046},
    urldate       = {2024-01-09},
    journaltitle  = {Applied Linguistics},
}

@article{daskalovska2015corpus,
    title         = {Corpus-based versus traditional learning of collocations},
    author        = {Nina Daskalovska},
    year          = {2015},
    journal       = {Computer Assisted Language Learning},
    publisher     = {Routledge},
    volume        = {28},
    number        = {2},
    pages         = {130--144},
}

@article{flowerdew2015corpus,
    title         = {Corpus-based research and pedagogy in EAP: From lexis to genre},
    author        = {Lynne Flowerdew},
    year          = {2015},
    journal       = {Language Teaching},
    volume        = {48},
    number        = {1},
    pages         = {99--116},
    doi           = {10.1017/s0261444813000037},
    url           = {http://doi.org.10.1017/S0261444813000037},
    urldate       = {2024-01-15},
}

@article{gilmore2015research,
    title         = {Research into practice: Data-driven learning},
    author        = {Alex Gilmore},
    year          = {2015},
    journal       = {Language Teaching},
    volume        = {48},
    number        = {3},
    pages         = {340--359},
    url           = {https://doi.org/10.1017/S0261444815000090},
    note          = {Consultado el: 15 de enero de 2024},
}

@incollection{thomas2015deriving,
    title         = {Stealing a march on collocation: Deriving extended collocations from full text for student analysis and synthesis},
    author        = {Thomas, James Edward},
    year          = {2015},
    booktitle     = {Multiple affordances of language corpora for data-driven learning},
    publisher     = {John Benjamins},
    address       = {ámsterdam},
    pages         = {85--108},
    editor        = {Leńko-Szymańska, Agnieszka and Boulton, Alex},
}

@incollection{tribble2015teaching,
    title         = {Teaching and language corpora: Perspectives from a personal journey},
    author        = {Tribble, Christopher},
    year          = {2015},
    booktitle     = {Multiple affordances of language corpora for data-driven learning},
    publisher     = {John Benjamins},
    address       = {ámsterdam},
    pages         = {37--62},
    editor        = {Leńko-Szymańska, Agnieszka and Boulton, Alex},
}

@article{anam2016language,
    title         = {Language learning strategies of Indonesian primary school students: In relation to self-efficacy beliefs},
    author        = {Syafi'ul Anam and Elke Stracke},
    year          = {2016},
    journal       = {System},
    volume        = {60},
    pages         = {1--10},
    doi           = {https://doi.org/10.1016/j.system.2016.05.001},
    issn          = {0346-251x},
    url           = {https://doi.org/10.1016/j.system.2016.05.001},
    urldate       = {2024-01-13},
}

@article{asik2016lexical,
    title         = {Lexical awareness and development through data driven learning: Attitudes and beliefs of EFL learners},
    author        = {Asuman Aşık and Arzu Şarlanoğlu Vural and Kadriye Dilek Akpinar},
    year          = {2016},
    journal       = {Journal of Education and Training Studies},
    volume        = {4},
    number        = {3},
    pages         = {87--96},
    doi           = {https://doi.org/10.11114/jets.v4i3.1223},
}

@incollection{callies2016towards,
    title         = {Towards corpus literacy in foreign language teacher education: Using corpora to examine the variability of reporting verbs in English},
    author        = {Marcus Callies},
    year          = {2016},
    booktitle     = {Angewandte Linguistik in Schule und Hochschule},
    publisher     = {Peter Lang},
    address       = {Frankfurt},
    pages         = {391--415},
    editor        = {Rolf Kreyer and Steffen Schaub and Barbara Ann Gülkerning},
}

@article{genc2016exploring,
    title         = {Exploring EFL learners' perceived self-efficacy and beliefs on English language learning},
    author        = {Genç, Gülten and Kuluşaklı, Emine and Aydin, Savas},
    year          = {2016},
    journal       = {Australian Journal of Teacher Education},
    volume        = {41},
    number        = {2},
    pages         = {53--68},
    doi           = {10.14221/ajte.2016v41n2.4},
    url           = {http://dx.doi.org/10.14221/ajte.2016v41n2.4},
    urldate       = {2024-01-13},
}

@article{lin2016effects,
    title         = {Effects of corpus-aided language learning in the {EFL} grammar classroom: A case study of students' learning attitudes and teachers' perceptions in Taiwan},
    author        = {Lin, Ming Huei},
    year          = {2016},
    journal       = {TESOL Quarterly},
    volume        = {50},
    number        = {4},
    pages         = {871--893},
}

@article{boulton2017corpus,
    title         = {Corpus use in language learning: A meta-analysis},
    author        = {Alex Boulton and Tom Cobb},
    year          = {2017},
    journal       = {Language Learning},
    volume        = {67},
    number        = {2},
    pages         = {348--393},
    doi           = {10.1111/lang.12224},
    url           = {https://doi.org/10.1111/lang.12224},
    urldate       = {2024-01-05},
}

@book{szudarski2018corpus,
    title         = {Corpus linguistics for vocabulary: A guide for research},
    author        = {Paweł Szudarski},
    year          = {2017},
    publisher     = {Routledge},
    address       = {Londres},
}

@article{caliskan2018training,
    title         = {Training teachers on corpus-based language pedagogy: Perceptions on vocabulary instruction},
    author        = {Gamze Çalışkan and Safiye İpek Kuru Gönen},
    year          = {2018},
    journal       = {Journal of Language and Linguistics Studies},
    volume        = {14},
    number        = {4},
    pages         = {190--210},
}

@article{sardegna2018self,
    title         = {Self-efficacy, attitudes, and choice of strategies for {English} pronunciation learning},
    author        = {Sardegna, Veronica and Lee, Juhee and Kusey, Crystal},
    year          = {2018},
    journal       = {Language Learning},
    volume        = {68},
    number        = {1},
    pages         = {83--114},
    doi           = {10.1111/lang.12263},
    url           = {https://doi.org/10.1111/lang.12263},
    urldate       = {20242-01-10},
}

@online{sketchengine2018,
    title         = {Lexical Computing Ltd.},
    author        = {{Sketch Engine for Language Learning (SKELL)}},
    year          = {2018},
    url           = {https://www.sketchengine.eu/skell/},
    urldate       = {2024-01-13},
}

@book{zapata-ros2018,
    title         = {El pensamiento computacional, análisis de una competencia clave},
    author        = {Zapata-Ros, Miguel and Pérez-Paredes, Pascual},
    year          = {2018},
    publisher     = {Create Space Publishing},
    address       = {Scotts Valley},
}

@article{chen2019introducing,
    title         = {Introducing in-service English language teachers to data-driven learning for academic writing},
    author        = {Meilin Chen and John Flowerdew and Laurence Anthony},
    year          = {2019},
    journal       = {System},
    volume        = {87},
    pages         = {1--11},
}

@article{dornyei2019towards,
    title         = {Towards a better understanding of the L2 learning experience, the Cinderella of the L2 motivational self system},
    author        = {Zoltán Dörnyei},
    year          = {2019},
    journal       = {Studies in Second Language Learning and Teaching},
    volume        = {9},
    number        = {1},
    pages         = {19--30},
    doi           = {10.14746/ssllt.2019.9.1.2},
    url           = {http://dx.doi.org/10.14746/ssllt.2019.9.1.2},
    urldate       = {2024-01-03},
}

@article{munoz2019actitudes,
    title         = {Las actitudes y creencias lingüísticas de estudiantes universitarios},
    author        = {Muñoz, Mónica},
    year          = {2019},
    journal       = {RIDE. Revista Iberoamericana para la Investigación y el Desarrollo Educativo},
    volume        = {9},
    number        = {18},
    pages         = {1--20},
    doi           = {10.23913/ride.v9i18.444},
}

@article{perezparedes2019mobile,
    title         = {Mobile data-driven language learning: Affordances and learners' perception},
    author        = {Pascual Pérez-Paredes and Carlos {Ordoñana Guillamón} and Julie {Van de Vyver} and Alice Meurice and Pilar {Aguado Jiménez} and Grainne Conole and Purificación {Sánchez Hernández}},
    year          = {2019},
    journal       = {System},
    volume        = {84},
    pages         = {145--159},
}

@article{waddington2019developing,
    title         = {Developing primary school students’ foreign language learner self-concept},
    author        = {Waddington, Julie},
    year          = {2019},
    journal       = {System},
    volume        = {82},
    pages         = {39--49},
    issn          = {0346-251x},
    url           = {https://doi.org/10.1016/j.system.2019.02.012},
    urldate       = {2024-01-13},
}

@article{yao2019vocabulary,
    title         = {Vocabulary learning through data-driven learning in the context of Spanish as a foreign language},
    author        = {Yao, Gang},
    year          = {2019},
    journal       = {Research in Corpus Linguistics},
    volume        = {7},
    pages         = {18--46},
    doi           = {10.32714/ricl.07.02},
    url           = {https://ricl.aelinco.es/index.php/ricl/article/view/98},
    urldate       = {2024-01-05},
}

@online{VolumencomplementariodelMarcoComúnEuropeodeReferenciaparalasLenguas,
    title         = {Volumen complementario del Marco Común Europeo de Referencia para las Lenguas: Aprendizaje, Enseñanza, Evaluación},
    author        = {{Consejo de Europa}},
    year          = {2020},
    url           = {https://cvc.cervantes.es/ensenanza/biblioteca_ele/marco_complementario/mcer_volumen-complementario.pdf},
    urldate       = {2024-01-03},
}

@article{saeedakhtar2020effect,
    title         = {The effect of hands-on and hands-off data-driven learning on low-intermediate learners' verb-preposition collocations},
    author        = {Afsaneh Saeedakhtar and Maryam Bagerin and Reza Abdi},
    year          = {2020},
    journal       = {System},
    volume        = {91},
    pages         = {1--14},
    doi           = {10.1016/j.system.2020.102268},
    url           = {https://doi.org/10.1016/j.system.2020.102268},
    urldate       = {2024-01-12},
}

@article{saito2020strategy,
    title         = {Strategy Use, Self-efficacy Beliefs, and Self-regulatedness in Adult Foreign Language Learning},
    author        = {Saito, Akihiro},
    year          = {2020},
    journal       = {Australian Journal of Applied Linguistics},
    volume        = {3},
    number        = {2},
    pages         = {152--167},
    doi           = {10.29140/ajal.v3n2.282},
    url           = {https://doi.org/10.29140/ajal.v3n2.282},
    urldate       = {2024-01-09},
}

@article{sun2020college,
    title         = {College students' writing self-efficacy and writing self-regulated learning strategies in learning {English} as a foreign language},
    author        = {Sun, Ting and Wang, Chuang},
    year          = {2020},
    journal       = {System},
    volume        = {90},
    pages         = {1--17},
    doi           = {10.1016/j.system.2020.102221},
    issn          = {0346-251x},
    url           = {https://doi.org/10.1016/j.system.2020.102221},
    urldate       = {2024-01-10},
}

@article{wang2020,
    title         = {Relationship between self-efficacy and language proficiency: A meta-analysis},
    author        = {Chuang Wang and Ting Sun},
    year          = {2020},
    journal       = {System},
    volume        = {95},
    pages         = {102366},
    doi           = {https://doi.org/10.1016/j.system.2020.102366},
    issn          = {0346-251x},
    url           = {https://www.sciencedirect.com/science/article/pii/S0346251X20307260},
    urldate       = {2024-01-05},
}

@article{chamorro2021actitudes,
    title         = {Actitudes lingüísticas, revisión teórica y repercusiones en la enseñanza de lenguas extranjeras},
    author        = {Mónica, chamorro Mejía},
    year          = {2021},
    journal       = {Cuadernos de Lingüística Hispánica},
    volume        = {37},
    pages         = {1--15},
    issn          = {0121-053x},
}

@article{crosthwaite2021voices,
    title         = {Voices from the periphery: Perceptions of Indonesian primary vs secondary pre-service teacher trainees about corpora and data-driven learning in the L2 English classroom},
    author        = {Peter Crosthwaite and  Luciana and Martin Schweinberger},
    year          = {2021},
    journal       = {Applied Corpus Linguistics},
    volume        = {1},
    number        = {1},
    pages         = {100003},
    doi           = {10.1016/j.acorp.2021.100003},
    issn          = {2666-7991},
    url           = {https://doi.org/10.1016/j.acorp.2021.100003},
    note          = {Consultado el: 10 de enero de 2024},
}

@book{haro2021soler2021,
    title         = {¿Feedback y autorregulación del aprendizaje? Su impacto en las creencias de autoeficacia del estudiantado de traducción},
    author        = {María del Mar Haro Soler},
    year          = {2021},
    booktitle     = {Investigación traductológica en la enseñanza y práctica profesional de la traducción y la interpretación},
    publisher     = {Comares},
    address       = {Granada},
    pages         = {67--81},
    editor        = {Chelo Vargas Sierra and Ana Belén Martínez López},
}

@article{guilquin2021using,
    title         = {Using corpora to foster {L2} construction learning: A data-driven learning experiment},
    author        = {Guilquin, Gaëtanelle},
    year          = {2021},
    journal       = {International Journal of Applied Linguistics},
    volume        = {31},
    number        = {2},
    pages         = {229--247},
    doi           = {10.1111/ijal.12317},
    url           = {http://doi.org/10.1111/ijal.12317},
    urldate       = {2024-01-10},
}

@article{sinha2021efl,
    title         = {EFL learners' perception of and attitude to corpus as a vocabulary learning tool},
    author        = {Sinha, Tara},
    year          = {2021},
    journal       = {The Reading Matrix: An International Online Journal},
    volume        = {21},
    number        = {2},
    pages         = {106--119},
}

@article{poole2022corpus,
    title         = {“Corpus can be tricky”: revisiting teacher attitudes towards corpus-aided language learning and teaching},
    author        = {Poole, Robert},
    year          = {2022},
    journal       = {Computer Assisted Language Learning},
    publisher     = {Routledge},
    volume        = {35},
    number        = {7},
    pages         = {1620--1641},
    doi           = {10.1080/09588221.2020.1825095},
    url           = {https://doi.org/10.1080/09588221.2020.1825095},
    urldate       = {2024-01-10},
}

@article{bai2023role,
    title         = {The role of growth mindset, self-efficacy and intrinsic value in self-regulated learning and English language learning achievements},
    author        = {Barry Bai and Jing Wang},
    year          = {2023},
    journal       = {Language Teaching Research},
    volume        = {27},
    number        = {1},
    pages         = {207--228},
    doi           = {10.1177/1362168820933190},
    url           = {https://doi.org/10.1177/1362168820933190},
    urldate       = {2024-01-10},
}

@incollection{brown2023using,
    title         = {Using concordance lines to teach participal adjectives},
    author        = {Michael Brown},
    year          = {2023},
    booktitle     = {Teaching English with corpora: a resource book},
    publisher     = {Routledge},
    address       = {Londres},
    pages         = {65--68},
    editor        = {Vander Viana},
}

@incollection{sutherland2023using,
    title         = {Using concordance lines to teach participal adjectives},
    author        = {Sutherland, Sean},
    year          = {2023},
    booktitle     = {Teaching English with corpora: a resource book},
    publisher     = {Routledge},
    address       = {Londres},
    pages         = {33--35},
    editor        = {Viana, Vander},
}

@article{tengwangwu2021metacognitive,
    title         = {Metacognitive Strategies, Language Learning Motivation, Self-Efficacy Belief, and {English} Achievement During Remote Learning: A Structural Equation Modelling Approach},
    author        = {Mark Feng Teng and Chuang Wang and Junjie Gavin Wu},
    year          = {2023},
    journal       = {RELC Journal},
    volume        = {54},
    number        = {3},
    pages         = {648--666},
    doi           = {10.1177/00336882211040268},
    url           = {https://doi.org/10.1177/00336882211040268},
    urldate       = {2024-01-08},
}

@article{teng2021individual,
    title         = {Individual differences in self-regulated learning: Exploring the nexus of motivational beliefs, self-efficacy, and SRL strategies in EFL writing},
    author        = {Teng, Lin Sophie},
    year          = {2024},
    journal       = {Language Teaching Research},
    volume        = {28},
    number        = {2},
    pages         = {366--388},
    doi           = {10.1177/13621688211006881},
    url           = {https://doi.org/10.1177/13621688211006881},
    urldate       = {2024-01-08},
}
