@book{mentre1920generations,
    title         = {Les g{\'e}n{\'e}rations sociales},
    author        = {Mentr{\'e}, Fran{\c{c}}ois},
    year          = {1920},
    publisher     = {E\'ditions Bossard},
    address       = {Paris},
}

@book{mcluhan_gutenberg_1962,
    title         = {The {Gutenberg} galaxy: the making of typographic man},
    author        = {McLuhan, Marshall},
    year          = {1962},
    publisher     = {Routledge \& Kegan Paul},
    address       = {London},
}

@article{moore_cramming_1965,
    title         = {Cramming {More} {Components} {Onto} {Integrated} {Circuits}},
    author        = {Moore, Gordon},
    year          = {1965},
    month         = jan,
}

@book{deleuze_capitalisme_1972,
    title         = {Capitalisme et schizophre\'nie},
    author        = {Deleuze, Gilles and Guattari, Fe\'lix},
    year          = {1972},
    publisher     = {Editions de Minuit},
    address       = {Paris},
}

@book{toffler_tercera_1981,
    title         = {La tercera ola},
    author        = {Toffler, Alvin},
    year          = {1981},
    publisher     = {Edivisi\'{o}n},
    address       = {M\'{e}xico},
}

@article{kertzer_generation_1983,
    title         = {Generation as a {Sociological} {Problem}},
    author        = {Kertzer, David I},
    year          = {1983},
    month         = aug,
    journal       = {Annual Review of Sociology},
    volume        = {9},
    number        = {1},
    pages         = {125--149},
    doi           = {10.1146/annurev.so.09.080183.001013},
}

@article{jaeger_generations_1985,
    title         = {Generations in {History}: {Reflections} on a {Controversial} {Concept}},
    author        = {Jaeger, Hans},
    year          = {1985},
    month         = oct,
    journal       = {History and Theory},
    volume        = {24},
    number        = {3},
    pages         = {273--292},
    doi           = {10.2307/2505170},
    urldate       = {2023-02-13},
}

@book{bourdieu_distincion:_1988,
    title         = {La distincio\'n: criterios y bases sociales del gusto},
    author        = {Bourdieu, Pierre},
    year          = {1988},
    publisher     = {Taurus},
    address       = {Madrid},
}

@book{albisetti_schooling_1989,
    title         = {Schooling {German} {Girls} and {Women}: secondary and higher education in the nineteenth century},
    author        = {Albisetti, James C.},
    year          = {1989},
    month         = dec,
    publisher     = {Princeton University Press},
    address       = {Princenton},
    doi           = {10.1515/9781400859795},
    isbn          = {9781400859795},
    url           = {https://www.degruyter.com/document/doi/10.1515/9781400859795/html},
}

@article{mannheim_problema_1993,
    title         = {El problema de las generaciones},
    author        = {Mannheim, Karl},
    year          = {1993},
    journal       = {Reis},
    number        = {62},
    pages         = {193--242},
    doi           = {10.2307/40183643},
    url           = {https://www.jstor.org/stable/10.2307/40183643?origin=crossref},
}

@article{preston_domestic_1993,
    title         = {Domestic {Ideology}, {School} {Reformers}, and {Female} {Teachers}: {Schoolteaching} {Becomes} {Women}'s {Work} in {Nineteenth}-{Century} {New} {England}},
    author        = {Preston, Jo Anne},
    year          = {1993},
    month         = dec,
    journal       = {The New England Quarterly},
    volume        = {66},
    number        = {4},
    pages         = {531--552},
}

@book{birkerts1999elegia,
    title         = {Eleg{\'\i}a a Gutenberg: el futuro de la lectura en la era electr{\'o}nica},
    author        = {Birkerts, Sven},
    year          = {1999},
    publisher     = {Alianza Editorial},
    address       = {Madrid},
}

@incollection{barton2000situated,
    title         = {Literacy Practices},
    author        = {Barton, David and Hamilton, Mary},
    year          = {2000},
    booktitle     = {Situated literacies: reading and writing in context},
    publisher     = {Routledge},
    address       = {London},
    pages         = {7--15},
    editor        = {David Barton and Mary Hamilton and Ivanic, Roz},
}

@book{gubern_eros_2000,
    title         = {El eros electro\'nico},
    author        = {Gubern, Roma\'n},
    year          = {2000},
    publisher     = {Taurus},
    address       = {Madrid},
    series        = {Pensamiento},
}

@book{icart_isern_elaboracion_2000,
    title         = {Elaboraci\'{o}n y presentaci\'{o}n de un proyecto de investigaci\'{o}n y una tesina},
    author        = {Icart-Isern, Maria Teresa and Fuentelsaz Gallego, Carmen and Pulp\'{o}n Segura, Anna M.},
    year          = {2000},
    publisher     = {Edicions Universitat de Barcelona},
    address       = {Barcelona},
}

@book{castells2004estado,
    title         = {Estado, sociedad y cultura en la globalizaci{\'o}n de Am{\'e}rica Latina, con referencia a la especificidad chilena},
    author        = {Castells, Manuel},
    year          = {2004},
    publisher     = {Foro de altos estudios sociales},
    address       = {Valpara\'{\i}so},
}

@incollection{street2004escolarizacion,
    title         = {La escolarizaci{\'o}n de la literacidad},
    author        = {Street, Joana and Street, Brian},
    year          = {2004},
    booktitle     = {Escritura y sociedad. Nuevas perspectivas te{\'o}ricas y etnogr{\'a}ficas},
    publisher     = {Red para el Desarrollo de las Ciencias Sociales en el Per{\'u}},
    address       = {Lima},
    pages         = {181--210},
    editor        = {Virginia Zavala, Mercedes Ni\~{n}o-Murcia and Patricia Ames},
}

@book{bauman_retos_2005,
    title         = {Los retos de la educacio\'n en la modernidad li\'quida},
    author        = {Bauman, Zygmunt},
    year          = {2005},
    publisher     = {Editorial Gedisa},
    address       = {Barcelona},
}

@book{friedman_tierra_2005,
    title         = {La tierra es plana: breve historia del mundo globalizado del siglo {XXI}},
    shorttitle    = {La tierra es plana},
    author        = {Friedman, Thomas},
    year          = {2005},
    publisher     = {MR ediciones},
    address       = {Barcelona},
    series        = {Ahora / {Mart\'{\i}nez} {Roca}},
    isbn          = {9788427032224},
}

@book{unesco_literacy_2006,
    title         = {Literacy for life},
    author        = {{UNESCO}},
    year          = {2006},
    publisher     = {Organizaci\'{o}n de las Naciones Unidas para la Educaci\'{o}n, la Ciencia y la Cultura (UNESCO)},
    address       = {Paris},
}

@misc{fagundes2007escuela,
    title         = {La escuela en la cultura digital:?` una nueva inteligencia},
    author        = {Fagundes, L{\'e}a},
    year          = {2007},
    publisher     = {OEI: Santillana},
    pages         = {137--144},
}

@article{schroer2008generations,
    title         = {Generations X, Y, Z and the others},
    author        = {Schroer, William J},
    year          = {2008},
    journal       = {The Journal of the Household Goods Forwarders Association of America, Inc},
    volume        = {40},
    pages         = {9--11},
}

@article{aliagas_aunque_2009,
    title         = {``{Aunque} lea poco, yo s\'{e} que soy listo''. {Estudio} de caso sobre un adolescente que no lee literatura},
    author        = {Aliagas, Cristina and Castell\`{a} Lidon, Josep M. and Cassany, Daniel},
    year          = {2009},
    month         = nov,
    journal       = {Ocnos: Revista de estudios sobre lectura},
    number        = {5},
    pages         = {97--112},
    doi           = {10.18239/ocnos\_2009.05.07},
    url           = {https://www.revistaocnos.com/index.php/ocnos/article/view/31},
}

@book{castells_comunicacion_2009,
    title         = {Comunicacio\'n y poder},
    author        = {Castells, Manuel},
    year          = {2009},
    publisher     = {Alianza Editorial},
    address       = {Madrid},
}

@article{efron2010jovenes,
    title         = {J{\'o}venes: entre las culturas cibern{\'e}ticas y la cultura letrada},
    author        = {Efron, Gustavo},
    year          = {2010},
    journal       = {Buenos Aires: FLACSO},
}

@article{doueihi2011humanismo,
    title         = {Humanismo digital},
    author        = {DOUEIHI, Milad},
    year          = {2011},
    journal       = {El correo de la Unesco},
    volume        = {46},
    number        = {4},
    pages         = {32--33},
}

@misc{grail2011consumers,
    title         = {Consumers of tomorrow insights and observations about generation Z},
    author        = {{Grail Research}},
    year          = {2011},
    publisher     = {Grail Research Press Noida},
    url           = {https://www.slideshare.net/johnyvo/consumers-of-tomorrowinsightsandobservationsaboutgenerationz-25226677},
    urldate       = {2022-10-22},
}

@article{curwood_ipoetry:_2011,
    title         = {{iPoetry}: {Creating} {Space} for {New} {Literacies} in the {English} {Curriculum}},
    shorttitle    = {{iPoetry}},
    author        = {Curwood, Jen Scott and Cowell, Lora Lee H.},
    year          = {2011},
    month         = oct,
    journal       = {Journal of Adolescent \& Adult Literacy},
    volume        = {55},
    number        = {2},
    pages         = {110--120},
    doi           = {10.1002/JAAL.00014},
    url           = {https://onlinelibrary.wiley.com/doi/10.1002/JAAL.00014},
}

@book{masco_entre_2012,
    title         = {Entre generaciones},
    author        = {Masco\', Alejandro},
    year          = {2012},
    publisher     = {Temas Grupo Editorial},
    address       = {Buenos Aires},
}

@article{mckenna_reading_2012,
    title         = {Reading {Attitudes} of {Middle} {School} {Students}: {Results} of a {U}.{S}. {Survey}},
    author        = {McKenna, Michael C. and Conradi, Kristin and Lawrence, Camille and Jang, Bong Gee and Meyer, J. Patrick},
    year          = {2012},
    month         = jul,
    journal       = {Reading Research Quarterly},
    volume        = {47},
    number        = {3},
    pages         = {283--306},
    url           = {https://onlinelibrary.wiley.com/doi/10.1002/rrq.021},
}

@article{cassany2013leer,
    title         = {Leer literatura en la {\'e}poca de Internet},
    author        = {Cassany, Daniel and Allu{\'e}, Consuelo},
    year          = {2013},
    journal       = {Peonza. Revista de Literatura Infantil y Juvenil},
    pages         = {35--41},
}

@article{soccavo2013inventar,
    title         = {Inventar juntos las nuevas mediaciones del libro},
    author        = {Soccavo, Lorenzo},
    year          = {2013},
    journal       = {Fundaci{\'o}n Germ{\'a}n S{\'a}nchez Ruip{\'e}rez, Junta de Castilla y Le{\'o}n. Recuperado de www. lectyo. com},
}

@book{barton_language_2013,
    title         = {Language online: investigating digital texts and practices},
    author        = {Barton, David and Lee, Carmen},
    year          = {2013},
    publisher     = {Routledge},
    address       = {New York},
}

@book{zemke_generations_2013,
    title         = {Generations at work: managing the clash of boomers, {Gen} {Xers}, and {Gen} {Yers} in the workplace},
    author        = {Zemke, Ron and Raines, Claire and Filipczak, Bob},
    year          = {2013},
    publisher     = {American Management Association},
    address       = {New York},
    keywords      = {Diversity in the workplace, United States, Age groups, United States, Conflict of generations, United States, Supervision of employees},
}

@article{yuste2015nuevas,
    title         = {Las nuevas formas de consumir informaci{\'o}n de los j{\'o}venes},
    author        = {Yuste, B{\'a}rbara},
    year          = {2015},
    journal       = {Revista de estudios de juventud},
    publisher     = {Injuve (Instituto de la Juventud)},
    number        = {108},
    pages         = {179--191},
}

@phdthesis{buendia2016redes,
    title         = {Redes sociales: territorio de nuevas migraciones digitales},
    author        = {Buend{\'\i}a, Sebasti{\'a}n},
    year          = {2016},
    school        = {Tesis pregrado. Pontificia Universidad Javeriana},
}

@article{espiritusanto2016,
    title         = {Generaci{\'o}n Z: M{\'o}viles, redes y contenido generado por el usuario},
    author        = {Espiritusanto, Oscar},
    year          = {2016},
    journal       = {Revista de Estudios de Juventud},
    publisher     = {Injuve (Instituto de la Juventud)},
    number        = {114},
    pages         = {111--126},
}

@book{heidegger2000tiempo,
    title         = {Ser y tiempo},
    author        = {Heidegger, Martin},
    year          = {2016},
    publisher     = {Trotta},
    address       = {Madrid},
}

@book{kalantzis2016literacies,
    title         = {Literacies},
    author        = {Kalantzis, Mary and Cope, Bill and Chan, Eveline and Dalley-Trim, Leanne},
    year          = {2016},
    publisher     = {Cambridge University Press},
    address       = {Cambridge},
}

@article{manresa2016practicas,
    title         = {Pr{\'a}cticas de lectura en red: exploraci{\'o}n de blogs literarios adolescentes},
    author        = {Manresa, Mireia and Margallo, Ana Mar{\'\i}a},
    year          = {2016},
    journal       = {Catalejos. Revista sobre lectura, formaci{\'o}n de lectores y literatura para ni{\~n}os},
    volume        = {2},
    number        = {3},
    pages         = {51--69},
}

@article{perez2016competencia,
    title         = {La competencia digital de la Generaci{\'o}n Z: claves para su introducci{\'o}n curricular en la Educaci{\'o}n Primaria},
    author        = {P{\'e}rez-Escoda, Ana and Castro-Zubizarreta, Ana and Fandos-Igado, Manuel},
    year          = {2016},
    publisher     = {Grupo Comunicar},
    pages         = {71--79},
}

@article{thecenter2016,
    title         = {Generational Breakdown: Info About All of the Generations},
    author        = {The Center for Generational Kinetics},
    year          = {2016},
}

@article{cabello2017general,
    title         = {General results, kids online survey Chile},
    author        = {CABELLO, Patricio and CLARO, Magdalena},
    year          = {2017},
    journal       = {Santiago: Kids Online Chile},
}

@inproceedings{ezquerro2017leyendistica,
    title         = {Leyend{\'\i}stica patrimonial: de la tradici{\'o}n al {\'a}mbito digital},
    author        = {Mart\'{\i}nez-Ezquerro, Aurora},
    year          = {2017},
    booktitle     = {Patrimonio y creatividad, miradas educativas},
    publisher     = {Editorial Verdel\'{\i}s},
    address       = {Valladolid},
    pages         = {254--274},
    editor        = {De la Fuente, Ricardo and Munilla, Carlos},
}

@article{alvarez_ramos_entornos_2018,
    title         = {Los entornos virtuales de aprendizaje y la democratizaci\'{o}n del conocimiento: la formaci\'{o}n online de profesores de {ELE} en la sociedad tecnol\'{o}gica},
    author        = {\'{A}lvarez, Eva and Alejaldre, Leyre},
    year          = {2018},
    month         = dec,
    journal       = {Lenguaje y Textos},
    number        = {48},
    pages         = {45--58},
    doi           = {10.4995/lyt.2018.10534},
    issn          = {2530-0075, 1133-4770},
    url           = {https://polipapers.upv.es/index.php/lyt/article/view/10534},
}

@article{alvarez2019generacion,
    title         = {La Generaci\'{o}n Z y las Redes Sociales. Una visi{\'o}n desde los adolescentes en Espa{\~n}a},
    author        = {{\'A}lvarez, Eva and Heredia, Hugo and ROMERO, Manuel},
    year          = {2019},
    journal       = {Revista Espacios},
    volume        = {40},
    number        = {20},
    pages         = {9--21},
}

@article{cabero2020covid,
    title         = {Covid-19: transformaci{\'o}n radical de la digitalizaci{\'o}n en las instituciones universitarias},
    author        = {Cabero-Almenara, Julio and Llorente-Cejudo, Carmen},
    year          = {2020},
    journal       = {Campus virtuales},
    volume        = {9},
    number        = {2},
    pages         = {25--34},
}

@online{comunidadbaratz,
    title         = {Los h\'{a}bitos de lectura de cada generaci\'{o}n que las bibliotecas p\'{u}blicas deben conocer},
    author        = {Comunidad Baratz},
    year          = {2020},
    url           = {https://www.comunidadbaratz.com/blog/los-habitos-de-lectura-de-cada-generacion-que-las-bibliotecas-publicas-deben-conocer/},
}

@article{tabernero_sala_habitos_2020,
    title         = {H\'{a}bitos de lectura y consumo de informaci\'{o}n de los adolescentes en el \'{a}mbito digital},
    author        = {Tabernero Sala, Rosa and \'{A}lvarez Ramos, Eva and Heredia Ponce, Hugo},
    year          = {2020},
    month         = may,
    journal       = {Investigaciones Sobre Lectura},
    number        = {13},
    pages         = {90--107},
    url           = {http://www.comprensionlectora.es/revistaisl/index.php/revistaISL/article/view/302},
}

@misc{federacion2022,
    title         = {H\'{a}bitos de lectura y compra de libros en Espa\~{n}a},
    author        = {{Federaci\'{o}n de Gremios de Editores de Espa\~{n}a}},
    year          = {2022},
    publisher     = {Madrid: Ministerio de Cultura y Deporte / Cedro},
}

@misc{fundacionn2022,
    title         = {J\'{o}venes y lectura},
    author        = {Fundaci\'{o}n Germ\'{a}n S\'{a}nchez Ruip\'{e}rez},
    year          = {2022},
    publisher     = {Madrid: Fundaci\'{o}n Germ\'{a}n S\'{a}nchez Ruip\'{e}rez y Ministerio de Cultura y Deporte},
}

@misc{ministeriodeporte2022,
    title         = {Encuesta de h\'{a}bitos y pr\'{a}cticas culturales 2021-2022},
    author        = {{Ministerio de Cultura y Deporte}},
    year          = {2022},
    publisher     = {Madrid: Ministerio de Cultura y Deporte},
    address       = {Madrid},
}

@misc{ministerioeducacion2022,
    title         = {Estad\'{\i}sticas de la Educaci\'{o}n},
    author        = {{Ministerio de Educaci\'{o}n y Formaci\'{o}n Profesional}},
    year          = {2022},
    publisher     = {Ministerio de Educaci\'{o}n y Formaci\'{o}n Profesional},
    address       = {Madrid},
}

@article{ramos_ensenanza_2022,
    title         = {La ense\~{n}anza de lenguas extranjeras durante la {Covid}-19: retos y carencias formativas del profesorado},
    author        = {\'{A}lvarez, Eva and Alejaldre, Leyre and Mateos Blanco, Bel\'{e}n and Mayo-Iscar, Agust\'{\i}n},
    year          = {2022},
    journal       = {Educa\c{c}\~{a}o e Pesquisa},
    volume        = {48},
    pages         = {1--22},
    doi           = {10.1590/s1678-4634202248258199esp},
    url           = {http://www.scielo.br/scielo.php?script=sci\_arttext\&pid=S1517-97022022000100407\&tlng=es},
}

@article{suarez-guerrero_digitalizacion_2022,
    title         = {La {Digitalizaci\'{o}n} de la {Educaci\'{o}n} en {Pandemia}. {Mirada} del {Docente} {Peruano}},
    author        = {Su\'{a}rez-Guerrero, Crist\'{o}bal and Lloret-Catal\'{a}, Carmen},
    year          = {2022},
    month         = sep,
    journal       = {REICE. Revista Iberoamericana sobre Calidad, Eficacia y Cambio en Educaci\'{o}n},
    volume        = {20},
    number        = {4},
    pages         = {127--146},
    url           = {https://revistas.uam.es/reice/article/view/16085},
}
