
@book{deleuze_capitalisme_1972,
	address = {Paris},
	title = {Capitalisme et schizophrénie},
	isbn = {9782707327789},
	language = {fre},
	publisher = {Editions de Minuit},
	author = {Deleuze, Gilles and Guattari, Félix},
	year = {1972},
	note = {OCLC: 937869822},
}
