
@book{albisetti_schooling_1989,
	title = {Schooling {German} {Girls} and {Women}: secondary and higher education in the nineteenth century},
	isbn = {9781400859795},
	url = {https://www.degruyter.com/document/doi/10.1515/9781400859795/html},
	publisher = {Princeton University Press},
	author = {Albisetti, James C.},
	month = dec,
	year = {1989},
	doi = {10.1515/9781400859795},
}

@article{aliagas_aunque_2009,
	title = {“{Aunque} lea poco, yo sé que soy listo”. {Estudio} de caso sobre un adolescente que no lee literatura},
	url = {https://www.revistaocnos.com/index.php/ocnos/article/view/31},
	doi = {10.18239/ocnos_2009.05.07},
	number = {5},
	journal = {Ocnos: Revista de estudios sobre lectura},
	author = {Aliagas, Cristina and Castellà Lidon, Josep M. and Cassany, Daniel},
	month = nov,
	year = {2009},
	pages = {97--112},
}

@article{alvarez_ramos_entornos_2018,
	title = {Los entornos virtuales de aprendizaje y la democratización del conocimiento: la formación online de profesores de {ELE} en la sociedad tecnológica},
	issn = {2530-0075, 1133-4770},
	url = {https://polipapers.upv.es/index.php/lyt/article/view/10534},
	doi = {10.4995/lyt.2018.10534},
	number = {48},
	journal = {Lenguaje y Textos},
	author = {Álvarez Ramos, Eva and Alejaldre Biel, Leyre},
	month = dec,
	year = {2018},
	pages = {45--58},
}

@article{ramos_ensenanza_2022,
	title = {La enseñanza de lenguas extranjeras durante la {Covid}-19: retos y carencias formativas del profesorado},
	volume = {48},
	url = {http://www.scielo.br/scielo.php?script=sci_arttext&pid=S1517-97022022000100407&tlng=es},
	doi = {10.1590/s1678-4634202248258199esp},
	journal = {Educação e Pesquisa},
	author = {Ramos, Eva Álvarez and Biel, Leyre Alejaldre and Blanco, Belén Mateos and Mayo-Iscar, Agustín},
	year = {2022},
	pages = {1--22},
}

@book{barton_language_2013,
	address = {Milton Park, Abingdon, Oxon},
	title = {Language online: investigating digital texts and practices},
	publisher = {Routledge},
	author = {Barton, David and Lee, Carmen},
	year = {2013},
	keywords = {Communication, Technological innovations, Language and languages, Usage, Human-computer interaction, Technological innovations, Social aspects, Social media},
}

@book{bauman_retos_2005,
	address = {Barcelona},
	title = {Los retos de la educación en la modernidad líquida},
	publisher = {Editorial Gedisa},
	author = {Bauman, Zygmunt},
	year = {2005},
}

@book{bisquerra_alzina_metodos_1989,
	address = {Barcelona},
	title = {Métodos de investigación educativa: guía práctica},
	publisher = {CEAC},
	author = {Bisquerra Alzina, Rafael},
	year = {1989},
}

@book{bourdieu_distincion:_1988,
	address = {Madrid},
	title = {La distinción: criterios y bases sociales del gusto},
	language = {spa},
	publisher = {Taurus},
	author = {Bourdieu, Pierre},
	year = {1988},
}

@book{castells_comunicacion_2009,
	address = {Madrid},
	title = {Comunicación y poder},
	publisher = {Alianza Editorial },
	author = {Castells, Manuel},
	year = {2009},
}

@article{curwood_ipoetry:_2011,
	title = {{iPoetry}: {Creating} {Space} for {New} {Literacies} in the {English} {Curriculum}},
	volume = {55},
	shorttitle = {{iPoetry}},
	url = {https://onlinelibrary.wiley.com/doi/10.1002/JAAL.00014},
	doi = {10.1002/JAAL.00014},
	number = {2},
	journal = {Journal of Adolescent \& Adult Literacy},
	author = {Curwood, Jen Scott and Cowell, Lora Lee H.},
	month = oct,
	year = {2011},
	pages = {110--120},
}

@book{friedman_tierra_2005,
	address = {Barcelona},
	series = {Ahora / {Martínez} {Roca}},
	title = {La tierra es plana: breve historia del mundo globalizado del siglo {XXI}},
	isbn = {9788427032224},
	shorttitle = {La tierra es plana},
	publisher = {MR ediciones},
	author = {Friedman, Thomas },
	year = {2005},
}

@book{gubern_eros_2000,
	address = {Madrid},
	series = {Pensamiento},
	title = {El eros electrónico},
	publisher = {Taurus},
	author = {Gubern, Román},
	year = {2000},
}

@book{icart_isern_elaboracion_2000,
	address = {Barcelona},
	title = {Elaboración y presentación de un proyecto de investigación y una tesina},
	publisher = {Edicions Universitat de Barcelona},
	author = {Icart Isern, Maria Teresa and Fuentelsaz Gallego, Carmen and Pulpón Segura, Anna M.},
	year = {2000},
}

@article{jaeger_generations_1985,
	title = {Generations in {History}: {Reflections} on a {Controversial} {Concept}},
	volume = {24},
	doi = {10.2307/2505170},
	number = {3},
	urldate = {2023-02-13},
	journal = {History and Theory},
	author = {Jaeger, Hans},
	month = oct,
	year = {1985},
	pages = {273--292},
}

@article{kertzer_generation_1983,
	title = {Generation as a {Sociological} {Problem}},
	volume = {9},
	doi = {10.1146/annurev.so.09.080183.001013},
	number = {1},
	journal = {Annual Review of Sociology},
	author = {Kertzer, David I},
	month = aug,
	year = {1983},
	pages = {125--149},
}

@article{mannheim_problema_1993,
	title = {El problema de las generaciones},
	url = {https://www.jstor.org/stable/10.2307/40183643?origin=crossref},
	doi = {10.2307/40183643},
	number = {62},
	journal = {Reis},
	author = {Mannheim, Karl},
	year = {1993},
	pages = {193--242},
}

@book{masco_entre_2012,
	address = {Buenos Aires},
	title = {Entre generaciones},
	publisher = {Temas Grupo Editorial},
	author = {Mascó, Alejandro},
	year = {2012},
}

@article{mckenna_reading_2012,
	title = {Reading {Attitudes} of {Middle} {School} {Students}: {Results} of a {U}.{S}. {Survey}},
	volume = {47},
	url = {https://onlinelibrary.wiley.com/doi/10.1002/rrq.021},
	number = {3},
	journal = {Reading Research Quarterly},
	author = {McKenna, Michael C. and Conradi, Kristin and Lawrence, Camille and Jang, Bong Gee and Meyer, J. Patrick},
	month = jul,
	year = {2012},
	pages = {283--306},
}

@book{mcluhan_gutenberg_1962,
	address = {London},
	title = {The {Gutenberg} galaxy: the making of typographic man},
	author = {McLuhan, Marshall},
	year = {1962},
}

@article{moore_cramming_1965,
	title = {Cramming {More} {Components} {Onto} {Integrated} {Circuits}},
	author = {Moore, Gordon},
	month = jan,
	year = {1965},
}

@article{preston_domestic_1993,
	title = {Domestic {Ideology}, {School} {Reformers}, and {Female} {Teachers}: {Schoolteaching} {Becomes} {Women}'s {Work} in {Nineteenth}-{Century} {New} {England}},
	volume = {66},
	number = {4},
	journal = {The New England Quarterly},
	author = {Preston, Jo Anne},
	month = dec,
	year = {1993},
	pages = {531--552},
}

@article{suarez-guerrero_digitalizacion_2022,
	title = {La {Digitalización} de la {Educación} en {Pandemia}. {Mirada} del {Docente} {Peruano}},
	volume = {20},
	url = {https://revistas.uam.es/reice/article/view/16085},
	number = {4},
	journal = {REICE. Revista Iberoamericana sobre Calidad, Eficacia y Cambio en Educación},
	author = {Suárez-Guerrero, Cristóbal and Lloret-Catalá, Carmen},
	month = sep,
	year = {2022},
	pages = {127--146},
}

@article{tabernero_sala_habitos_2020,
	title = {Hábitos de lectura y consumo de información de los adolescentes en el ámbito digital},
	url = {http://www.comprensionlectora.es/revistaisl/index.php/revistaISL/article/view/302},
	number = {13},
	journal = {Investigaciones Sobre Lectura},
	author = {Tabernero Sala, Rosa and Álvarez Ramos, Eva and Heredia Ponce, Hugo},
	month = may,
	year = {2020},
	pages = {90--107},
}

@book{thomas_research_1996,
	address = {Illions},
	title = {Research methods in physical activity},
	publisher = {Human Kinetics},
	author = {Thomas, Jerry R. and Nelson, Jack K. and Silverman, Stephen J.},
	year = {1996},
	keywords = {Physical education and training, Research, Health, Research, Recreation, Research, Dance, Research, Motor Activity, Kinesiology, Applied, Physical Education and Training, Research Design, Sports Medicine},
}

@book{toffler_tercera_1981,
	address = {México},
	title = {La tercera ola},
	publisher = {Edivisión },
	author = {Toffler, Alvin},
	year = {1981},
}

@book{unesco_literacy_2006,
	address = {Paris},
	title = {Literacy for life},
	publisher = {Organización de las Naciones Unidas para la Educación, la Ciencia y la Cultura (UNESCO)},
	editor = {{UNESCO}},
	year = {2006},
}

@book{zemke_generations_2013,
	address = {New York},
	title = {Generations at work: managing the clash of boomers, {Gen} {Xers}, and {Gen} {Yers} in the workplace},
	publisher = {American Management Association},
	author = {Zemke, Ron and Raines, Claire and Filipczak, Bob},
	year = {2013},
	keywords = {Diversity in the workplace, United States, Age groups, United States, Conflict of generations, United States, Supervision of employees},
}
