@article{pimenta1996,
  author = {Pimenta, Selma Garrido},
  url = {http://educa.fcc.org.br/scielo.php?script=sci\_arttext\&pid=S0102-25551996000200004\&lng=pt\&nrm=iso},
  date = {1996},
  journaltitle = {Rev. Fac. Educ. São Paulo},
  number = {2},
  pages = {72--89},
  title = {Formação de professores: saberes da docência e identidade do professor},
  urldate = {2024-02-10},
  volume = {22},
}

@book{bolivar1998,
  author = {Bolívar, Antonio and Domingo, Jesús and Fernández, Manuel},
  location = {Granada},
  publisher = {Grupo Editorial Universitario},
  date = {1998},
  edition = {2. ed.},
  title = {La investigación biográfico-narrativa en educación. Guía para indagar en el campo\_certo},
}

@book{libaneo1998,
  author = {Libâneo, José Carlos},
  location = {São Paulo},
  publisher = {Cortez},
  date = {1998},
  title = {Adeus professor, adeus professora?},
}

@book{codo1999,
  author = {Codo, Wanderley},
  location = {Petrópolis, RJ},
  publisher = {Vozes},
  date = {1999},
  title = {Educação: carinho e trabalho},
}

@book{esteve1999,
  author = {Esteve, Juan Manuel},
  translator = {de Carvalho Cavicchia, Durley},
  location = {Bauru},
  publisher = {Educar},
  date = {1999},
  title = {O mal-estar docente},
}

@incollection{hall2000,
  author = {Hall, Stuart},
  editor = {Silva, Tomaz Tadeu da and Hall, Stuart and Woodward, Kathryn},
  location = {Petrópolis, RJ},
  publisher = {Editora Vozes},
  booktitle = {Identidade e diferença: A perspectiva dos estudos culturais},
  date = {2000},
  edition = {19. ed.},
  pages = {103--130},
  title = {Quem precisa de identidade?},
}

@book{giddens2002,
  author = {Giddens, Anthony},
  translator = {Self and society in the late modern Age},
  location = {Rio de Janeiro},
  publisher = {Jorge Zahar Editor},
  date = {2002},
  title = {Modernidade e identidade},
}

@article{vandijk2003,
  author = {Van Dijk, J. and Hacker, K.},
  date = {2003},
  doi = {10.1080/01972240309487},
  journaltitle = {The Information Society},
  pages = {315--326},
  title = {The Digital Divide as a Complex and Dynamic Phenomenon},
  volume = {19},
}

@book{josso2004,
  author = {Josso, Marie Christine},
  location = {São Paulo},
  publisher = {Cortez},
  date = {2004},
  title = {Experiências de vida e formação},
}

@book{dubar2005,
  author = {Dubar, Claude},
  translator = {Stabel M. Da Silva, Andréa},
  location = {São Paulo},
  publisher = {Martins Fontes},
  date = {2005},
  title = {A socialização: construção das identidades sociais e profissionais},
}

@book{bolivar2006,
  author = {Bolívar, Antonio},
  location = {Málaga},
  publisher = {Ediciones Aljibe},
  date = {2006},
  title = {La identidad profesional del profesorado de secundaria: crisis y reconstrucción},
}

@book{dubar2009,
  author = {Dubar, Claude},
  location = {São Paulo},
  publisher = {Afrontamente},
  date = {2009},
  title = {A crise das identidades. A interpretação de uma mutação},
}

@article{sordi2009avaliacao,
  author = {Sordi, M. R. L. de and Ludke, M.},
  date = {2009},
  journaltitle = {Avaliação: Revista da Avaliação da Educação Superior},
  pages = {267--290},
  title = {Da Avaliação Da Aprendizagem à Avaliação Institucional},
  volume = {14},
}

@article{rivas2011,
  author = {Rivas, Juan Ignacio},
  url = {https://www.researchgate.net/publication/275770605\_Historias\_de\_vida\_y\_emancipacion\_Subjetividad\_conflicto\_y\_cambio\_social},
  date = {2011},
  journaltitle = {Panorama},
  number = {67--68},
  pages = {5--9},
  title = {Historias de vida y emancipación: Subjetividad, conflicto y cambio social},
  urldate = {2024-08-15},
  volume = {3},
}

@article{dubar2012,
  author = {Dubar, Claude},
  date = {2012},
  journaltitle = {Cadernos de Pesquisa},
  number = {146},
  pages = {351--367},
  title = {A construção de si pela atividade de trabalho: A socialização profissional},
  volume = {42},
}

@book{punie2013,
  author = {Punie, Yves and Brecko, Barbara and Ferrari, Anusca},
  location = {Luxembourg},
  publisher = {Publications Office of the European Union},
  url = {https://op.europa.eu/en/publication-detail/-/publication/a410aad4-10bf-4d25-8c5a-8646fe4101f1/language-en},
  date = {2013},
  title = {DIGCOMP: A Framework for Developing and Understanding Digital Competence in Europe},
  urldate = {2020-06-10},
}

@book{tardif2014,
  author = {Tardif, Maurice},
  location = {Petrópolis, RJ},
  publisher = {Editora Vozes},
  date = {2014},
  edition = {17. ed.},
  title = {Saberes docentes e formação profissional},
}

@book{bardin2016,
  author = {Bardin, Laurence},
  location = {São Paulo},
  publisher = {Edições 70},
  date = {2016},
  edition = {3a impressão},
  title = {Análise de Conteúdo},
}

@book{imbernon2017,
  author = {Imbernón, Francisco},
  location = {Barcelona},
  publisher = {Editorial Graó},
  date = {2017},
  edition = {1a ed.},
  title = {Ser docente en una sociedad compleja: La dificil tarea de enseñar},
}

@book{redecker2017,
  author = {Redecker, Christine and Punie, Yves},
  location = {Luxemburgo},
  publisher = {Comissão Europeia},
  url = {https://joint-research-centre.ec.europa.eu/digcompedu\_en},
  date = {2017},
  title = {European framework for the digital competence of educators: DigCompEdu},
  urldate = {2020-05-02},
}

@online{lucas2018,
  author = {Lucas, Margarida and Moreira, Antonio and Costa, Nilza},
  url = {https://www.researchgate.net/publication/330412625\_DigCompEdu\_Quadro\_Europeu\_de\_Competencia\_Digital\_para\_Educadores},
  date = {2018},
  title = {Quadro Europeu de Competência Digital para Educadores},
  urldate = {2022-06-08},
}

@article{miranda2019,
  author = {Miranda, María del Rosario L. and Trejo, Sandra Sánchez},
  date = {2019},
  doi = {10.18800/educacion.201901.011},
  journaltitle = {Educación},
  number = {54},
  pages = {227--242},
  title = {El método biográfico-narrativo. Una herramienta para la investigación educativa},
  volume = {28},
}

@article{trindade2019,
  author = {Trindade, Sara Dias and Moreira, José Antonio and Nunes, Catarina S.},
  date = {2019},
  doi = {10.17851/1983-3652.12.2.152-171},
  journaltitle = {Texto Livre: Linguagem e Tecnologia},
  number = {2},
  pages = {152--171},
  title = {Escala de autoavaliação de competências digitais de professores. Procedimentos de construção e validação},
  volume = {12},
}

@book{hall2020,
  author = {Hall, Stuart},
  location = {Rio de Janeiro},
  publisher = {Lamparina},
  date = {2020},
  title = {A identidade cultural na pós-modernidade},
}

@incollection{silva2020,
  author = {Silva, Tadeu},
  editor = {Silva, Tadeu},
  location = {Petrópolis, RJ},
  publisher = {Editora Vozes},
  booktitle = {Identidade e diferença: A perspectiva dos estudos culturais},
  date = {2020},
  edition = {15. ed.},
  title = {A produção social da identidade e da diferença},
}

@article{souzaclementino2020,
  author = {Souza, Elizeu Clementino de},
  date = {2020},
  doi = {10.24310/mgnmar.v1i3.9613},
  journaltitle = {Márgenes Revista de Educación de la Universidad de Málaga},
  number = {3},
  pages = {16--33},
  title = {Investigación (auto)biográfica como acontecimiento: contexto político y diálogos epistémico-metodológicos},
  volume = {1},
}

@book{bauman2021,
  author = {Bauman, Zygmunt},
  translator = {Medeiros, Carlos Alberto},
  location = {Rio de Janeiro},
  publisher = {Zahar},
  date = {2021},
  edition = {1. ed.},
  title = {Identidade},
}

@article{paz2022,
  author = {Paz, D. P. and Pontarolo, E. and Peloso, F. C.},
  url = {https://periodicos.ufmg.br/index.php/textolivre/article/view/39263},
  date = {2022},
  doi = {10.35699/1983-3652.2022.39263},
  journaltitle = {Texto Livre},
  pages = {e39263},
  title = {Competência digital docente: uma revisão de literatura},
  urldate = {2024-02-10},
  volume = {15},
}

@article{vazquezrecio2022,
  author = {Vázquez Recio, R.},
  date = {2022},
  doi = {10.24310/mgnmar.v3i1.13638},
  journaltitle = {Márgenes Revista de Educación de la Universidad de Málaga},
  number = {1},
  pages = {142--147},
  title = {¿{}Dar voz? No, escúcheme},
  volume = {3},
}

@thesis{paz2023,
  author = {Paz, Daiane Padula},
  institution = {Universidade Tecnológica Federal do Paraná},
  location = {Pato Branco},
  url = {http://repositorio.utfpr.edu.br/jspui/handle/1/32803},
  date = {2023},
  note = {Tese (Doutorado em Desenvolvimento Regional},
  title = {Entre-nós: a urdidura da identidade profissional e da competência digital docente},
  type = {phdthesis},
  urldate = {2024-01-03},
}

