@book{bandura_self-efficacy:_1997,
    title         = {Self-efficacy: the exercise of control},
    shorttitle    = {Self-efficacy},
    author        = {Bandura, Albert},
    year          = {1997},
    publisher     = {W.H. Freeman},
    address       = {New York},
    isbn          = {9780716726265},
    keywords      = {Self-efficacy, Control (Psychology)},
}

@misc{consejo_de_europa_marco_nodate,
    title         = {Marco Com\'{u}n Europeo de Referencia para las Lenguas: Aprendizaje, ense\~{n}anza, evaluaci\'{o}n},
    author        = {{Consejo de Europa}},
    year          = {2002},
    url           = {https://cvc.cervantes.es/ensenanza/biblioteca\_ele/marco/cvc\_mer.pdf},
    urldate       = {2023-03-01},
}

@article{pajares_gender_2002,
    title         = {Gender and Perceived Self-Efficacy in Self-Regulated Learning},
    author        = {Pajares, Frank},
    year          = {2002},
    month         = may,
    journal       = {Theory Into Practice},
    volume        = {41},
    number        = {2},
    pages         = {116--125},
    doi           = {10.1207/s15430421tip4102\_8},
    issn          = {0040-5841, 1543-0421},
    url           = {http://www.tandfonline.com/doi/abs/10.1207/s15430421tip4102\_8},
    urldate       = {2024-03-23},
}

@article{lopez_rua_sex_2006,
    title         = {The sex variable in foreign language learning: an integrative approach},
    author        = {L\'{o}pez R\'{u}a, Paula},
    year          = {2006},
    month         = jun,
    journal       = {Porta Linguarum Revista Interuniversitaria de Did\'{a}ctica de las Lenguas Extranjeras},
    volume        = {6},
    pages         = {99--114},
    doi           = {10.30827/Digibug.30663},
    issn          = {1697-7467},
    url           = {http://hdl.handle.net/10481/30663},
    urldate       = {2024-03-23},
}

@article{zaidi_gender_2010,
    title         = {Gender Differences in Human Brain: A Review},
    shorttitle    = {Gender Differences in Human Brain},
    author        = {Zaidi, Zeenat F},
    year          = {2010},
    month         = apr,
    journal       = {The Open Anatomy Journal},
    volume        = {2},
    pages         = {37--55},
    doi           = {10.2174/1877609401002010037},
    issn          = {1877-6094},
    url           = {http://benthamopen.com/ABSTRACT/TOANATJ-2-37},
    urldate       = {2024-03-23},
}

@article{eriksson_differences_2012,
    title         = {Differences between girls and boys in emerging language skills: Evidence from 10 language communities},
    shorttitle    = {Differences between girls and boys in emerging language skills},
    author        = {Eriksson, M\aa{}rten and Marschik, Peter B. and Tulviste, Tiia and Almgren, Margareta and P\'{e}rez Pereira, Miguel and Wehberg, Sonja and Marjanovi\v{c}-Umek, Ljubica and Gayraud, Frederique and Kovacevic, Melita and Gallego, Carlos},
    year          = {2012},
    month         = jun,
    journal       = {British Journal of Developmental Psychology},
    volume        = {30},
    number        = {2},
    pages         = {326--343},
    doi           = {10.1111/j.2044-835X.2011.02042.x},
    issn          = {0261-510X, 2044-835X},
    url           = {https://bpspsychub.onlinelibrary.wiley.com/doi/10.1111/j.2044-835X.2011.02042.x},
    urldate       = {2024-03-23},
}

@article{diaz_larenas_estudio_2013,
    title         = {Estudio de caso sobre las creencias de estudiantes de pedagog{\'\i}a en ingl{\'e}s respecto a la autoeficacia percibida y la ense{\~n}anza del idioma},
    author        = {D{\'\i}az Larenas, Claudio and Tagle Ochoa, Tania and Alarc{\'o}n Hern{\'a}ndez, Paola and Quintana Lara, Marcela and Ramos Leiva, Luc{\'\i}a and Vergara Morales, Jorge},
    year          = {2013},
    journal       = {N{\'u}cleo},
    publisher     = {Universidad Central de Venezuela,(CDCH) Concejo de desarrollo Cientifico y~\ldots{}},
    volume        = {25},
    number        = {30},
    pages         = {41--67},
}

@article{wang_self-efficacy_2013,
    title         = {Self-Efficacy and Self-Regulated Learning Strategies for English Language Learners: Comparison between Chinese and German College Students},
    shorttitle    = {Self-Efficacy and Self-Regulated Learning Strategies for English Language Learners},
    author        = {Wang, Chuang and Schwab, G\"{o}tz and Fenn, Pete and Chang, Mei},
    year          = {2013},
    month         = apr,
    journal       = {Journal of Educational and Developmental Psychology},
    volume        = {3},
    number        = {1},
    pages         = {p173},
    doi           = {10.5539/jedp.v3n1p173},
    issn          = {1927-0534, 1927-0526},
    url           = {http://www.ccsenet.org/journal/index.php/jedp/article/view/26477},
    urldate       = {2024-03-23},
}

@article{goulao_relationship_2014,
    title         = {The Relationship between Self-Efficacy and Academic Achievement in Adults' Learners},
    author        = {Goul\~{a}o, Maria de F\'{a}tima},
    year          = {2014},
    month         = jul,
    journal       = {Athens Journal of Education},
    volume        = {1},
    number        = {3},
    pages         = {237--246},
    doi           = {10.30958/aje.1-3-4},
    issn          = {24079898, 22417958},
    url           = {http://www.atiner.gr/journals/education/2014-1-3-4-Goulao.pdf},
    urldate       = {2024-03-23},
}

@article{wang_psychometric_2014,
    title         = {Psychometric properties of a self-efficacy scale for English language learners in {China}},
    author        = {Wang, Chuang and Kim, Do-Hong and Bai, Rui and Hu, Jiyue},
    year          = {2014},
    month         = jun,
    journal       = {System},
    volume        = {44},
    pages         = {24--33},
    doi           = {10.1016/j.system.2014.01.015},
    issn          = {0346251X},
    url           = {https://linkinghub.elsevier.com/retrieve/pii/S0346251X14000220},
    urldate       = {2024-03-23},
}

@article{seleviciene_university_2015,
    title         = {University students' attitudes towards the usage of {WEB} 2.0 tools for learning {ESP}. {A} preliminary investigation},
    author        = {Selevi\v{c}ien\.{e}, Egl\.{e} and Burk\v{s}aitien\.{e}, Nijol\.{e}},
    year          = {2015},
    journal       = {Societal Studies},
    volume        = {7},
    number        = {2},
    pages         = {270--291},
    doi           = {10.13165/SMS-15-7-2-07},
    issn          = {2029-2244},
    url           = {https://ojs.mruni.eu/ojs/societal-studies/article/view/4307},
    urldate       = {2024-03-23},
    copyright     = {Copyright (c) 2016 Socialini\k{u} moksl\k{u} studijos},
    keywords      = {Technology Acceptance Model (TAM), Web 2.0 tools, foreign language teaching and learning, English for specific purposes (ESP)., u\v{z}sienio kalb\k{u} mokymas(-is), profesin\.{e}s angl\k{u} kalbos studijos auk\v{s}tajame moksle, antrosios kartos saitynas, technologij\k{u} pri\.{e}mimo modelis.},
}

@article{abdelhafez_efl_2016,
    title         = {{EFL} university students' self-efficacy and its relationship to their Identity},
    author        = {Abdelhafez, Ahmed and Zaki, Hassam},
    year          = {2016},
    journal       = {Journal of Modern Education Review},
    volume        = {6},
    number        = {10},
    pages         = {739--756},
    doi           = {10.15341/jmer(2155-7993)/10.06.2016/006},
    url           = {http://www.academicstar.us/issueshow.asp?daid=1962},
    urldate       = {2024-02-23},
}

@article{alico_writing_2016,
    title         = {Writing Anxiety and Language Learning Motivation: Examining Causes, Indicators, and Relationship},
    author        = {Alico, Jerryk},
    year          = {2016},
    journal       = {Communication and Linguistics Studies},
    volume        = {2},
    number        = {1},
    pages         = {6--12},
    doi           = {10.11648/j.cls.20160201.12},
    url           = {https://www.sciencepublishinggroup.com/article/10.11648/cls.20160201.12guage\_Learning\_Motivation\_Examining\_Causes\_Indicators\_and\_Relationship},
    urldate       = {2024-03-23},
}

@article{garcia_fernandez_predictive_2016,
    title         = {Predictive Ability of Academic Self-efficacy on Self-concept Dimensions in a Sample of Chilean Adolescents},
    author        = {Garc\'{\i}a Fern\'{a}ndez, Jos\'{e} Manuel and Ingl\'{e}s, C\'{a}ndido J. and D\'{\i}az Herrero, \'{A}ngela and Lagos San Mart\'{\i}n, Nelly and Torregrosa, Mar\'{\i}a Soledad and Gonz\'{a}lez, Carolina},
    year          = {2016},
    month         = apr,
    journal       = {Estudios sobre Educaci\'{o}n},
    volume        = {30},
    pages         = {31--50},
    doi           = {10.15581/004.30.31-50},
    issn          = {15787001},
    url           = {https://revistas.unav.edu/index.php/estudios-sobre-educacion/article/view/4801},
    urldate       = {2024-03-23},
}

@incollection{kleanthous_collaboration_2016,
    title         = {Collaboration through blogging: The development of writing and speaking skills in {ESP} courses},
    author        = {Kleanthous, Angela and Cardoso, Walcir},
    year          = {2016},
    booktitle     = {{CALL} communities and culture â€“ short papers from {EUROCALL} 2016},
    publisher     = {Research-publishing.net},
    address       = {Dublin, Ireland},
    pages         = {225--229},
    editor        = {Papadima-Sophocleous, Salomi and Bradley, Linda and Thou\"{e}sny, Sylvie},
}

@article{cai_gender_2017,
    title         = {Gender and attitudes toward technology use: A meta-analysis},
    shorttitle    = {Gender and attitudes toward technology use},
    author        = {Cai, Zhihui and Fan, Xitao and Du, Jianxia},
    year          = {2017},
    month         = feb,
    journal       = {Computers \& Education},
    volume        = {105},
    pages         = {1--13},
    doi           = {10.1016/j.compedu.2016.11.003},
    issn          = {03601315},
    url           = {https://linkinghub.elsevier.com/retrieve/pii/S0360131516302007},
    urldate       = {2024-03-23},
}

@article{criollo_autoeficacia_2017,
    title         = {Autoeficacia para el aprendizaje de la investigaci\'{o}n en estudiantes universitarios},
    author        = {Criollo, Marco and Romero, Marcos and Fontaines-Ruiz, Tom\'{a}s},
    year          = {2017},
    month         = jun,
    journal       = {Psicolog\'{\i}a Educativa},
    volume        = {23},
    number        = {1},
    pages         = {63--72},
    doi           = {10.1016/j.pse.2016.09.002},
    issn          = {1135755X},
    url           = {http://journals.copmadrid.org/psed/articulo.php?id=ecd62de20ea67e1c2d933d311b08178a},
    urldate       = {2024-03-23},
}

@article{marshall_synchronous_2017,
    title         = {The Synchronous Online Flipped Learning Approach: An eight-step learning cycle for digital age pedagogy},
    author        = {Marshall, Helaine W. and Kostka, Ilka},
    year          = {2017},
    month         = jan,
    journal       = {Advances in Online Education: A Peer-Reviewed Journal},
    volume        = {1},
    number        = {4},
    pages         = {378--387},
    keywords      = {synchronous learning, online learning, flipped classroom, COVID-19 pandemic, higher education, flipped learning, learner-centred instruction},
}

@article{alrabai_association_2018,
    title         = {The Association between Self-efficacy of Saudi Learners and Their {EFL} Academic Performance},
    author        = {Alrabai, Fakieh},
    year          = {2018},
    month         = oct,
    journal       = {Theory and Practice in Language Studies},
    volume        = {8},
    number        = {10},
    pages         = {1351},
    doi           = {10.17507/tpls.0810.14},
    issn          = {1799-2591},
    url           = {http://www.academypublication.com/issues2/tpls/vol08/10/14.pdf},
    urldate       = {2024-03-23},
}

@article{asiksoy_elt_2018,
    title         = {{ELT} students' attitudes and awareness towards the use of {Web} 2.0 technologies for language learning},
    author        = {Asiksoy, G\"{u}ls\"{u}m},
    year          = {2018},
    month         = jun,
    journal       = {Journal of Language and Linguistic Studies},
    volume        = {14},
    number        = {2},
    pages         = {240--251},
    issn          = {1305-578X},
    url           = {https://www.jlls.org/index.php/jlls/article/view/952},
    urldate       = {2024-03-23},
    copyright     = {Copyright (c) 2018 Journal of Language and Linguistic Studies},
    keywords      = {Attitudes, Educational technology, English Language Teaching, Web 2.0 tools},
}

@article{gomez_paniagua_diferencias_2018,
    title         = {Diferencias en las creencias entre hombres y mujeres acerca del aprendizaje del idioma ingl\'{e}s},
    author        = {G\'{o}mez Paniagua, Juan Fernando},
    year          = {2018},
    month         = aug,
    journal       = {Revista signos},
    volume        = {51},
    number        = {97},
    pages         = {193--213},
    doi           = {10.4067/S0718-09342018000200193},
    issn          = {0718-0934},
    url           = {http://www.scielo.cl/scielo.php?script=sci\_arttext\&pid=S0718-09342018000200193\&lng=en\&nrm=iso\&tlng=en},
    urldate       = {2024-03-23},
    language      = {en},
}

@article{adibi_adoption_2019,
    title         = {Adoption of {Web} 2.0 Applications for Education by Students in Nigeria},
    author        = {Adibi, Awele and okocha, foluke},
    year          = {2019},
    month         = may,
    journal       = {Library Philosophy and Practice (e-journal)},
    pages         = {1--37},
    url           = {https://digitalcommons.unl.edu/libphilprac/2507},
}

@article{gomez_diferencias_2019,
    title         = {Diferencias en las creencias sobre el aprendizaje del ingl\'{e}s entre los niveles b\'{a}sico {A1}-{A2} e intermedio {B1}},
    author        = {G\'{o}mez, Juan Fernando},
    year          = {2019},
    month         = dec,
    journal       = {Lenguas Modernas},
    number        = {53},
    pages         = {49--66},
    issn          = {0719-5443},
    url           = {https://lenguasmodernas.uchile.cl/index.php/LM/article/view/55446},
    urldate       = {2024-03-23},
    copyright     = {Derechos de autor 2019 Lenguas Modernas},
    keywords      = {retroalimentaci\'{o}n},
}

@article{hasan_effect_2019,
    title         = {Effect of Self-Efficacy, Gender and Locale on the Academic Achievement of Secondary School Students},
    author        = {Hasan, M. Zahid and Parvez, Mohammad},
    year          = {2019},
    journal       = {International Journal of Scientific Research and Reviews},
    volume        = {8},
    number        = {2},
    pages         = {1881--1894},
    url           = {https://www.semanticscholar.org/paper/Effect-of-Self-Efficacy\%2C-Gender-and-Locale-on-the-Hasan-Parvez/5bb0bf9d08cb57de62f89ea03613bb16bc2f74a5},
    urldate       = {2024-03-23},
}

@article{kuznetsova_students_2019,
    title         = {Students' Out-of-class {Web} 2.0 Practices in Foreign Language Learning},
    author        = {Kuznetsova, Natalya and Soomro, Kamal},
    year          = {2019},
    month         = may,
    journal       = {Journal of Education and Educational Development},
    volume        = {6},
    number        = {1},
    pages         = {78--94},
    doi           = {10.22555/joeed.v6i1.2713},
    issn          = {23100869, 23133538},
    url           = {https://journals.iobmresearch.com/index.php/JoEED/article/view/2713},
    urldate       = {2024-03-23},
}

@article{unveren_developing_2019,
    title         = {Developing the scale of writing, speaking, listening, reading self-efficacy for learners of {Turkish} as a foreign language},
    author        = {Unveren, Dilek},
    year          = {2019},
    month         = dec,
    journal       = {Cypriot Journal of Educational Sciences},
    volume        = {14},
    number        = {4},
    pages         = {676--693},
    doi           = {10.18844/cjes.v11i4.4440},
    issn          = {1305-905X},
    url           = {https://un-pub.eu/ojs/index.php/cjes/article/view/4440},
    urldate       = {2024-03-23},
}

@article{azak_analysis_2020,
    title         = {Analysis of University Students' Views and Usage Levels of Web 2.0 Tools in Terms of Various Variables},
    author        = {Azak, Akif and Sulak, Suleyman Alpaslan and G\"{u}ner, Halil Erbil},
    year          = {2020},
    month         = jun,
    journal       = {International Journal of Academic Research in Business and Social Sciences},
    volume        = {10},
    number        = {6},
    pages         = {Pages 609--623},
    doi           = {10.6007/IJARBSS/v10-i6/7336},
    issn          = {2222-6990},
    url           = {https://hrmars.com/journals/papers/IJARBSS/v10-i6/7336},
    urldate       = {2024-03-23},
}

@article{chiquito_flipped_2020,
    title         = {Flipped classroom in engineering: The influence of gender},
    shorttitle    = {Flipped classroom in engineering},
    author        = {Chiquito, Mar\'{\i}a and Castedo, Ricardo and Santos, Anastasio P. and L\'{o}pez, Lina M. and Alarc\'{o}n, Covadonga},
    year          = {2020},
    month         = jan,
    journal       = {Computer Applications in Engineering Education},
    volume        = {28},
    number        = {1},
    pages         = {80--89},
    doi           = {10.1002/cae.22176},
    issn          = {1061-3773, 1099-0542},
    url           = {https://onlinelibrary.wiley.com/doi/10.1002/cae.22176},
    urldate       = {2024-03-23},
}

@article{dhawan_online_2020,
    title         = {Online Learning: A Panacea in the Time of {COVID}-19 Crisis},
    shorttitle    = {Online Learning},
    author        = {Dhawan, Shivangi},
    year          = {2020},
    month         = sep,
    journal       = {Journal of Educational Technology Systems},
    volume        = {49},
    number        = {1},
    pages         = {5--22},
    doi           = {10.1177/0047239520934018},
    issn          = {0047-2395, 1541-3810},
    url           = {http://journals.sagepub.com/doi/10.1177/0047239520934018},
    urldate       = {2024-03-23},
}

@article{mohammed_use_2020,
    title         = {The Use of {Web} 2.0 Tools in the Foreign Language Classroom},
    author        = {Mohammed, Tawffeek A. S. and Assam, Blanche Nyingome and Saidi, Mustapha},
    year          = {2020},
    month         = mar,
    journal       = {Journal of Educational and Social Research},
    volume        = {10},
    number        = {2},
    pages         = {177},
    doi           = {10.36941/jesr-2020-0037},
    issn          = {2240-0524, 2239-978X},
    url           = {https://www.richtmann.org/journal/index.php/jesr/article/view/10746},
    urldate       = {2024-03-23},
}

@article{moussaoui_integration_2020,
    title         = {The integration of {Web} 2.0 tools in English language teaching},
    author        = {Moussaoui, Oussama and Moustassime, Mohammed},
    year          = {2020},
    month         = feb,
    journal       = {European Journal of Foreign Language Teaching},
    volume        = {4},
    number        = {3},
    pages         = {51--64},
    doi           = {10.5281/ZENODO.3678989},
    url           = {https://zenodo.org/record/3678989},
    urldate       = {2024-03-23},
    copyright     = {Creative Commons Attribution 4.0 International, Open Access},
}

@article{namaziandost_flipped_2020,
    title         = {Flipped classroom model and self-efficacy in an {Iranian} {English} as a foreign language context: A gender-based study},
    shorttitle    = {Flipped classroom model and self-efficacy in an {Iranian} {English} as a foreign language context},
    author        = {Namaziandost, Ehsan and Tilwani, Shouket Ahmad and Khodayari, Shabnam Mahdizadeh and Ziafar, Meisam and Alekasir, Samir},
    year          = {2020},
    month         = dec,
    journal       = {Journal of University Teaching and Learning Practice},
    volume        = {17},
    number        = {5},
    pages         = {271--285},
    doi           = {10.53761/1.17.5.17},
    issn          = {14499789, 14499789},
    url           = {https://ro.uow.edu.au/jutlp/vol17/iss5/17/},
    urldate       = {2024-03-23},
}

@article{namaziandost_account_2020,
    title         = {An account of {EFL} learners' self-efficacy and gender in the Flipped Classroom Model},
    author        = {Namaziandost, Ehsan and \c{C}akmak, Fidel},
    year          = {2020},
    month         = sep,
    journal       = {Education and Information Technologies},
    volume        = {25},
    number        = {5},
    pages         = {4041--4055},
    doi           = {10.1007/s10639-020-10167-7},
    issn          = {1360-2357, 1573-7608},
    url           = {http://link.springer.com/10.1007/s10639-020-10167-7},
    urldate       = {2024-03-23},
}

@article{zhu_relationship_2020,
    title         = {The relationship between English self-efficacy and English language performance among Chinese university students},
    author        = {Zhu, Yongjin and Gong, B},
    year          = {2020},
    journal       = {European Journal of Molecular \& Clinical Medicine},
    volume        = {7},
    number        = {3},
    pages         = {2331--2346},
}

@article{afifah_students_2021,
    title         = {Students' Self-efficacy in Learning Foreign Language during the {COVID}-19 Pandemic},
    author        = {Afifah, Lilis and Indriwardhani, Sri Prameswari},
    year          = {2021},
    month         = mar,
    journal       = {KnE Social Sciences},
    doi           = {10.18502/kss.v5i3.8545},
    issn          = {2518-668X},
    url           = {https://knepublishing.com/index.php/KnE-Social/article/view/8545},
    urldate       = {2024-03-23},
}

@article{garcia_diaz_plataformas_2021,
    title         = {Plataformas digitales m\'{a}s utilizadas durante la actual pandemia (covid-19)},
    author        = {Garc\'{\i}a D\'{\i}az, Estefan\'{\i}a},
    year          = {2021},
    month         = oct,
    journal       = {ReiDoCrea: Revista electr\'{o}nica de investigaci\'{o}n Docencia Creativa},
    volume        = {10},
    number        = {30},
    pages         = {21--35},
    doi           = {10.30827/Digibug.70942},
    issn          = {2254-5883},
    url           = {http://hdl.handle.net/10481/70942},
    urldate       = {2024-03-23},
}

@article{hassan_challenges_2021,
    title         = {Challenges and Benefits of {Web} 2.0-based Learning among International Students of English during the {Covid}-19 Pandemic in Cyprus},
    author        = {Hassan, Isyaku and BaraU Gamji, Musa and Yahaya Nasidi, Qaribu and Nazri Latiff Azmi, Mohd},
    year          = {2021},
    month         = apr,
    journal       = {Arab World English Journal},
    number        = {1},
    pages         = {295--306},
    doi           = {10.24093/awej/covid.22},
    issn          = {22299327},
    url           = {https://awej.org/challenges-and-benefits-of-web-2-0-based-learning-among-international-students-of-english-during-the-covid-19-pandemic-in-cyprus/},
    urldate       = {2024-03-23},
}

@article{jarrah_arab_2021,
    title         = {Arab Postgraduates' Readiness towards and Effectiveness of Utilizing Web 2.0 in Language Learning},
    author        = {Jarrah, Mahmoud Aref and Alzubi, Ali Abbas Falah},
    year          = {2021},
    journal       = {International Journal of Instruction},
    publisher     = {ERIC},
    volume        = {14},
    number        = {1},
    pages         = {673--690},
    doi           = {10.29333/iji.2021.14141a},
}

@article{mwaura_gender_2021,
    title         = {Gender Difference in Academic Self-Efficacy among Students in Public Secondary Schools in Nairobi County, Kenya},
    author        = {Mwaura, Margaret Nduta},
    year          = {2021},
    journal       = {International Journal of Multidisciplinary Research and Publications},
    volume        = {4},
    number        = {3},
    pages         = {34--40},
    url           = {https://www.academia.edu/62463379/},
    urldate       = {2024-03-23},
}

@article{nguyen_relationship_2022,
    title         = {The Relationship between Students' Self-Efficacy Beliefs and Their English Language Achievement},
    author        = {Nguyen, Ngoc Lynh Dan and Nghia, Tran Trung and Thy, Pham Hong and Nhi, Ha Thi Yen},
    year          = {2022},
    month         = may,
    journal       = {Journal of English Language Teaching and Applied Linguistics},
    volume        = {4},
    number        = {2},
    pages         = {102--112},
    doi           = {10.32996/jeltal.2022.4.2.10},
    issn          = {2707-756X},
    url           = {https://al-kindipublisher.com/index.php/jeltal/article/view/3385},
    urldate       = {2024-03-23},
}

@article{ningsih_gender-based_2022,
    title         = {Gender-based Analysis of Differences in {IDLE} Activities (Undertaken by {EFL} Students)},
    author        = {Ningsih, Ni Putu Ristia Ayu and Kusuma, I Putu Indra and Juniarta, Putu Adi Krisna},
    year          = {2022},
    month         = dec,
    journal       = {Pioneer: Journal of Language and Literature},
    volume        = {14},
    number        = {2},
    pages         = {510},
    doi           = {10.36841/pioneer.v14i2.2289},
    issn          = {2655-8718, 2338-5243},
    url           = {https://unars.ac.id/ojs/index.php/pioneer/article/view/2289},
    urldate       = {2024-03-23},
}

@article{dong_influential_2023,
    title         = {Influential factors for gender differences in {L2} learning},
    author        = {Dong, Hanghang and Liu, Xiaofan and Zhou, Ziqi},
    year          = {2023},
    month         = feb,
    journal       = {Journal of Education, Humanities and Social Sciences},
    volume        = {8},
    pages         = {947--955},
    doi           = {10.54097/ehss.v8i.4385},
    issn          = {2771-2907},
    url           = {https://drpress.org/ojs/index.php/EHSS/article/view/4385},
    urldate       = {2024-03-23},
}

@article{csizer_gender-related_2024,
    title         = {Gender-Related Differences in the Effects of Motivation, Self-Efficacy, and Emotions on Autonomous Use of Technology in Second Language Learning},
    author        = {Csiz\'{e}r, Kata and Albert, \'{A}gnes},
    year          = {2024},
    month         = jan,
    journal       = {The Asia-Pacific Education Researcher},
    doi           = {10.1007/s40299-023-00808-z},
    issn          = {0119-5646, 2243-7908},
    url           = {https://link.springer.com/10.1007/s40299-023-00808-z},
    urldate       = {2024-03-23},
}
