
@article{alsabawy2016,
	title = {Determinants of perceived usefulness of e-learning systems},
	volume = {64},
	url = {https://linkinghub.elsevier.com/retrieve/pii/S0747563216305556},
	doi = {10.1016/j.chb.2016.07.065},
	urldate = {2021-06-01},
	journal = {Computers in Human Behavior},
	author = {Alsabawy, Ahmed Younis and Cater-Steel, Aileen and Soar, Jeffrey},
	month = nov,
	year = {2016},
	pages = {843-858}
}
@article{amir2020,
	title = {Student perspective of classroom and distance learning during {COVID}-19 pandemic in the undergraduate dental study program {Universitas} {Indonesia}},
	volume = {20},
	url = {https://bmcmededuc.biomedcentral.com/articles/10.1186/s12909-020-02312-0},
	urldate = {2021-06-01},
	doi = {10.1186/s12909-020-02312-0},
	number = {1},
	journal = {BMC Medical Education},
	author = {Amir, Lisa R. and Tanti, Ira and Maharani, Diah Ayu and Wimardhani, Yuniardini Septorini and Julia, Vera and Sulijaya, Benso and Puspitawati, Ria},
	month = dec,
	year = {2020},
	pages = {392},
}

@article{amitg2015,
	title = {Choosing the right e-learning methods: factors and elements},
	volume = {24},
	url = {https://elearningindustry.com/choosing-right-elearning-methods-factors-elements},
	urldate = {2021-06-01},
	journal = {E-learning Industry},
	author = {Amit, G.},
	year = {2015}
}
@book{anderson2008,
	address = {Edmonton},
	edition = {2nd ed},
	title = {The theory and practice of online learning},
	publisher = {AU Press},
	editor = {Anderson, Terry},
	year = {2008}
}
@incollection{bruno2010,
	address = {Juiz de Fora},
	title = {Docência na {Educação} online: professorar e (ou) tutorar? },
	booktitle = {Tem professor na rede},
        editor = {Bruno, A. R. and Borges, E. M. and Silva, L. S. P.} ,
        publisher = {Editora UFJF},
	author = {Bruno, Adriana Rocha and Lemgruber, Márcio Silveira},
	year = {2010}
}
@inproceedings{cruz2017,
	address = {INTERNATIONAL CONFERENCE ON EDUCATION AND NEW LEARNING TECHNOLOGIES, 2017, Anais [...] Barcelona, Spain},
	title = {Digital learning methodologird and tools – a literature review},
	url = {http://library.iated.org/view/SOUSA2017DIG},
	urldate = {2021-06-01},
	doi = {10.21125/edulearn.2017.2158},
	author = {Cruz, Rui and Sousa, Maria José and Martins, Jorge Miguel},
	month = mar,
	year = {2017},
	pages = {5185-5192}
}
@article{dhawan2020,
	title = {Online {Learning}: {A} {Panacea} in the {Time} of {COVID}-19 {Crisis}},
	volume = {49},
	url = {http://journals.sagepub.com/doi/10.1177/0047239520934018},
	urldate = {2021-06-01},
	doi = {10.1177/0047239520934018},
	number = {1},
	journal = {Journal of Educational Technology Systems},
	author = {Dhawan, Shivangi},
	month = jun,
	year = {2020},
	pages = {5-22}
}
@article{dunlap2008,
	title = {Preparing {Students} for {Lifelong} {Learning}: {A} {Review} of {Instructional} {Features} and {Teaching} {Methodologies}},
	volume = {16},
	url = {http://doi.wiley.com/10.1111/j.1937-8327.2003.tb00276.x},
	doi = {10.1111/j.1937-8327.2003.tb00276.x},
	number = {2},
	urldate = {2021-06-12},
	journal = {Performance Improvement Quarterly},
	author = {Dunlap, Joanna C. and Grabinger, Scott},
	month = oct,
	year = {2008},
	pages = {6-25}
}
@techreport{gaebel2021,
	title = {Digitally {Enhanced} {Learning} {And} {Teaching}},
	url = {https://eua.eu/downloads/publications/digi-he\%20survey\%20report.pdf},
	urldate = {2021-06-01},
	institution = {European Higher Education Institutions},
	author = {Gaebel, Michael and Zhang, Thérèse and Stoeber, Henriette and MORRISROE, Alison },
	year = {2021}
}
@book{garrison2008,
	address = {San Francisco},
	edition = {1st ed},
	series = {The {Jossey}-{Bass} higher and adult education series},
	title = {Blended learning in higher education: framework, principles, and guidelines},
	publisher = {Jossey-Bass},
	author = {Garrison, D. R. and Vaughan, Norman D.},
	year = {2008}
}
@book{ilin2017,
	address = {Istanbul},
	title = {Better e-{Learning} for {Innovation} in {Education}},
	publisher = {ÖzKaracan},
	author = {Ílin, Güiden and Ílin, Sükrü Çetin and Silva, Bento Duarte da and Osório, A. and Lencastre, J.},
	year = {2017}
}
@article{konrath2009,
	title = {Competências: desafios para alunos, tutores e professores da {EaD}},
	volume = {7},
	url = {https://seer.ufrgs.br/renote/article/view/13912},
	doi = {10.22456/1679-1916.13912},
	number = {1},
	urldate = {2019-09-28},
	journal = {RENOTE},
	author = {Konrath, Mary Lúcia Pedroso and Tarouco, Liane Margarida R. and Behar, Patricia Alejandra},
	month = jun,
	year = {2009}
}
@misc{li2020,
	title = {The {COVID}-19 pandemic has changed education forever. {This} is how},
	url = {https://www.weforum.org/agenda/2020/04/coronavirus-education-global-covid19-online-digital-learning},
	urldate = {2020-04-20},
    journal = {Word Economic Forum},
	author = {Li, Cathy and Lalani, Farah},
    year = {2020}
}
@article{major2010,
	title = {Do virtual professors dream of electric students? {College} faculty experiences with online distance education},
	volume = {112},
	url = {https://www.tcrecord.org/LIBRARY/exec.asp?ContentID=15946},
	urldate = {2021-06-01},
	number = {8},
	journal = {Teachers College Record},
	author = {Major, Claire Howell},
	year = {2010},
	pages = {2154-2208}
}
@phdthesis{martinho2014,
	address = {Lisboa},
	title = {O {Ensino} {Online} nas {Instituições} de {Ensino} {Superior} {Privado}. {As} perspetivas: docente e discente e as implicações na tomada de decisão institucional},
	url = {https://repositorio.ul.pt/bitstream/10451/11686/1/ulsd068758_td_Domingos_Martinho.pdf},
	urldate = {2021-06-01},
	school = {Instituto de Educação, Universidade de Lisboa},
	author = {Martinho, Domingos Santos},
	year = {2014}
}

@article{mattar2020,
	title = {Editorial - {Educação} {Online} em {Tempos} de {Pandemia}: {Desafios} e {Oportunidades} para uma {Escola} {Inclusiva}},
	volume = {16},
	url = {https://revistas.rcaap.pt/interaccoes/article/view/21999},
	doi = {10.25755/int.21999},
	number = {54},
	urldate = {2020-06-12},
	journal = {Interacções},
	author = {Mattar, João and Loureiro, Ana and Rodrigues, Elsa da Piedade},
	year = {2020},
	pages = {1-7}
}
@article{mcgill2014,
	title = {Critical success factors for the continuation of e-learning initiatives},
	volume = {22},
	url = {https://linkinghub.elsevier.com/retrieve/pii/S1096751614000190},
	doi = {10.1016/j.iheduc.2014.04.001},
	urldate = {2020-05-20},
	journal = {The Internet and Higher Education},
	author = {McGill, Tanya J. and Klobas, Jane E. and Renzi, Stefano},
	year = {2014},
	pages = {24-36}
}
@article{oliveira2015,
	title = {Educação não escolar, aprendizagem ubíqua e novas formas de aprender},
	volume = {3},
	url = {https://periodicos.set.edu.br/humanas/article/view/2162},
	urldate = {2021-06-01},
	doi = {10.17564/2316-3801.2015v3n3p41-50},
	number = {3},
	journal = {Interfaces Científicas - Humanas e Sociais},
	author = {Oliveira, Kaio Eduardo de Jesus and Lima, Daniella de Jesus and Porto, Cristiane de Magalhães},
	month = jun,
	year = {2015},
	pages = {41-50}
}
@book{palloff2007,
	address = {San Francisco},
        edition = {2st ed},
	title = {Building online learning communities: efective strategies virtual classroom},
	publisher = {Josey-Bass},
	author = {Pallof, Rena M. and Pratt, Keith},
	year = {2007}
}
@article{rodrigues2015,
	title = {Como integrar o ensino online nas instituições de ensino superior?},
	volume = {2},
	url = {https://revistaforges.pt/index.php/revista/article/view/20/17},
	urldate = {2021-06-01},
	number = {1},
	journal = {Revista do Fórum da Gestão do Ensino Superior nos Países e Regiões de Língua Portuguesa (FORGES)},
	address = {Ilhéus},
    author = {Rodrigues, Ana Luísa},
	year = {2015},
	pages = {117-145}
}
@book{spector2007,
	address = {Mahwah, New Jersey},
	title = {Finding your online voice: stories told by experienced online educators},
	publisher = {Lawrence Erlbaum Associates},
	editor = {Spector, J. Michael},
	year = {2007}
}
@book{thayer-hart2010,
	address = {Medson, Wisconsin},
	title = {Survey {Fundamentals} - {A} guide to designing and implementing surveys},
	publisher = {Office of Quality Improvement, University of Wisconsin Survey Center},
	author = {Thayer-Har, Nancy and Dykema, Jennifer and Elver, Kelly and Schaeffer, Nora Cate and Stevenson, John},
	year = {2010},
    pages = {20}
}
@article{wake2007,
	title = {New and changing teacher roles in higher education in a digital age},
	volume = {10},
	url = {https://www.jstor.org/stable/pdf/jeductechsoci.10.1.40.pdf},
	urldate = {2021-06-01},
	number = {1},
	journal = {Journal of Educational Technology \& Society},
	author = {Wake, Jo Dugstad and Dysthe, Olga and Mjelstad, Stig},
	year = {2007},
	pages = {40-51}
}
@article{zwaneveld2007,
    title = {Specifieke ict-competenties van docenten},
    author = {Zwaneveld, B. and Bastiaens, T.},
    journal  = {OnderwijsInnovatie},
    volume = {9},
    number = {4},
    pages = {36-39},
    year = {2007}
}