@incollection{bakhtin1997generos,
    title         = {Os gêneros do discurso},
    author        = {Bakhtin, Michail},
    year          = {1997},
    booktitle     = {Estética da criação verbal},
    publisher     = {Martins Fontes},
    address       = {São Paulo},
    editor        = {Bakhtin, Mikhail},
    translator    = {Pereira, Maria E. G.},
}

@book{koch2003texto,
    title         = {O texto e a construção de sentidos},
    author        = {Koch, Ingedore Villaça},
    year          = {2003},
    publisher     = {Contexto},
    address       = {São Paulo},
    edition       = {7},
}

@book{vieira2005pesquisa,
    title         = {Pesquisa qualitativa em administração: teoria e prática},
    author        = {Vieira, Marcelo Milano Falcão; and Zouain, Deborah Moraes.},
    year          = {2005},
    publisher     = {Editora FGV},
    address       = {Rio de Janeiro},
}

@book{gay2006educational,
    title         = {Educational research: competencies for analysis and applications},
    author        = {Gay, L. R. and Mills, G. E. and Airasian, P.},
    year          = {2006},
    publisher     = {Pearson},
    address       = {New York},
    edition       = {8},
}

@book{gil2008projetos,
    title         = {Como elaborar projetos de pesquisa},
    author        = {Gil, Antonio Carlos},
    year          = {2008},
    publisher     = {Atlas},
    address       = {São Paulo},
    edition       = {4},
}

@book{gerhardt2009metodos,
    title         = {Métodos de pesquisa},
    author        = {Gerhardt, Tatiana Engel and Silveira, Denise Tolfo},
    year          = {2009},
    publisher     = {Editora da UFRGS},
    address       = {Porto Alegre},
    pages         = {120},
    url           = {https://www.ufrgs.br/cursopgdr/downloadsSerie/derad005.pdf},
    urldate       = {2025-02-15},
    note          = {Organizado por Tatiana Engel Gerhardt e Denise Tolfo Silveira; coordenado pela UAB/UFRGS e SEAD/UFRGS},
}

@book{dolz2010producao,
    title         = {Produção escrita e dificuldades de aprendizagem},
    author        = {Dolz, Joaquim},
    year          = {2010},
    publisher     = {Mercado das Letras},
    address       = {São Paulo},
}

@incollection{geraldi2011linguagem,
    title         = {Concepções de linguagem e ensino de português},
    author        = {Geraldi, João Wanderley},
    year          = {2011},
    booktitle     = {O texto em Sala de aula},
    publisher     = {Editora Ática},
    address       = {São Paulo},
    editor        = {Geraldi, João Wanderley et al.},
    edition       = {1},
}

@misc{openaii,
    title         = {OpenAI},
    author        = {{OpenAI}},
    year          = {2015},
    address       = {Eua},
    url           = {https://openai.com},
    urldate       = {2025-02-15},
}

@phdthesis{briega2017surdo,
    title         = {O Enem como via de acesso do surdo ao ensino superior brasileiro},
    author        = {Briega, Diléia Aparecida Martins},
    year          = {2017},
    address       = {São Carlos},
    url           = {https://repositorio.ufscar.br/handle/ufscar/8831},
    urldate       = {2025-02-15},
    school        = {Universidade Federal de São Carlos},
    type          = {Tese (Doutorado em Educação Especial)},
}

@article{prado2017redacao,
    title         = {A redação do ENEM como gênero textual-discursivo: uma breve reflexão},
    author        = {Prado, Daniela de Faria and Morato, Rodrigo Altair},
    year          = {2017},
    journal       = {Cadernos CESPUC de Pesquisa. Série Ensaios},
    pages         = {205--219},
    doi           = {p.2358-3231.n29p205-219},
}

@misc{brasil2018bncc,
    title         = {Base Nacional Comum Curricular},
    author        = {{Brasil. Ministério da Educação}},
    year          = {2018},
    address       = {Brasília},
    url           = {https://www.gov.br/mec/pt-br/escola-em-tempo-integral/BNCC_EI_EF_110518_versaofinal.pdf},
    urldate       = {2025-02-15},
}

@misc{inepp,
    title         = {Enem-inep},
    author        = {Brasil. Inep},
    year          = {2018},
    address       = {Brasília},
    url           = {https://www.gov.br/inep/pt-br/areas-de-atuacao/avaliacao-e-exames-educacionais/enem},
    urldate       = {2025-02-15},
}

@article{gomes2018generos,
    title         = {Gêneros discursivos e tecnologias cognitivas},
    author        = {Gomes, Raquel Salcedo and Gomes, Marcelo Salcedo and Silva, Luciana Kraemer},
    year          = {2018},
    journal       = {Revista Prolíngua},
    volume        = {13},
    number        = {1},
    pages         = {90--98},
}

@techreport{vicari2018ia,
    title         = {Tendências em inteligência artificial na educação no período de 2017 a 2030: sumário executivo},
    author        = {Vicari, Rosa Maria.},
    year          = {2018},
}

@misc{brasil2020portaria,
    title         = {Portaria no 458, de 5 de maio de 2020},
    author        = {{Brasil. Ministério da Educação}},
    year          = {2020},
    journal       = {Diário Oficial da União: seção 1},
    number        = {85},
    pages         = {57},
    url           = {https://www.in.gov.br/en/web/dou/-/portaria-n-458-de-5-de-maio-de-2020--255378342},
    urldate       = {2025-02-15},
    subtitle      = {Institui normas complementares necessárias ao cumprimento da Política Nacional de Avaliação da Educação Básica},
}

@article{correia2020generos,
    title         = {Gêneros discursivo-textuais e gramática: pedras no caminho do professor de português?},
    author        = {Correia, Karen Cristiny de Andrade and Carmo, Claúdio Márcio do},
    year          = {2020},
    journal       = {fólio - Revista de Letras},
    volume        = {12},
    number        = {1},
    doi           = {10.22481/folio.v12i1.6532},
}

@online{inep2020edital,
    title         = {Edital no 54, de 28 de julho de 2020. Exame Nacional do Ensino Médio - Enem 2020 IMPRESSO},
    author        = {{Brasil. Inep}},
    year          = {2020},
    journal       = {Diário Oficial da União: seção 3},
    number        = {146},
    pages         = {73},
    url           = {https://download.inep.gov.br/educacao_basica/enem/edital/2020/edital_n54_enem_2020_impresso.pdf},
    urldate       = {2025-02-15},
}

@article{silva2020bncc,
    title         = {O eixo análise linguística na BNCC: uma análise das linhas de continuidade entre as diferentes versões da base},
    author        = {Silva, Jessica. Rodrigues. and Araújo, Denise Lino de},
    year          = {2020},
    journal       = {Revista Folio},
    volume        = {12},
    number        = {1},
    pages         = {1--1},
    doi           = {10.22481/folio.v12i1.6600},
}

@article{guimaraes2022ia,
    title         = {A importância da inteligência artificial no processo educacional},
    author        = {Guimarães, Ueudison Alves and Santos, Edinalva Oliveira dos and Fernandes, Daniella},
    year          = {2022},
    journal       = {RECIMA21 - Revista Científica Multidisciplinar},
    volume        = {3},
    number        = {8},
    pages         = {e381789},
    doi           = {10.47820/recima21.v3i8.1789},
}

@article{silva2022bncc,
    title         = {Refletindo sobre a Educação Linguística Crítica e a Base Nacional Comum Curricular},
    author        = {Silva, Kléber Aparecido da and Morgan, Brian and Monte-Mór, Walkyria},
    year          = {2022},
    journal       = {Revista da ABRALIN},
    pages         = {254--260},
    doi           = {10.25189/rabralin.v21i2.2146},
}

@misc{inep2023cartilha,
    title         = {A Redação do Enem 2023: cartilha do participante},
    author        = {{Brasil. Inep}},
    year          = {2023},
    address       = {Brasília},
    url           = {https://download.inep.gov.br/publicacoes/institucionais/avaliacoes_e_exames_da_educacao_basica/a_redacao_no_enem_2023_cartilha_do_participante.pdf},
    urldate       = {2025-02-15},
}

@techreport{educause2023horizon,
    title         = {EDUCAUSE Horizon Report, Edição de Ensino e Aprendizagem},
    author        = {Pelletier, Kathe and Robert, Jenay and Muscanell, Nicole and MacCormack, Mark and Reeves, Jamie and Arbino, Nichole and Grajek, Susan},
    year          = {2023},
    address       = {Boulder, CO},
    institution   = {Educause},
}

@article{Silva_de_Lima_Cavalcante_2023,
    title         = {O gênero redação do ENEM},
    author        = {Silva, Ananias and de Lima Cavalcante, Francisco},
    year          = {2023},
    month         = {10},
    journal       = {Revista Eletrônica de Estudos Integrados em Discurso e Argumentação},
    volume        = {23},
    number        = {2},
    pages         = {51--70},
    doi           = {10.47369/eidea-23-2-3645},
}

@misc{redarito,
    title         = {Correção de Redações do ENEM com IA},
    author        = {Descomplica},
    year          = {2024},
    address       = {Sp},
    url           = {https://redacao.descomplica.com.br},
    urldate       = {2025-02-15},
}

@article{loiola2024chatgpt,
    title         = {Precisão e Confiabilidade do ChatGPT na Percepção de Estudantes da Graduação EaD},
    author        = {Loiola, Alba and Sachete, Andreia dos Santos; and Grandi, Roges Horacio; and Gomes, Raquel Salcedo.},
    year          = {2024},
    journal       = {EaD em Foco},
    volume        = {14},
    number        = {1},
    pages         = {e2111},
    doi           = {10.18264/eadf.v14i1.2111},
}

@article{pinho2024ia,
    title         = {Aplicação de técnicas de inteligência artificial para classificação de fuga ao tema em redações},
    author        = {Pinho, Cíntia Maria de Araújo and Gaspar, Marcos Antônio and Sassi, Renato José},
    year          = {2024},
    journal       = {Educação em Revista},
    volume        = {40},
    doi           = {10.1590/0102-469839773},
}

@article{sachete2024adaptivegpt,
    title         = {AdaptiveGPT: Towards Intelligent Adaptive Learning},
    author        = {Sachete, Andreia dos Santos and Loiola, Alba Valéria de Sant’anna and Gomes, Raquel Salcedo},
    year          = {2024},
    journal       = {Multimed Tools Appl},
    volume        = {83},
    pages         = {89461--89477},
    doi           = {10.1007/s11042-024-20144-8},
}

@article{silva2024generos,
    title         = {Gêneros textuais mobilizados para o repertório sociocultural produtivo em redações do Enem 2022},
    author        = {Ademir Juvêncio da Silva},
    year          = {2024},
    journal       = {Linha D’Água},
    address       = {São Paulo},
    volume        = {37},
    number        = {3},
    pages         = {313--328},
    doi           = {10.11606/issn.2236-4242.v37i3p313-328},
}

@book{holmes2024guia,
    title         = {Guia para a IA generativa na educação e na pesquisa},
    author        = {Wayne Holmes and Fengchun Miao},
    year          = {2024},
    publisher     = {UNESCO Publishing},
}

@article{ribeiro2024entrevista,
    title         = {A perspectiva da entrevista na investigação qualitativa},
    author        = {Elisa Antônia Ribeiro},
    year          = {2024},
    journal       = {Revista Evidência},
    volume        = {4},
}

@article{SacheteSalcedo,
    title         = {IA generativa em competências discursivas na educação básica},
    author        = {Loiola, Alba and Santos Sachete, Andreia and Salcedo Gomes, Raquel and Grandi, Roges Horacio},
    year          = {2024},
    month         = {10},
    journal       = {Revista Eletrônica de Educação},
    volume        = {18},
    number        = {1},
    pages         = {e6680122},
    doi           = {10.14244/reveduc.v18i1.6680},
}

@inproceedings{uml,
    title         = {Analysing the Efficacy of UML in Explaining Object-Oriented Concepts to Undergraduate Computer Science Students},
    author        = {Ahmed, Sabbir and Khan, Manzur and Ullah Miah, Md Saef and Akter, Shakura and Sulaiman, Junaida},
    year          = {2024},
    booktitle     = {2024 IEEE 13th International Conference on Engineering Education (ICEED)},
    pages         = {1--6},
    doi           = {10.1109/iceed62316.2024.10923827},
}

@mastersthesis{coqueiro2025autoria,
    title         = {A autoria na redação do Enem: Uma análise discursiva},
    author        = {Suellen Mathias. Coqueiro},
    year          = {2025},
    address       = {Belo Horizonte},
    pages         = {49},
    note          = {Monografia (Especialização em Língua Portuguesa: teoria e práticas de ensino de leitura e produção de texto)},
    school        = {Universidade Federal de Minas Gerais},
}
