@article{antunes2014,
	title = {O segmento esquecido! – {Os} seniores e a comunicação publicitária},
	volume = {9},
	copyright = {Comunicação Pública Este trabalho está licenciado com uma Licença Creative Commons - Atribuição-NãoComercial 4.0 Internacional.},
	url = {https://journals.openedition.org/cp/850},
	doi = {10.4000/cp.850},
	abstract = {.},
	number = {16},
	urldate = {2021-10-21},
	journal = {Comunicação Pública},
	author = {Antunes, Ana Cristina and Miranda, Sandra and Teixeira, Marina},
	month = dec,
	year = {2014},
	keywords = {publicidade, seniores, afectividade face à publicidade, auto e heteropercepção face à publicidade},
}
@inproceedings{balcerzak2017,
	title = {Press {F1} for help: participatory design for dealing with on-line and real life security of older adults},
	volume = {1},
	url = {http://arxiv.org/abs/1706.10223},
	urldate = {2021-10-21},
	booktitle = {Proceedings of 12th {International} {Scientific} and {Technical} {Conference} on {Computer} {Sciences} and {Information} {Technologies}},
	author = {Balcerzak, Bartłomiej and Kopeć, Wiesław and Nielek, Radosław and Kruk, Sebastian and Warpechowski, Kamil and Wasik, Mateusz and Węgrzyn, Marek},
	month = jun,
	year = {2017},
	keywords = {Computer Science - Social and Information Networks, Computer Science - Human-Computer Interaction},
	pages = {240--243},
}
@book{bandeira2014,
	address = {Lisboa},
	title = {Dinâmicas demográficas e envelhecimento da população portuguesa: 1950-2011, evolução e perspectivas},
	publisher = {Fundação Francisco Manuel dos Santos},
	author = {Bandeira, Mário Leston},
	year = {2014},
}
@book{bardin2004,
	address = {Lisboa},
	title = {Análise de {Conteúdo}},
	publisher = {Edições 70},
	author = {Bardin, Laurence},
	year = {2004},
}
@article{barroso2015,
	title = {Mayores e {Internet}: {La} {Red} como fuente de oportunidades para un envejecimiento activo},
	issn = {1134-3478},
	url = {https://dialnet.unirioja.es/servlet/articulo?codigo=5133305},
	number = {45},
	urldate = {2021-10-21},
	journal = {Comunicar: Revista científica iberoamericana de comunicación y educación},
	author = {Barroso, Carmen Llorente and Abad, Mónica Viñarás and Valle, María Sánchez},
	year = {2015},
	pages = {29--36},
}
@inproceedings{bell2013,
	address = {Paris, France},
	title = {Examining social media use among older adults},
	url = {http://dl.acm.org/citation.cfm?doid=2481492.2481509},
	doi = {10.1145/2481492.2481509},
	urldate = {2021-10-21},
	booktitle = {Proceedings of the 24th {ACM} {Conference} on {Hypertext} and {Social} {Media} - {HT} '13},
	publisher = {ACM Press},
	author = {Bell, Caroline and Fausset, Cara and Farmer, Sarah and Nguyen, Julie and Harley, Linda and Fain, W. Bradley},
	year = {2013},
	pages = {158--163},
}
@article{braga2011,
	title = { {Sociabilidades} digitais e a reconfiguração das relações sociais},
	url = {http://desigualdadediversidade.soc.puc-rio.br/cgi/cgilua.exe/sys/start.htm?infoid=158&post\%5Fdata=user\%3Dnil\%26UserActiveTemplate\%3Dnil\%26sid\%3D18&sid=18},
	number = {9},
	urldate = {2021-10-22},
	journal = {Desigualdade \& Diversidade – Revista de Ciências Sociais da PUC-Rio},
	author = {Braga, Adriana},
	year = {2011},
	pages = {95--104},
}
@book{cardoso2015,
	address = {Coimbra},
	title = {A sociedade em rede em {Portugal}: uma década de transição},
	publisher = {Almedina},
	author = {Cardoso, Gustavo},
	year = {2015},
}
@book{cardoso2005,
	address = {Porto},
	title = {A sociedade em rede em {Portugal}},
	publisher = {Campo das Letras},
	author = {Cardoso, Gustavo and Costa, A. F. and Conceição, C. P. and Gomes, M. C.},
	year = {2005},
}
@book{castells2009,
	address = {São Paulo},
	title = {A sociedade em rede},
	publisher = {Paz e Terra},
	author = {Castells, Manuel},
	year = {2009},
}
@article{chopik2016,
	title = {The {Benefits} of {Social} {Technology} {Use} {Among} {Older} {Adults} {Are} {Mediated} by {Reduced} {Loneliness}},
	volume = {19},
	url = {http://www.liebertpub.com/doi/10.1089/cyber.2016.0151},
	doi = {10.1089/cyber.2016.0151},
	number = {9},
	urldate = {2021-10-22},
	journal = {Cyberpsychology, Behavior, and Social Networking},
	author = {Chopik, William J.},
	month = sep,
	year = {2016},
	pages = {551--556},
}
@phdthesis{coelho2019,
	address = {Lisboa},
	type = {Tese doutoral não publicada},
	title = {Seniores 2.0: {Inclusão} digital na sociedade em rede},
	school = {ISCTE-IUL},
	author = {Coelho, A. R.},
	year = {2019},
}
@misc{european_commission2021,
	title = {The 2021 ageing report: economic and budgetary projections for the {EU} {Member} {States} (2019-2070)},
	url = {https://ec.europa.eu/info/sites/default/files/economy-finance/ip148_en.pdf},
	urldate = {2021-10-21},
	author = {{European Commission}},
	year = {2021},
	note = {OCLC: 1258683042},
}
@incollection{coto2017,
	address = {New York, NY},
	title = {Social media and elderly people: {Research} trends},
	booktitle = {Social computing and social media: applications and analytics},
	publisher = {Springer Berlin Heidelberg},
	author = {Coto, M. C. and Lizano, F. and Rivera, S. M. and Fuentes, J.},
	editor = {Meiselwitz, G.},
	year = {2017},
	pages = {65--81},
}
@book{denzin1978,
	address = {New York},
	title = {The research act: a theoretical introduction to sociological methods},
	publisher = {McGraw-Hill},
	author = {Denzin, Norman K.},
	year = {1978},
}
@article{dias2012,
	title = {O uso das tecnologias digitais entre os seniores: motivações e interesses},
	url = {http://sociologiapp.iscte.pt/},
	doi = {10.7458/spp.201203},
	number = {68},
	urldate = {2021-10-21},
	journal = {Sociologia Problemas e Práticas},
	author = {Dias, Isabel},
	month = may,
	year = {2012},
	pages = {51--77},
}
@inproceedings{erickson2011,
	address = {Detroit, Michigan, EUA},
	title = {Social media, social capital, and seniors: {The} impact of {Facebook} on bonding and bridging social capital of individuals over 65},
	booktitle = {Proceedings of the 17th {Americas} {Conference} on {Information} {Systems} 2011 ({AMCIS})},
	author = {Erickson, L. B.},
	year = {2011},
}
@misc{eurostat2019,
	title = {Are you using social networks?},
	url = {https://ec.europa.eu/eurostat/web/products-eurostat-news/-/EDN-20190629-1},
	urldate = {2020-02-01},
	author = {{Eurostat}},
	year = {2019},
}
@misc{eurostat2020,
	title = {Digital economy and digital society statistics at regional level},
	url = {https://ec.europa.eu/eurostat/statistics-explained/pdfscache/2549.pdf},
	urldate = {2020-02-01},
	author = {{Eurostat}},
	year = {2020},
}
@incollection{ferreira2019,
	address = {New York, NY},
	series = {Human–{Computer} {Interaction} {Series}},
	title = {Older people positive, active and creative {ICT} use: a study in three countries},
	booktitle = {Perspectives on human-computer interaction research with older people},
	publisher = {Springer},
	author = {Ferreira, Susan M. and Sayago, Sergio and Blat, Josep},
	editor = {Sayago, Sergio},
	year = {2019}
}
@article{ferreira2016,
	title = {Older people’s production and appropriation of digital videos: an ethnographic study},
	volume = {36},
	url = {https://www.tandfonline.com/doi/full/10.1080/0144929X.2016.1265150},
	doi = {10.1080/0144929X.2016.1265150},
	number = {6},
	urldate = {2021-10-21},
	journal = {Behaviour \& Information Technology},
	author = {Ferreira, Susan M. and Sayago, Sergio and Blat, Josep},
	pages = {13--26},
	year = {2016}
}
@incollection{francis2019,
	address = {Singapore},
	title = {Aging in the digital age: {Conceptualizing} technology adoption and digital inequalities},
	booktitle = {Ageing and digital technology},
	publisher = {Springer},
	author = {Francis, J. and Ball, C. and Kadylak, T. and Cotton, S. R.},
	editor = {Neves, B. and Vetere, F.},
	year = {2019},
	pages = {35--49},
}
@article{friemel2016,
	title = {The digital divide has grown old: {Determinants} of a digital divide among seniors},
	volume = {18},
	url = {http://journals.sagepub.com/doi/10.1177/1461444814538648},
	doi = {10.1177/1461444814538648},
	number = {2},
	urldate = {2021-10-21},
	journal = {New Media \& Society},
	author = {Friemel, Thomas N.},
	month = feb,
	year = {2016},
	pages = {313--331},
}
@inproceedings{gama2020,
	title = {The role of senior universities in the promotion of digital literacy: {The} {Portuguese} and {Spanish} seniors’ perspective},
	booktitle = {Proceedings do {AgeingCongress2020} - 3.º {Congresso} {Internacional} sobre {Envelhecimento}},
	author = {Gama, A. and Antunes, A. C. and Correia, C. and Miranda, S. M. and Machado, A. T.},
	year = {2020},
}
@inproceedings{gil2016,
	address = {Lisboa, Portugal},
	title = {A pertinência de uma cidadania digital 65+},
	isbn = {9789727983636},
	shorttitle = {Cidadania digital 65+},
	booktitle = {Atas do {Seminário} {Internacional} {Cidadania} {Digital}},
	publisher = {Instituto de Educação da Universidade de Lisboa},
	author = {Gil, Henrique},
	year = {2016},
}
@article{givskov2018,
	title = {Researching new media and social diversity in later life},
	volume = {20},
	url = {http://journals.sagepub.com/doi/10.1177/1461444816663949},
	doi = {10.1177/1461444816663949},
	number = {1},
	urldate = {2021-10-21},
	journal = {New Media \& Society},
	author = {Givskov, Cecilie and Deuze, Mark},
	month = jan,
	year = {2018},
	pages = {399--412},
}
@misc{havas2018,
	title = {Meaningful {Brands}},
	url = {https://www.meaningful-brands.com/},
	urldate = {2020-09-16},
	journal = {Havas},
	author = {{Havas}},
	year = {2018},
}
@article{hutto2015,
	title = {Social media gerontology: {Understanding} social media usage among older adults},
	volume = {13},
	url = {https://www.medra.org/servlet/aliasResolver?alias=iospress&doi=10.3233/WEB-150310},
	doi = {10.3233/WEB-150310},
	number = {1},
	urldate = {2021-10-21},
	journal = {Web Intelligence},
	author = {Hutto, C.J. and Bell, Caroline and Farmer, Sarah and Fausset, Cara and Harley, Linda and Nguyen, Julie and Fain, Brad},
	editor = {Xu, Yue and Pasi, Gabriella},
	month = apr,
	year = {2015},
	pages = {69--87},
}
@misc{ine2017,
	title = {Projeções de {População} {Residente} 2015-2080},
	url = {https://www.ine.pt/xportal/xmain?xpid=INE&xpgid=ine_destaques&DESTAQUESdest_boui=277695619&DESTAQUESmodo=2&xlang=pt},
	urldate = {2020-03-01},
	journal = {Instituto Nacional de Estatística},
	author = {{INE}},
	year = {2017},
}
@misc{ine2020,
	title = {Tasas de {Fecundidad} según nacionalidad (española/extranjera) y grupo de edad de la madre(29294)},
	url = {https://www.ine.es/jaxiT3/Tabla.htm?t=29294&L=0},
	urldate = {2020-03-01},
	journal = {Instituto Nacional de Estatística},
	author = {{INE}},
	year = {2020},
}
@article{jung2001,
	title = {Exploring the {Digital} {Divide}: {Internet} {Connectedness} and {Age}},
	volume = {28},
	url = {http://journals.sagepub.com/doi/10.1177/009365001028004007},
	doi = {10.1177/009365001028004007},
	number = {4},
	urldate = {2021-10-22},
	journal = {Communication Research},
	author = {Loges, William E. and Jung, Joo-Young},
	month = aug,
	year = {2001},
	pages = {536--562},
}
@article{juznic2006,
	title = {Who says that old dogs cannot learn new tricks?: {A} survey of internet/web usage among seniors},
	volume = {107},
	url = {https://www.emerald.com/insight/content/doi/10.1108/03074800610677308/full/html},
	doi = {10.1108/03074800610677308},
	number = {7/8},
	urldate = {2021-10-22},
	journal = {New Library World},
	author = {Juznic, Primoz and Blazic, Maja and Mercun, Tanja and Plestenjak, Barbara and Majcenovic, Darko},
	month = jul,
	year = {2006},
	pages = {332--345},
}
@misc{kantar2018,
	title = {Esqueça os {Millennials}! {Quem} vai ditar tendências em 2018 são os {Seniores}},
	url = {https://www.kantarworldpanel.com/pt},
	urldate = {2019-03-01},
	journal = {Kantar World Painel},
	author = {{Kantar World Painel}},
	year = {2018},
}
@article{lambert-pandraud2010,
	title = {Why do {Older} {Consumers} {Buy} {Older} {Brands}? {The} {Role} of {Attachment} and {Declining} {Innovativeness}},
	volume = {74},
	shorttitle = {Why do {Older} {Consumers} {Buy} {Older} {Brands}?},
	url = {http://journals.sagepub.com/doi/10.1509/jmkg.74.5.104},
	doi = {10.1509/jmkg.74.5.104},
	number = {5},
	urldate = {2021-10-22},
	journal = {Journal of Marketing},
	author = {Lambert-Pandraud, Raphaëlle and Gilles, Laurent},
	month = sep,
	year = {2010},
	pages = {104--121},
}
@article{lee2015,
	title = {{PERSPECTIVE}: {Older} {Adults}' {Adoption} of {Technology}: {An} {Integrated} {Approach} to {Identifying} {Determinants} and {Barriers}: {Older} adults' adoption of technology},
	volume = {32},
	url = {https://onlinelibrary.wiley.com/doi/10.1111/jpim.12176},
	doi = {10.1111/jpim.12176},
	number = {5},
	urldate = {2021-10-22},
	journal = {Journal of Product Innovation Management},
	author = {Lee, Chaiwoo and Coughlin, Joseph F.},
	month = sep,
	year = {2015},
	pages = {747--759},
}
@article{leist2013,
	title = {Social {Media} {Use} of {Older} {Adults}: {A} {Mini}-{Review}},
	volume = {59},
	url = {https://www.karger.com/Article/FullText/346818},
	doi = {10.1159/000346818},
	number = {4},
	urldate = {2021-10-22},
	journal = {Gerontology},
	author = {Leist, Anja K.},
	year = {2013},
	pages = {378--384},
}
@article{lin2013,
	title = {Developing a {Social} {Media} {System} for the {Taiwanese} {Elderly} by {Participatory} {Design}},
	volume = {60},
	url = {https://www.jstage.jst.go.jp/article/jssdj/60/3/60_3_39/_article},
	doi = {10.11247/jssdj.60.3_39},
	number = {3},
	urldate = {2021-10-22},
	journal = {Bulletin of Japanese Society for the Science of Design},
	author = {Lin, Shih-Hsun and Chou, Wen Huei},
	year = {2013},
	pages = {39--48},
}
@article{lockenhoff2018,
	title = {Aging and {Decision}-{Making}: {A} {Conceptual} {Framework} for {Future} {Research} - {A} {Mini}-{Review}},
	volume = {64},
	url = {https://www.karger.com/Article/FullText/485247},
	doi = {10.1159/000485247},
	number = {2},
	urldate = {2021-10-22},
	journal = {Gerontology},
	author = {Löckenhoff, Corinna E.},
	year = {2018},
	pages = {140--148},
}
@article{mata2010,
	title = {When less is enough: {Cognitive} aging, information search, and decision quality in consumer choice.},
	volume = {25},
	url = {http://doi.apa.org/getdoi.cfm?doi=10.1037/a0017927},
	doi = {10.1037/a0017927},
	number = {2},
	urldate = {2021-10-22},
	journal = {Psychology and Aging},
	author = {Mata, Rui and Nunes, Ludmila},
	year = {2010},
	pages = {289--298},
}
@inproceedings{miranda2020,
	address = {Virtual Conference},
	title = {Age 2.0: motivations and brand engagement},
	copyright = {closedAccess},
	url = {https://repositorio.ipl.pt/handle/10400.21/12024},
	urldate = {2021-10-22},
	booktitle = {Proceeding of the 7th {European} {Conference} on {Social} {Media}},
	publisher = {Academic Conferences and Publishing International, UCLan},
	author = {Miranda, Sandra and Machado, Ana Teresa and Antunes, Ana Cristina and Gama, Ana},
	month = jul,
	year = {2020},
}
@article{morales2016,
	title = {Interacción de adultos mayores en redes sociales virtuales (facebook) y su relación con el bienestar subjetivo},
	volume = {9},
	url = {https://dialnet.unirioja.es/servlet/articulo?codigo=6124347},
	language = {spa},
	number = {2},
	urldate = {2021-10-22},
	journal = {Revista Iberoamericana de Psicología: Ciencia y Tecnología},
	author = {Morales, Juliet Carolina Castro and Aristizábal, Javier Alejandro Corredor},
	year = {2016},
	pages = {61--71},
}
@article{morgan1996,
	title = {Focus {Groups}},
	volume = {22},
	url = {https://www.annualreviews.org/doi/10.1146/annurev.soc.22.1.129},
	doi = {10.1146/annurev.soc.22.1.129},
	number = {1},
	urldate = {2021-10-22},
	journal = {Annual Review of Sociology},
	author = {Morgan, David L.},
	month = aug,
	year = {1996},
	pages = {129--152},
}
@article{neves2012,
	title = {Too {Old} {For} {Technology}? {How} {The} {Elderly} {Of} {Lisbon} {Use} {And} {Perceive} {ICT}},
	volume = {8},
	url = {https://openjournals.uwaterloo.ca/index.php/JoCI/article/view/3061},
	doi = {10.15353/joci.v8i1.3061},
	number = {1},
	urldate = {2021-10-22},
	journal = {The Journal of Community Informatics},
	author = {Neves, Bárbara Barbosa and Amaro, Fausto},
	month = mar,
	year = {2012},
}
@inproceedings{nguyen2013,
	address = {Paris, France},
	title = {Examining social media use among older adults},
	url = {http://dl.acm.org/citation.cfm?doid=2481492.2481509},
	doi = {10.1145/2481492.2481509},
	urldate = {2021-10-22},
	booktitle = {Proceedings of the 24th {ACM} {Conference} on {Hypertext} and {Social} {Media} - {HT} '13},
	publisher = {ACM Press},
	author = {Bell, Caroline and Fausset, Cara and Farmer, Sarah and Nguyen, Julie and Harley, Linda and Fain, W. Bradley},
	year = {2013},
	pages = {158--163},
}
@article{niemelanyrhinen2007,
	title = {Baby boom consumers and technology: shooting down stereotypes},
	volume = {24},
	url = {https://www.emerald.com/insight/content/doi/10.1108/07363760710773120/full/html},
	doi = {10.1108/07363760710773120},
	number = {5},
	urldate = {2021-10-22},
	journal = {Journal of Consumer Marketing},
	author = {Niemelä‐Nyrhinen, Jenni},
	month = aug,
	year = {2007},
	pages = {305--312},
}
@article{nimrod2012,
	title = {Online {Communities} {As} {A} {Resource} {In} {Older} {Adults}’ {Tourism}},
	volume = {8},
	url = {https://openjournals.uwaterloo.ca/index.php/JoCI/article/view/3062},
	doi = {10.15353/joci.v8i1.3062},
	number = {1},
	urldate = {2021-10-22},
	journal = {The Journal of Community Informatics},
	author = {Nimrod, Galit},
	month = jan,
	year = {2012},
}
@article{noble2003,
	title = {Cohort segmentation: {An} exploration of its validity},
	volume = {56},
	journal = {Journal of Business Research},
	author = {Noble, Stephanie M. and Schewe, Charles D.},
	year = {2003},
	pages = {979 -- 987},
}
@article{nunan2019,
	title = {Older {Consumers}, {Digital} {Marketing}, and {Public} {Policy}: {A} {Review} and {Research} {Agenda}},
	volume = {38},
	url = {http://journals.sagepub.com/doi/10.1177/0743915619858939},
	doi = {10.1177/0743915619858939},
	number = {4},
	urldate = {2021-10-22},
	journal = {Journal of Public Policy \& Marketing},
	author = {Nunan, Daniel and Di Domenico, MariaLaura},
	month = oct,
	year = {2019},
	pages = {469--483},
}
@misc{onu2021,
	title = {Ageing},
	url = {https://www.un.org/en/sections/issues-depth/ageing/},
	urldate = {2021-10-22},
	journal = {Organização das Nações Unidas},
	author = {{ONU}},
	year = {2021},
}
@book{paul2005,
	address = {Lisboa},
	title = {Envelhecer em {Portugal}: psicologia, saúde e prestação de cuidados},
	publisher = {Climepsi Editores},
	author = {Paúl, Constança and Fonseca, António M},
	year = {2005},
}
@misc{pew2019,
	title = {Social media fact sheet},
	url = {https://www.pewresearch.org/internet/fact-sheet/social-media/},
	urldate = {2021-10-22},
	author = {{Pew Research Centre}},
	year = {2019},
}
@misc{pinto2017,
	title = {Os seniores são os novos consumidores!},
	url = {https://www.distribuicaohoje.com/consumo/especial-os-seniores-sao-os-novos-consumidores/},
	urldate = {2021-10-22},
	journal = {Distribuição Hoje},
	author = {Pinto, Cláudia},
	year = {2017},
}
@article{ramirez-correa2019,
	title = {Motivaciones hedónicas para el uso de sitios de redes sociales por adultos mayores: un estudio exploratorio en {Chile}},
	number = {17},
	journal = {Revista Ibérica de Sistemas e Tecnologias de Informação},
	author = {Ramírez-Correa, Patricio E. and Painén-Aravena, Giselle and Alfaro-Pérez, Jorge and Mariano, Ari Melo},
	year = {2019},
	pages = {563--570},
}
@article{reams2016,
	title = {Twenty-first century advertising and the plight of the elderly consumer},
	volume = {325},
	url = {https://willamette.edu/law/resources/journals/review/pdf/volume-52/52-3-reams.pdf},
	urldate = {2021-10-22},
	journal = {Willamette},
	author = {Reams, Joshua C. P. },
	year = {2016},
}
@article{rebelo2015,
	title = {Utilização da {Internet} e do {Facebook} pelos mais velhos em {Portugal}: estudo exploratório},
	volume = {9},
	copyright = {Copyright (c) 2015 Observatorio (OBS*)},
	url = {http://obs.obercom.pt/index.php/obs/article/view/773},
	doi = {10.15847/obsOBS932015773},
	abstract = {gitais.},
	number = {3},
	urldate = {2021-10-22},
	journal = {Observatorio (OBS*)},
	author = {Rebelo, Catarina},
	month = sep,
	year = {2015},
	pages = {129--153},
}
@inproceedings{roxo2016,
	address = {São Paulo, SP},
	title = {Mulheres no {Facebook}: {Um} olhar sobre a sociabilidade e a exposição feminina em uma conversação em rede},
	url = {https://portalintercom.org.br/anais/nacional2016/resumos/R11-1410-1.pdf},
	urldate = {2021-10-22},
	booktitle = {{XXXIX} {Congresso} {Brasileiro} de {Ciências} da {Comunicação}},
	publisher = {Intercom – Sociedade Brasileira de Estudos Interdisciplinares da Comunicação},
	author = {Roxo, Luciana de Alcantara},
	year = {2016},
}
@misc{statista2020,
	title = {Share of internet users in the {United} {States} accessing selected social networks as of 3rd quarter 2020, by age group},
	url = {https://www.statista.com/statistics/378198/share-internet-users-accessing-social-network-by-age/},
	urldate = {2021-10-22},
	journal = {Statista},
	author = {{Statista}},
	year = {2020},
}
@book{taipale2019,
	address = {New York, NY},
	title = {Intergenerational connections in digital families},
	publisher = {Springer Berlin Heidelberg},
	author = {Taipale, S.},
	year = {2019},
}
@article{van_boekel2017,
	title = {Diversity in {Older} {Adults}’ {Use} of the {Internet}: {Identifying} {Subgroups} {Through} {Latent} {Class} {Analysis}},
	volume = {19},
	url = {http://www.jmir.org/2017/5/e180/},
	doi = {10.2196/jmir.6853},
	number = {5},
	urldate = {2021-10-22},
	journal = {Journal of Medical Internet Research},
	author = {van Boekel, Leonieke C. and Peek, Sebastiaan and Luijkx, Katrien G.},
	month = may,
	year = {2017},
	pages = {e180},
}
@article{van_deursen2014,
	title = {The digital divide shifts to differences in usage},
	volume = {16},
	url = {http://journals.sagepub.com/doi/10.1177/1461444813487959},
	doi = {10.1177/1461444813487959},
	number = {3},
	urldate = {2021-10-22},
	journal = {New Media \& Society},
	author = {van Deursen, Alexander and van Dijk, Jan},
	month = may,
	year = {2014},
	pages = {507--526},
}
@inproceedings{yang2016,
	address = {Koloa, HI, USA},
	title = {Adoption of {Social} {Media} and the {Quality} of {Life} of {Older} {Adults}},
	url = {http://ieeexplore.ieee.org/document/7427577/},
	doi = {10.1109/HICSS.2016.394},
	urldate = {2021-10-22},
	booktitle = {2016 49th {Hawaii} {International} {Conference} on {System} {Sciences} ({HICSS})},
	publisher = {IEEE},
	author = {Yang, Yun and Yuan, Yufei and Archer, Norm and Ryan, Ellen},
	month = jan,
	year = {2016},
	pages = {3133--3142},
}