
@misc{agencia_de_calidad_de_la_educacion_ace_estudio:_2020,
	title = {Estudio: {Prácticas} de alfabetización digital 2020},
	url = {http://archivos.agenciaeducacion.cl/Practicas_de_alfabetizacion_digital.pdf},
	urldate = {2022-08-25},
	publisher = {Santiago de Chile},
	author = {{Agencia de Calidad de la Educación (ACE)}},
	year = {2020},
}

@article{arancibia_herrera_percepcion_2018,
	title = {Percepción de los profesores sobre integración de {TIC} en las prácticas de enseñanza en relación a los marcos normativos para la profesión docente en {Chile}},
	volume = {26},
	url = {http://www.scielo.br/scielo.php?script=sci_arttext&pid=S0104-40362018000100163&lng=es&tlng=es},
	doi = {10.1590/s0104-40362017002501119},
	number = {98},
	urldate = {2022-08-25},
	journal = {Ensaio: Avaliação e Políticas Públicas em Educação},
	author = {Arancibia Herrera, M. and Cosimo Fernández, D. and Casanova Seguel, R.},
	month = mar,
	year = {2018},
	pages = {163--184},
}

@inproceedings{akarasriworn_mathematics_2010,
	title = {Mathematics {Faculty} {Members}’ {Roles}, {Skills}, and {Teaching} {Experiences} in a {Hybrid} {Environment}},
	url = {https://www.learntechlib.org/primary/p/33346/},
	urldate = {2022-08-25},
	publisher = {Association for the Advancement of Computing in Education (AACE)},
	author = {Akarasriworn, C. and Ku, H. Y.},
	month = mar,
	year = {2010},
	pages = {258--263},
}

@article{anderete_schwal_confinamiento_2022,
	title = {El confinamiento y la vuelta a clases en {Argentina}: relatos de docentes sobre la desigualdad en pandemia},
	volume = {15},
	url = {https://periodicos.ufmg.br/index.php/textolivre/article/view/38009},
	doi = {10.35699/1983-3652.2022.38009},
	urldate = {2022-08-25},
	journal = {Texto Livre},
	author = {Anderete Schwal, M.},
	month = mar,
	year = {2022},
	pages = {e38009},
}

@article{anderete_schwal_pandemia_2021,
	title = {La pandemia y el año que enseñamos por {WhatsApp}: el recurso tecnológico más utilizado en las secundarias pobres de {Bahía} {Blanca} durante el 2020},
	volume = {1},
	url = {https://revistacseducacion.unr.edu.ar/index.php/educacion/article/view/687},
	doi = {10.35305/rece.v1i17.687},
	number = {17},
	urldate = {2022-08-25},
	journal = {Revista de la Escuela de Ciencias de la Educación},
	author = {Anderete Schwal, M.},
	month = dec,
	year = {2021},
}

@article{herrera_percepcion_2018,
	title = {Percepción de los profesores sobre integración de {TIC} en las prácticas de enseñanza en relación a los marcos normativos para la profesión docente en {Chile}},
	volume = {26},
	url = {http://www.scielo.br/scielo.php?script=sci_arttext&pid=S0104-40362018000100163&lng=es&tlng=es},
	doi = {10.1590/s0104-40362017002501119},
	number = {98},
	urldate = {2022-08-25},
	journal = {Ensaio: Avaliação e Políticas Públicas em Educação},
	author = {Herrera, M. A. and Fernández, D. C. and Seguel, R. C.},
	month = mar,
	year = {2018},
	pages = {163--184},
}

@phdthesis{arevalo_duarte_competencias_2016,
	title = {Competencias {TIC} de los docentes de matemáticas en el marco del modelo {TPACK}. {Una} perspectiva para el desarrollo de buenas prácticas pedagógicas},
	url = {http://hdl.handle.net/10366/132898},
	urldate = {2022-08-25},
	school = {Universidad de Salamanca},
	author = {Arévalo Duarte, M. A.},
	year = {2016},
	doi = {10.14201/gredos.132898},
}

@article{bakar_mathematics_2020,
	title = {Mathematics {Teacher}'s {Self}-{Efficacy} of {Technology} {Integration} and {Technological} {Pedagogical} {Content} {Knowledge}},
	volume = {11},
	url = {https://eric.ed.gov/?id=EJ1252007},
	number = {2},
	urldate = {2022-08-25},
	journal = {Journal on Mathematics Education},
	author = {Bakar, N. S. A. and Maat, S. M. and Rosli, R.},
	month = may,
	year = {2020},
	keywords = {Mathematics Teachers, Self Efficacy, Technology Integration, Pedagogical Content Knowledge, Gender Differences, Teaching Experience, Secondary School Teachers, Foreign Countries, Knowledge Level},
	pages = {259--276},
}

@book{cabero_formacion_2014,
	address = {Sevilla},
	title = {La formación del profesorado en {TIC}: {Modelo} {TPACK} ({Conocimiento} {Tecnológico}, {Pedagógico} y de {Contenido})},
	copyright = {Attribution-NonCommercial-NoDerivatives 4.0 Internacional},
	url = {https://idus.us.es/handle/11441/45755},
	urldate = {2022-08-25},
	publisher = {Secretariado de Recursos Audiovisuales y Nuevas Tecnologías de la Universidad de Sevilla},
	editor = {Cabero, J.},
	year = {2014},
}

@article{cabero_ict_2016,
	title = {{ICT} teacher training: a view of the {TPACK} model / \textit{{Formación} del profesorado en {TIC}: una visión del modelo {TPACK}}},
	volume = {28},
	url = {https://www.tandfonline.com/doi/full/10.1080/11356405.2016.1203526},
	doi = {10.1080/11356405.2016.1203526},
	number = {3},
	urldate = {2022-08-25},
	journal = {Cultura y Educación},
	author = {Cabero, J. and Barroso, J.},
	month = jul,
	year = {2016},
	pages = {633--663},
}

@article{almenara_miradas_2014,
	title = {Miradas sobre la formación del profesorado en tecnologías de información y comunicación ({TIC})},
	volume = {11},
	url = {https://dialnet.unirioja.es/servlet/articulo?codigo=5101939},
	number = {2},
	urldate = {2022-08-25},
	journal = {Enl@ce: revista Venezolana de Información, Tecnología y Conocimiento},
	author = {Almenara, J. C. and Díaz, V. M.},
	year = {2014},
	pages = {3},
}

@incollection{canales_politica_2017,
	address = {Buenos Aires},
	title = {Política de informática educativa en {Chile}: uso, apropiación y desafíos a nivel investigativo},
	url = {https://rcanales.files.wordpress.com/2017/10/contribuciones-al-estudio-de-procesos-de-apropiacic3b3n-de-tecnologc3adas-cabello-y-lc3b3pez-eds.pdf},
	urldate = {2022-08-25},
	booktitle = {Contribuciones al estudio de procesos de apropiación de tecnologías},
	publisher = {Ediciones del Gato Gris},
	author = {Canales, R. and Hain, A.},
	editor = {Cabello, R. and López, A.},
	year = {2017},
	pages = {131--143},
}

@article{castera_self-reported_2020,
	title = {Self-reported {TPACK} of teacher educators across six countries in {Asia} and {Europe}},
	volume = {25},
	url = {http://link.springer.com/10.1007/s10639-020-10106-6},
	doi = {10.1007/s10639-020-10106-6},
	number = {4},
	urldate = {2022-08-25},
	journal = {Education and Information Technologies},
	author = {Castéra, J. and Marre, C. C. and Yok, M. C. K. and Sherab, K. and Impedovo, M. A. and Sarapuu, T. and Pedregosa, A. D. and Malik, S. K. and Armand, H.},
	month = jul,
	year = {2020},
	pages = {3003--3019},
}

@article{cejas_leon_competencias_2016,
	title = {Las competencias del profesorado universitario desde el modelo {TPACK} (conocimiento tecnológico y pedagógico del contenido)},
	url = {https://acdc.sav.us.es/ojs/index.php/pixelbit/article/view/352/787},
	doi = {10.12795/pixelbit.2016.i49.07},
	number = {49},
	urldate = {2022-08-25},
	journal = {Píxel-Bit, Revista de Medios y Educación},
	author = {Cejas León, R. and Navío Gámez, A. and Barroso Osuna, J.},
	year = {2016},
	pages = {105--119},
}

@article{chai_validating_2013,
	title = {Validating and modelling technological pedagogical content knowledge framework among {Asian} preservice teachers},
	volume = {29},
	url = {http://ajet.org.au/index.php/AJET/article/view/174},
	doi = {10.14742/ajet.174},
	number = {1},
	urldate = {2022-08-25},
	journal = {Australasian Journal of Educational Technology},
	author = {Chai, C. S. and Ng, E. M. W. and Li, W. and Hong, H. Y. and Koh, J. H. L.},
	month = feb,
	year = {2013},
}

@article{de_lucia_castillo_nubes_2016,
	title = {Nubes de palabras animadas para la visualización de información textual de {Publicaciones} {Académicas}},
	copyright = {info:eu-repo/semantics/openAccess},
	url = {http://repositorio.uigv.edu.pe/handle/20.500.11818/615},
	urldate = {2022-08-25},
	journal = {Universidad Inca Garcilaso de la Vega},
	author = {De Lucia Castillo, F. and Saibel Santos, C. A.},
	month = sep,
	year = {2016},
}

@article{del_moral_perez_formacion_2010,
	title = {Formación del profesor 2.0: desarrollo de competencias tecnológicas para la escuela 2.0},
	url = {https://dialnet.unirioja.es/servlet/articulo?codigo=3403432},
	number = {23},
	urldate = {2022-08-25},
	journal = {Magister: Revista miscelánea de investigación},
	author = {Del Moral Pérez, M. E. and Villalustre Martínez, L.},
	year = {2010},
	pages = {59--69},
}

@article{dussel_escuela_2020,
	title = {La escuela en la pandemia. {Reflexiones} sobre lo escolar en tiempos dislocados},
	volume = {15},
	url = {https://revistas2.uepg.br/index.php/praxiseducativa/article/view/16482},
	doi = {10.5212/PraxEduc.v.15.16482.090},
	urldate = {2022-08-25},
	journal = {Praxis Educativa},
	author = {Dussel, I.},
	year = {2020},
	pages = {1--16},
}

@article{fernandez-chavez_early_2022,
	title = {Early childhood educators’ perception of their technological pedagogical content knowledge ({TPACK}) when integrating information and communication technologies in times of {COVID}-19},
	volume = {33},
	url = {http://www.scielo.cl/scielo.php?script=sci_abstract&pid=S0718-07642022000300239&lng=en&nrm=iso&tlng=en},
	doi = {10.4067/S0718-07642022000300239},
	number = {3},
	urldate = {2022-08-25},
	journal = {Información tecnológica},
	author = {Fernández-Chávez, C. Del C. and Domínguez, P. T. and Salcedo-Lagos, P. A. and Rivera-Robles, S. B. and Fernández-Chávez, C. Del C. and Domínguez, P. T. and Salcedo-Lagos, P. A. and Rivera-Robles, S. B.},
	month = jun,
	year = {2022},
	pages = {239--248},
}

@article{gamboa_existen_2016,
	title = {¿{Existen} diferencias en {América} {Latina} en el aporte de la educación preescolar al logro educativo futuro?: {PISA} 2009-2012},
	volume = {118},
	url = {https://www.cepal.org/es/publicaciones/40031-existen-diferencias-america-latina-aporte-la-educacion-preescolar-al-logro},
	urldate = {2022-08-25},
	journal = {Revista Cepal},
	author = {Gamboa, L. and Krüger, N.},
	month = apr,
	year = {2016},
	pages = {85--100},
}

@article{cozar_gutierrez_creando_2015,
	title = {Creando contenidos curriculares digitales de {Ciencias} {Sociales} para {Educación} {Primaria}. {Una} experiencia {TPACK} para futuros docentes},
	volume = {33},
	url = {http://revistas.um.es/educatio/article/view/240921},
	doi = {10.6018/j/240921},
	number = {3},
	urldate = {2022-08-25},
	journal = {Educatio Siglo XXI},
	author = {Cózar Gutiérrez, R. and Zagalaz, J. and Sáez López, J. M.},
	month = nov,
	year = {2015},
	pages = {147},
}

@article{hernandez_nuevas_2018,
	title = {Nuevas formas de aprender: {La} formación docente frente al uso de las {TIC}},
	volume = {6},
	copyright = {Derechos de autor 2018 Propósitos y Representaciones},
	url = {https://revistas.usil.edu.pe/index.php/pyr/article/view/248},
	doi = {10.20511/pyr2018.v6n2.248},
	number = {2},
	urldate = {2022-08-25},
	journal = {Propósitos y Representaciones},
	author = {Hernández, R. M. and Cumpa, R. O. and Rodríguez, S. Q.},
	month = oct,
	year = {2018},
	keywords = {Formación docente, TIC, aprendizaje, conocimiento pedagógico},
	pages = {671--701},
}

@article{ibieta_role_2017,
	title = {The role of the {Internet} in teachers’ professional practice: activities and factors associated with teacher use of {ICT} inside and outside the classroom},
	volume = {26},
	url = {https://www.tandfonline.com/doi/full/10.1080/1475939X.2017.1296489},
	doi = {10.1080/1475939X.2017.1296489},
	number = {4},
	urldate = {2022-08-25},
	journal = {Technology, Pedagogy and Education},
	author = {Ibieta, A. and Hinostroza, J. E. and Labbé, C. and Claro, M.},
	month = aug,
	year = {2017},
	pages = {425--438},
}

@misc{agencia_de_calidad_de_la_education_ace_estudio_2018,
	title = {Estudio {Internacional} de {Alfabetización} {Computacional} y {Manejo} de la {Información}},
	url = {http://archivos.agenciaeducacion.cl/PRESENTACION_ICILS.pdf},
	urldate = {2022-08-25},
	publisher = {ICILS 2018},
	author = {{Agencia de Calidad de la Educación (ACE)}},
	year = {2018},
}

@article{khine_exploring_2017,
	title = {Exploring relationships among {TPACK} constructs and {ICT} achievement among trainee teachers},
	volume = {22},
	url = {http://link.springer.com/10.1007/s10639-016-9507-8},
	doi = {10.1007/s10639-016-9507-8},
	number = {4},
	urldate = {2022-08-25},
	journal = {Education and Information Technologies},
	author = {Khine, M. S. and Ali, N. and Afari, E.},
	month = jul,
	year = {2017},
	pages = {1605--1621},
}

@article{ladron-de-guevara_moreno_conocimiento_2019,
	title = {El conocimiento tecnológico, pedagógico y disciplinar del profesorado universitario de {Educación} {Física} ({Technological}, pedagogical and content knowledge in faculty professors of {Physical} {Education})},
	volume = {36},
	copyright = {Derechos de autor},
	url = {https://recyt.fecyt.es/index.php/retos/article/view/68898},
	doi = {10.47197/retos.v36i36.68898},
	urldate = {2022-08-25},
	journal = {Retos},
	author = {Ladrón-de-Guevara Moreno, L. and Cabero-Almenara, J. and Almagro Torres, B.},
	month = jul,
	year = {2019},
	keywords = {profesores universitarios},
	pages = {362--369},
}

@article{mcnaught_using_2010,
	title = {Using {Wordle} as a {Supplementary} {Research} {Tool}},
	volume = {15},
	url = {https://eric.ed.gov/?id=EJ887905},
	number = {3},
	urldate = {2022-08-25},
	journal = {Qualitative Report},
	author = {McNaught, C. and Lam, P.},
	month = may,
	year = {2010},
	keywords = {Word Frequency, Visual Aids, Internet, Focus Groups, Transcripts (Written Records), Content Analysis, Research Tools, Printed Materials, Visualization},
	pages = {630--643},
}

@misc{ministerio_de_educacion_mineduc_docentes_2016,
	title = {Docentes en {Chile}: {Conocimiento} y uso de las {TIC} 2014},
	url = {https://centroestudios.mineduc.cl/wp-content/uploads/sites/100/2017/06/EVIDENCIAS_32.pdf},
	urldate = {2022-08-25},
	publisher = {Santiago de Chile: MINEDUC},
	author = {{Ministerio de Educación (MINEDUC)}},
	year = {2016},
}

@misc{ministerio_de_educacion_mineduc_orientaciones_2017,
	title = {Orientaciones {Sobre} estrategias diversificadas de enseñanza para educación {Básica}, en el marco del decreto 83/2015},
	url = {https://especial.mineduc.cl/wp-content/uploads/sites/31/2017/05/ORIENTACIONES_D83_Web_05-2017.pdf},
	urldate = {2022-08-25},
	publisher = {Santiago de Chile: MINEDUC},
	author = {{Ministerio de Educación (MINEDUC)}},
	year = {2017},
}

@article{mishra_technological_2006,
	title = {Technological {Pedagogical} {Content} {Knowledge}: {A} {Framework} for {Teacher} {Knowledge}},
	volume = {108},
	url = {http://journals.sagepub.com/doi/10.1111/j.1467-9620.2006.00684.x},
	doi = {10.1111/j.1467-9620.2006.00684.x},
	number = {6},
	urldate = {2022-08-25},
	journal = {Teachers College Record: The Voice of Scholarship in Education},
	author = {Mishra, P. and Koehler, M. J.},
	month = jun,
	year = {2006},
	pages = {1017--1054},
}

@inproceedings{mishra_technological_2007,
	title = {Technological {Pedagogical} {Content} {Knowledge} ({TPCK}): {Confronting} the {Wicked} {Problems} of {Teaching} with {Technology}},
	url = {https://www.learntechlib.org/primary/p/24919/},
	urldate = {2022-08-25},
	publisher = {Association for the Advancement of Computing in Education (AACE)},
	author = {Mishra, P. and Koehler, M. J.},
	month = mar,
	year = {2007},
	pages = {2214--2226},
}

@article{quiroz_reyes_pandemia_2020,
	title = {Pandemia {Covid}-19 e {Inequidad} {Territorial}: {El} {Agravamiento} de las {Desigualdades} {Educativas} en {Chile}},
	volume = {9},
	copyright = {Derechos de autor 2020 Revista Internacional de Educación para la Justicia Social},
	url = {https://revistas.uam.es/riejs/article/view/12143},
	number = {3},
	urldate = {2022-08-25},
	journal = {Revista Internacional de Educación para la Justicia Social},
	author = {Quiroz Reyes, C.},
	month = may,
	year = {2020},
	keywords = {Educación, Justicia social, Igualdad, Eficacia Escolar, Cambio educativo, Education, Social justice, Equality, Scholar efficiency, Educational change},
}

@article{rios_ariza_valoracion_2018,
	title = {Valoración de competencias {TIC} del profesorado universitario: un caso en {Chile}},
	url = {https://recyt.fecyt.es/index.php/pixel/article/view/62484},
	doi = {10.12795/pixelbit.2018.i52.04},
	number = {52},
	urldate = {2022-08-25},
	journal = {Pixel-Bit, Revista de Medios y Educación},
	author = {Ríos Ariza, J. M. and Gómez Barajas, E. R. and Rojas Polanco, M. P.},
	month = jan,
	year = {2018},
	pages = {55--65},
}

@article{rocha_estrada_docentes_2022,
	title = {Docentes universitarios frente al confinamiento académico: un análisis exploratorio},
	volume = {15},
	url = {https://periodicos.ufmg.br/index.php/textolivre/article/view/38234},
	doi = {10.35699/1983-3652.2022.38234},
	urldate = {2022-08-25},
	journal = {Texto Livre},
	author = {Rocha Estrada, F. J. and Rincón Flores, E. G.},
	month = may,
	year = {2022},
	pages = {e38234},
}

@article{salcedo-lagos_teachers_2021,
	title = {Teachers’ {Perceptions} {Analysis} on {Students}’ {Emotions} in {Virtual} {Classes} during {COVID19} {Pandemic}: {A} {Lexical} {Availability} {Approach}},
	volume = {13},
	shorttitle = {Classes during {COVID19} {Pandemic}},
	url = {https://www.mdpi.com/2071-1050/13/11/6413},
	doi = {10.3390/su13116413},
	number = {11},
	urldate = {2022-08-25},
	journal = {Sustainability},
	author = {Salcedo-Lagos, P. and Morales-Candia, S. and Fuentes-Riffo, Karina and Rivera-Robles, S. and Sanhueza-Campos, C.},
	month = jun,
	year = {2021},
	pages = {6413},
}

@article{sampaio_ensinar_2013,
	title = {Ensinar com tecnologia, pedagogia e conteúdo},
	volume = {5},
	copyright = {Direitos autorais},
	url = {https://periodicosunimes.unimesvirtual.com.br/index.php/paideia/article/view/304},
	number = {8},
	urldate = {2022-08-25},
	journal = {Revista Paidéi@ - Revista Científica de Educação a Distância},
	author = {Sampaio, P. A. da S. R. and Coutinho, C. P.},
	month = aug,
	year = {2013},
	keywords = {TPACK, tecnologia, pedagogia, conteúdo},
}

@inproceedings{sanchez_integracion_2002,
	title = {Integración {Curricular} de las {TICs}: {Conceptos} e ideas},
	url = {https://dialnet.unirioja.es/servlet/articulo?codigo=1234770},
	urldate = {2022-08-25},
	booktitle = {6 {Congreso} {Iberoamericano}, 4 {Simposio} {Internacional} de {Informática} {Educativa}, 7 {Taller} {Internacional} de {Software} {Educativo} [{Archivo} de ordenador] : {IE}-2002 : {Vigo}, 20, 21, 22 de {Noviembre} de 2002, 2002, {ISBN} 84-8158-227-1},
	publisher = {Servizo de Publicacións},
	author = {Sánchez, J.},
	year = {2002},
	pages = {119},
}

@article{santi_teachers_2020,
	title = {Teachers’ {Perceived} {Self}-{Efficacy} {Concerning} the {Use} of {Mobile} {Technology} in {Education}, {Considering} the “{Working} from {Home}” {Format}},
	volume = {12},
	url = {https://lumenpublishing.com/journals/index.php/rrem/article/view/2808},
	doi = {10.18662/rrem/12.1sup2/259},
	number = {1Sup2},
	urldate = {2022-08-25},
	journal = {Revista Romaneasca pentru Educatie Multidimensionala},
	author = {Santi, E. A. and Gorghiu, G. and Pribeanu, C.},
	month = jun,
	year = {2020},
	pages = {157--166},
}

@article{schmidt_technological_2009,
	title = {Technological {Pedagogical} {Content} {Knowledge} ({TPACK}): {The} {Development} and {Validation} of an {Assessment} {Instrument} for {Preservice} {Teachers}},
	volume = {42},
	url = {http://www.tandfonline.com/doi/abs/10.1080/15391523.2009.10782544},
	doi = {10.1080/15391523.2009.10782544},
	number = {2},
	urldate = {2022-08-25},
	journal = {Journal of Research on Technology in Education},
	author = {Schmidt, D. A. and Baran, Evrim and Thompson, A. D. and Mishra, P. and Koehler, M. J. and Shin, T. S.},
	month = dec,
	year = {2009},
	pages = {123--149},
}

@book{senge_quinta_1996,
	address = {BCN},
	edition = {Illustrated edição},
	title = {La {Quinta} {Disciplina}: {El} {Arte} y la {Practica} de la {Organizacion} {Abierta} al {Aprendizaje}: {El} {Arte} y la {Práctica} de la {Organización} {Abierta} al {Aprendizaje}},
	publisher = {Ediciones Granica, S.A.},
	author = {Senge, P. M.},
	year = {1996},
}

@article{shulman_those_1986,
	title = {Those {Who} {Understand}: {Knowledge} {Growth} in {Teaching}},
	volume = {15},
	url = {http://journals.sagepub.com/doi/10.3102/0013189X015002004},
	doi = {10.3102/0013189X015002004},
	number = {2},
	urldate = {2022-08-25},
	journal = {Educational Researcher},
	author = {Shulman, L.},
	month = feb,
	year = {1986},
	pages = {4--14},
}

@article{shulman_knowledge_1987,
	title = {Knowledge and {Teaching}:{Foundations} of the {New} {Reform}},
	volume = {57},
	shorttitle = {Knowledge and {Teachin}},
	url = {https://meridian.allenpress.com/her/article/57/1/1/31319/Knowledge-and-TeachingFoundations-of-the-New},
	doi = {10.17763/haer.57.1.j463w79r56455411},
	number = {1},
	urldate = {2022-08-25},
	journal = {Harvard Educational Review},
	author = {Shulman, L.},
	month = apr,
	year = {1987},
	pages = {1--23},
}

@article{silva_teachers_2019,
	title = {Teacher’s digital competence among final year {Pedagogy} students in {Chile} and {Uruguay}},
	volume = {27},
	url = {https://www.revistacomunicar.com/index.php?contenido=detalles&numero=61&articulo=61-2019-03},
	doi = {10.3916/C61-2019-03},
	number = {61},
	urldate = {2022-08-25},
	journal = {Comunicar},
	author = {Silva, J. and Usart, M. and Lázaro-Cantabrana, J. L.},
	month = oct,
	year = {2019},
	pages = {33--43},
}

@article{suarez_rodriguez_competencias_2013,
	title = {Las {Competencias} {Del} {Profesorado} {En} {Tic}: {Estructura} {Básica}},
	volume = {16},
	url = {https://www.redalyc.org/articulo.oa?id=70625886003},
	number = {1},
	urldate = {2022-08-25},
	journal = {Educación XX1},
	author = {Suárez Rodríguez, J. M.  and Almerich, G. and Gargallo, L. and Aliaga, F. M.},
	year = {2013},
	keywords = {Tecnologías de la información y de la comunicación, profesorado, competencias
tecnológicas, competencias pedagógicas, educación primaria, educación
secundaria, Information and Communication Technologies, Teachers, Technological
competences, Pedagogical competences, elementary school, secondary
school},
	pages = {39--61},
}

@article{tapia_silva_conocimiento_2019,
	title = {Conocimiento tecnológico didáctico y del contenido de profesores chilenos},
	volume = {8},
	copyright = {Copyright (c) 2019 Campus Virtuales},
	url = {http://uajournals.com/ojs/index.php/campusvirtuales/article/view/428},
	number = {1},
	urldate = {2022-08-25},
	journal = {Campus Virtuales},
	author = {Tapia Silva, H. and Morrás, A. S.},
	month = mar,
	year = {2019},
	pages = {121--138},
}

@article{thompson_editors_2007,
	title = {Editors' {Remarks}},
	volume = {24},
	url = {https://www.tandfonline.com/doi/abs/10.1080/10402454.2007.10784583},
	doi = {10.1080/10402454.2007.10784583},
	number = {2},
	urldate = {2022-08-25},
	journal = {Journal of Computing in Teacher Education},
	author = {Thompson, A. D. and Mishra, P.},
	month = dec,
	year = {2007},
	pages = {38--64},
}

@misc{tomaselli_pobreza_2014,
	title = {Pobreza, {Vulnerabilidad} y {Oportunidades} en los {Territorios} {Funcionales} chilenos (1992–2002)},
	url = {https://rimisp.org/wp-content/files_mf/1431440335132PobrezaVulnerabilidadyOportunidadesenlosTerritoriosFuncionaleschilenos1992%e2%80%932002_editado.pdf},
	urldate = {2022-08-25},
	publisher = {Documento de Trabajo RIMISP},
	author = {Tomaselli, A.},
	year = {2014},
}

@misc{unidad_de_curriculum_y_evaluacion_uce_fundamentacion_2020a,
	title = {Fundamentación {Priorización} {Curricular} {Covid}-19},
	url = {https://curriculumnacional.mineduc.cl/614/articles-179650_archivo_01.pdf},
	urldate = {2022-08-25},
	author = {{Unidad de Currículum y Evaluación (UCE)}},
	year = {2020},
}

@misc{unidad_de_curriculum_y_evaluacion_uce_priorizacion_2020b,
	title = {Priorización {Curricular} {Covid}-19, {Matemática}},
	url = {https://www.curriculumnacional.cl/614/articles-177735_archivo_01.pdf},
	urldate = {2022-08-25},
	author = {{Unidad de Currículum y Evaluación (UCE)}},
	year = {2020},
}

@misc{unidad_de_curriculum_y_evaluacion_uce_priorizacion_2020c,
	title = {Priorización {Curricular} {Covid}-19, {Lenguaje}},
	url = {https://www.curriculumnacional.cl/614/articles-177739_archivo_01.pdf},
	urldate = {2022-08-25},
	author = {{Unidad de Currículum y Evaluación (UCE)}},
	year = {2020},
}

@misc{unidad_de_curriculum_y_evaluacion_uce_priorizacion_2020d,
	title = {Priorización {Curricular} {Covid}-19, {Ciencias} {Naturales}},
	url = {https://www.curriculumnacional.cl/614/articles-177729_archivo_01.pdf},
	urldate = {2022-08-25},
	author = {{Unidad de Currículum y Evaluación (UCE)}},
	year = {2020},
}

@misc{unidad_de_curriculum_y_evaluacion_uce_priorizacion_2020e,
	title = {Priorización {Curricular} {Covid}-19, {Historia}},
	url = {https://www.curriculumnacional.cl/614/articles-177712_archivo_01.pdf},
	urldate = {2022-08-25},
	author = {{Unidad de Currículum y Evaluación (UCE)}},
	year = {2020},
}

@misc{unesco_impacto_2020,
	title = {Impacto {COVID}-19 en la educación},
	url = {https://es.unesco.org/covid19/educationresponse},
	urldate = {2022-08-25},
	author = {{UNESCO}},
	year = {2020},
}

@misc{unesco_uso_2013,
	title = {Uso de {TIC} en {Educación} en {América} {Latina} y el {Caribe}},
	url = {https://unesdoc.unesco.org/ark:/48223/pf0000219369},
	urldate = {2022-08-25},
	publisher = {Quebec: UNESCO},
	author = {{UNESCO}},
	year = {2013},
}

@misc{unesco_padroes_2009,
	title = {Padrões de competência em {TIC} para professores – {Módulos} de padrão de competência},
	url = {https://unesdoc.unesco.org/ark:/48223/pf0000156207_por},
	urldate = {2022-08-25},
	publisher = {Paris: UNESCO},
	author = {{UNESCO}},
	year = {2009},
}

@article{valenzuela_castellanos_cambios_2018,
	title = {Cambios en el concepto aprendizaje de estudiantes de pedagogía: análisis de disponibilidad léxica y grafos},
	url = {http://www.scielo.cl/scielo.php?script=sci_arttext&pid=S0071-17132018000100143&lng=en&nrm=iso&tlng=en},
	doi = {10.4067/S0071-17132018000100143},
	number = {61},
	urldate = {2022-08-25},
	journal = {Estudios filológicos},
	author = {Valenzuela Castellanos, M. F. and Pérez Villalobos, M. V. and Bustos, C. and Salcedo Lagos, P.},
	month = jun,
	year = {2018},
	pages = {143--173},
}

@article{viegas_timelinestag_2008,
	title = {{TIMELINESTag} clouds and the case for vernacular visualization},
	volume = {15},
	url = {https://dl.acm.org/doi/10.1145/1374489.1374501},
	doi = {10.1145/1374489.1374501},
	number = {4},
	urldate = {2022-08-25},
	journal = {Interactions},
	author = {Viégas, F. B. and Wattenberg, M.},
	month = jul,
	year = {2008},
	pages = {49--52},
}

@article{voogt_technological_2013,
	title = {Technological pedagogical content knowledge - a review of the literature: {Technological} pedagogical content},
	volume = {29},
	url = {https://onlinelibrary.wiley.com/doi/10.1111/j.1365-2729.2012.00487.x},
	doi = {10.1111/j.1365-2729.2012.00487.x},
	number = {2},
	urldate = {2022-08-25},
	journal = {Journal of Computer Assisted Learning},
	author = {Voogt, J. and Fisser, P. and Pareja Roblin, N. and Tondeur, J. and van Braak, J.},
	month = apr,
	year = {2012},
	pages = {109--121},
}