
@article{vizibeli_contrastes_2016,
	title = {Contrastes entre a crítica literária especializada e amadora: os booktubers e os discursos sobre o livro e a leitura},
	volume = {9},
	copyright = {Copyright (c) 2016 Texto Livre: Linguagem e Tecnologia},
	issn = {1983-3652},
	shorttitle = {Contrastes entre a crítica literária especializada e amadora},
	url = {https://periodicos.ufmg.br/index.php/textolivre/article/view/16723},
	doi = {10.17851/1983-3652.9.2.1-12},
	number = {2},
	urldate = {2024-03-19},
	journal = {Texto Livre},
	author = {Vizibeli, Danilo},
	month = dec,
	year = {2016},
	keywords = {discurso, leitura, livros, crítica},
	pages = {1--12},
}

@book{lajolo_literatura_2017,
	address = {Curitiba},
	title = {Literatura infantil brasileira: uma nova outra história},
	publisher = {PUCPR},
	author = {Lajolo, Marisa and Zilberman, Regina},
	year = {2017},
}

@book{debord_sociedade_1997,
	address = {Rio de Janeiro},
	title = {A sociedade do espetáculo},
	publisher = {Contraponto},
	author = {Debord, Guy},
	year = {1997},
}

@book{subirats_cultura_1989,
	address = {São Paulo},
	title = {A cultura como espetáculo},
	publisher = {Nobel},
	author = {Subirats, Eduardo},
	year = {1989},
}

@inproceedings{aguiar2017critica,
	author    = {Aguiar, Christiano},
	title     = {A crítica literária na internet: literatura contemporânea brasileira e valores literários nas críticas de booktubers},
	booktitle = {Anais do XV Congresso Internacional da ABRALIC – Associação Brasileira de Literatura Comparada},
	address   = {Universidade do Estado do Rio de Janeiro},
	year      = {2017},
	location  = {Rio de Janeiro}
}

@inproceedings{costa2018booktubers,
	author    = {Costa, Andressa Souza and Sampaio, Inês Silvia Vitorino},
	title     = {Booktubers e construções narrativas no YouTube},
	booktitle = {XI Simpósio Nacional da ABCiber– Associação Brasileira de Pesquisadores em Cibercultura},
	address   = {Juiz de Fora},
	year      = {2018},
	publisher  = {Universidade Federal de Juiz de Fora}
}

@book{chartier1999ordem,
	author      = {Chartier, Roger},
	title       = {A ordem dos livros: leitores, autores e bibliotecas na Europa entre os séculos XIV e XVIII},
	translator  = {del Priore, Mary},
	year        = {1999},
	address     = {Brasília},
	publisher   = {Ed. da UnB}
}

@book{chartier1998aventura,
	author      = {Chartier, Roger},
	title       = {A aventura do livro: do leitor ao navegador: conversações com Jean Lebrun},
	translator  = {Corrêa de Moraes, Reginaldo Carmello},
	year        = {1998},
	address     = {São Paulo},
	publisher   = {Imprensa Oficial do Estado de São Paulo, Editora da UNESP}
}

@article{chartier2019lersem,
	author      = {Chartier, Roger},
	title       = {Ler sem livros},
	journal     = {Linguasagem},
	volume      = {32},
	number      = {Número temático},
	year        = {2019},
	month       = {12},
	pages       = {6-17},
	address     = {São Carlos}
}
@article{fialho2023booktubers,
	author    = {Fialho, Lia Machado Fiuza and Neves, Vanusa Nascimento Sabino},
	title     = {Booktubers brasileiros: canais literários de incentivo à leitura},
	journal   = {Texto Livre},
	volume    = {16},
	pages    = {e.39079},
	year      = {2023},
	url       = {https://periodicos.ufmg.br/index.php/textolivre/article/view/39079/31759},
	urldate   = {2023-10-05},
	address   = {Belo Horizonte}
}

@book{foucault2014historia,
	author    = {Foucault, Michel},
	title     = {História da Sexualidade 3: o cuidado de si},
	translator = {Albuquerque, Maria Thereza da Costa},
	year      = {2014},
	address   = {São Paulo},
	publisher = {Paz e Terra}
}

@book{foucault2010ordem,
	author    = {Foucault, Michel},
	title     = {A ordem do discurso: aula inagural no Collège de France, pronunciada em 2 de dezembro de 1970},
	translator = {Sampaio, Laura Fraga de Almeida},
	edition   = {20},
	year      = {2010},
	address   = {São Paulo},
	publisher = {Edições Loyola}
}

@book{foucault2009arqueologia,
	author    = {Foucault, Michel},
	title     = {A arqueologia do saber},
	translator = {Neves, Luiz Felipe Baeta},
	edition   = {7},
	year      = {2009},
	address   = {Rio de Janeiro},
	publisher = {Forense Universitária}
	
}

@incollection{foucault2006escrita,
	author       = {Foucault, Michel},
	title        = {A escrita de si},
	booktitle    = {O que é um autor?},
editor={Foucault, Michel},
	translator   = {Cascais, António Fernando and Cordeiro, Eduardo},
	edition      = {6},
	year         = {2006},
	address      = {Lisboa},
	publisher    = {Nova Vega}
}


@incollection{galinari2005autorialidade,
	author    = {Galinari, Melliandro Mendes},
	title     = {A autorialidade do discurso literário},
	booktitle = {Análise do discurso \& Literatura},
	editor    = {Mello, Renato de},
	year      = {2005},
	address   = {Belo Horizonte},
	publisher = {Núcleo de Análise do Discurso, Programa de Pós-Graduação em Estudos Linguísticos, Faculdade de Letras da UFMG}
}

@incollection{miranda2006licao,
	author    = {Miranda, José A. Bragança de and Cascais, António Fernando},
	title     = {A lição de Foucault},
	booktitle = {O que é um autor?},
	translator = {Cascais, António Fernando and Cordeiro, Eduardo},
	edition   = {6},
	year      = {2006},
	address   = {Lisboa},
	publisher = {Nova Vega}
}

@article{XXXX,
	author = {XXXXX},
	year = {2016}
}
