@book{papert_mindstorms:_1983,
    title         = {Mindstorms: children, computers, and powerful ideas},
    author        = {Papert, Seymour},
    year          = {1983},
    publisher     = {Basic Books},
    address       = {New York},
}

@book{beth1990introduccion,
    title         = {Introducci{\'o}n a la ciencia de la comunicaci{\'o}n},
    author        = {Beth, Hanno and Pross, Harry},
    year          = {1990},
    publisher     = {Anthropos Editorial},
    address       = {Barcelona},
    volume        = {5},
}

@book{lave_situated_1991,
    title         = {Situated learning: legitimate peripheral participation},
    author        = {Lave, Jean and Wenger, Etienne},
    year          = {1991},
    publisher     = {Cambridge University Press},
    address       = {Cambridge},
    series        = {Learning in doing},
    keywords      = {Learning, Psychology of, Transfer of training},
}

@incollection{rehberg_informationelle_1997,
    title         = {Informationelle {Poiesis}. {Elemente} einer {Theorie} der {Mensch}-{Computer}-{Interaktivit\"{a}t}},
    author        = {Fa\ss{}ler, Manfred},
    year          = {1997},
    booktitle     = {Differenz und {Integration}: {Die} {Zukunft} moderner {Gesellschaften}},
    publisher     = {VS Verlag f\"{u}r Sozialwissenschaften},
    address       = {Wiesbaden},
    pages         = {234--239},
    editor        = {Rehberg, Karl-Siegbert},
}

@book{piaget_psicologinino_1997,
    title         = {Psicolog\'{\i}a del ni\~{n}o},
    author        = {Piaget, Jean and Inhelder, B\"{a}rbel},
    year          = {1997},
    publisher     = {Ediciones Morata},
    address       = {Barcelona},
    series        = {Colecci\'{o}n {Psicolog\'{\i}a}},
    edition       = {Duod\'{e}cima edici\'{o}n},
}

@incollection{facer2003,
    title         = {``Edutainment'' software: a site for cultures in conflict},
    author        = {Facer, Keri and Furlong, John and Furlong, Rute and Sutherland, Rosamund},
    year          = {2003},
    booktitle     = {Learning and Teaching Where Worldviews meet},
    publisher     = {Trentham Books},
    address       = {London},
    pages         = {207--225},
    editor        = {Sutherland, Rosamund and Claxton, Guy and Pollard, Andrew},
}

@article{pegrum_contemporary_2005,
    title         = {Contemporary cinema in language learning: from linguistic input to intercultural insight},
    author        = {Pegrum, Mark and Hartley, Linda and Wechtler, Veronique},
    year          = {2005},
    journal       = {The Language Learning Journal},
    volume        = {32},
    number        = {1},
    pages         = {55--62},
    doi           = {10.1080/09571730585200191},
}

@article{bar2006bar,
    title         = {The Bar-On model of emotional-social intelligence (ESI) 1},
    author        = {Bar-On, Reuven},
    year          = {2006},
    journal       = {Psicothema},
    volume        = {18},
    number        = {11},
    pages         = {13--25},
    url           = {https://www.psicothema.com/pdf/3271.pdf},
}

@article{del2012evaluacion,
    title         = {Evaluaci{\'o}n y dise{\~n}o de videojuegos: generando objetos de aprendizaje en comunidades de pr{\'a}ctica},
    author        = {{Del Moral}, Mar\'{\i}a Esther and Mart{\'\i}nez, Lourdes Villalustre and Tosina, Roc{\'\i}o Yuste and Esnaola, Graciela},
    year          = {2012},
    journal       = {Revista de Educaci{\'o}n a Distancia (RED)},
    number        = {33},
    pages         = {1--17},
    url           = {https://revistas.um.es/red/article/view/233131},
}

@article{shaw_you_2012,
    title         = {Do you identify as a gamer? {Gender}, race, sexuality, and gamer identity},
    author        = {Shaw, Adrienne},
    year          = {2012},
    journal       = {New Media \& Society},
    volume        = {14},
    number        = {1},
    pages         = {28--44},
    doi           = {10.1177/1461444811410394},
}

@article{carrera_presence_2015,
    title         = {The presence and accuracy of food and nutrition terms in the {Spanish} and {English} editions of {Wikipedia}: in comparison with the {Mini} {Larousse} encyclopaedia.},
    author        = {Carrera, Laura Mar\'{\i}a and Wanden-Berghe, Carmina  and Curbelo, Celeste and Sanz-Valero , Javier},
    year          = {2015},
    journal       = {Nutrici\'{o}n Hospitalaria},
    volume        = {3,1},
    number        = {1},
    pages         = {488--493},
    doi           = {10.3305/nh.2015.31.1.8179},
}

@article{plass_foundations_2015,
    title         = {Foundations of {Game}-{Based} {Learning}},
    author        = {Plass, Jan L. and Homer, Bruce D. and Kinzer, Charles K.},
    year          = {2015},
    journal       = {Educational Psychologist},
    volume        = {50},
    number        = {4},
    pages         = {258--283},
    doi           = {10.1080/00461520.2015.1122533},
}

@article{lopez2016experiencias,
    title         = {Experiencias did{\'a}cticas con videojuegos comerciales en las aulas espa{\~n}olas},
    author        = {L{\'o}pez G{\'o}mez, Silvia and Rodr{\'\i}guez Rodr{\'\i}guez, Jes{\'u}s},
    year          = {2016},
    journal       = {Did{\'a}ctica, innovaci{\'o}n y multimedia},
    number        = {33},
    pages         = {1--8},
    url           = {https://minerva.usc.es/xmlui/handle/10347/23966},
}

@article{nebel2016mining,
    title         = {Mining learning and crafting scientific experiments: a literature review on the use of minecraft in education and research},
    author        = {Nebel, Steve and Schneider, Sascha and Rey, G{\"u}nter Daniel},
    year          = {2016},
    journal       = {Journal of Educational Technology \& Society},
    publisher     = {JSTOR},
    volume        = {19},
    number        = {2},
    pages         = {355--366},
    url           = {https://www.learntechlib.org/p/190761/},
}

@article{mayer_ability_2016,
    title         = {The {Ability} {Model} of {Emotional} {Intelligence}: {Principles} and {Updates}},
    author        = {Mayer, John D. and Caruso, David R. and Salovey, Peter},
    year          = {2016},
    journal       = {Emotion Review},
    volume        = {8},
    number        = {4},
    pages         = {290--300},
    doi           = {10.1177/1754073916639667},
}

@article{perez_latorre_indie_2016,
    title         = {Indie or {Mainstream}? {Tensions} and {Nuances} between the {Alternative} and the {Mainstream} in {Indie} {Games}},
    author        = {P\'{e}rez Latorre, \'{O}liver},
    year          = {2016},
    journal       = {An\`{a}lisi},
    number        = {54},
    pages         = {15--30},
    doi           = {10.7238/a.v0i54.2818},
}

@book{becker2017choosing,
    title         = {Choosing and using digital games in the classroom},
    author        = {Becker, Katrin},
    year          = {2017},
    publisher     = {Springer},
    address       = {Berlin/Heidelberg, Germany},
}

@article{hanghoj2020computerspil,
    title         = {Computerspil--som multimodal tekst og som handlingsrum},
    author        = {Hangh{\o}j, Thorkild},
    year          = {2017},
    journal       = {Viden om literacy},
    number        = {21},
    pages         = {42--48},
    url           = {https://www.videnomlaesning.dk/media/2129/21\_thorkild-hanghoej.pdf},
}

@online{jones2017,
    title         = {A brief history of computer games in the classroom},
    author        = {Jones, Rhys},
    year          = {2017},
    url           = {https://phys.org/news/2017-06-history-games-classroom.html},
}

@article{backe_within_2017,
    title         = {{Dentro} del canon: {Un} marco ecocr\'{\i}tico para la historia del videojuego digital},
    author        = {Backe, Hans-Joachim},
    year          = {2017},
    journal       = {Ecozon\@: European Journal of Literature, Culture and Environment},
    volume        = {8},
    number        = {2},
    pages         = {39--55},
    doi           = {10.37536/ECOZONA.2017.8.2.1362},
}

@article{kousha_are_2017,
    title         = {Are wikipedia citations important evidence of the impact of scholarly articles and books?},
    author        = {Kousha, Kayvan and Thelwall, Mike},
    year          = {2017},
    month         = mar,
    journal       = {Journal of the Association for Information Science and Technology},
    volume        = {68},
    number        = {3},
    pages         = {762--779},
    doi           = {10.1002/asi.23694},
    issn          = {23301635},
    url           = {https://onlinelibrary.wiley.com/doi/10.1002/asi.23694},
    urldate       = {2023-04-17},
    language      = {en},
}

@article{sahut_wikipedia:_2017,
    title         = {Wikipedia: {An} opportunity to rethink the links between sources' credibility, trust, and authority},
    author        = {Sahut, Gilles and Tricot, Andr\'{e}},
    year          = {2017},
    journal       = {First Monday},
    volume        = {22},
    number        = {11},
    doi           = {10.5210/fm.v22i11.7108},
}

@article{de_miranda_life_2018,
    title         = {Life {Is} {Strange} and ``{Games} {Are} {Made}'': {A} {Philosophical} {Interpretation} of a {Multiple}-{Choice} {Existential} {Simulator} {With} {Copilot} {Sartre}},
    author        = {De Miranda, Luis},
    year          = {2018},
    journal       = {Games and Culture},
    volume        = {13},
    number        = {8},
    pages         = {825--842},
    doi           = {10.1177/1555412016678713},
}

@incollection{gangemi_tagtheweb:_2018,
    title         = {{TagTheWeb}: {Using} {Wikipedia} {Categories} to {Automatically} {Categorize} {Resources} on the {Web}},
    author        = {Medeiros, Jerry Fernandes and Pereira Nunes, Bernardo and Siqueira, Sean Wolfgand Matsui and Portes Paes Leme, Luiz Andr\'{e}},
    year          = {2018},
    booktitle     = {The {Semantic} {Web}: {ESWC} 2018 {Satellite} {Events}},
    publisher     = {Springer International Publishing},
    address       = {Cham},
    volume        = {11155},
    pages         = {153--157},
    doi           = {10.1007/978-3-319-98192-5\_29},
    editor        = {Gangemi, Aldo and Gentile, Anna Lisa and Nuzzolese, Andrea Giovanni and Rudolph, Sebastian and Maleshkova, Maria and Paulheim, Heiko and Pan, Jeff Z and Alam, Mehwish},
}

@article{cantano2019educacion,
    title         = {La educaci{\'o}n en valores en el aula de Secundaria a trav{\'e}s del videojuego" Life is Strange"},
    author        = {Cantano, Antonio C{\'e}sar Moreno and P{\'e}rez, H{\'e}ctor Lago},
    year          = {2019},
    journal       = {Comunicaci{\'o}n y pedagog{\'\i}a: Nuevas tecnolog{\'\i}as y recursos did{\'a}cticos},
    publisher     = {Centro de Comunicacion y Pedagog{\'\i}: Nuevas tecnolog\'{\i}as y recursos did\'{a}cticos},
    number        = {313},
    pages         = {23--29},
}

@article{dunn_evaluating_2019,
    title         = {Evaluating {Wikipedia} as a {Self}-{Learning} {Resource} for {Statistics}: {You} {Know} {They}'ll {Use} {It}},
    author        = {Dunn, Peter K. and Marshman, Margaret and McDougall, Robert},
    year          = {2019},
    journal       = {The American Statistician},
    volume        = {73},
    number        = {3},
    pages         = {224--231},
    doi           = {10.1080/00031305.2017.1392360},
}

@article{heaven_how_2019,
    title         = {How to build your own world},
    author        = {Heaven, Douglas},
    year          = {2019},
    journal       = {New Scientist},
    volume        = {242},
    number        = {3230},
    pages         = {32--33},
    doi           = {10.1016/S0262-4079(19)30869-3},
}

@article{claes_wikipedia_2020,
    title         = {Wikipedia y universidades: trabajo colaborativo en torno a universidades iberoamericanas},
    author        = {Claes, Florencia and Deltell, Luis},
    year          = {2020},
    journal       = {Revista de Educaci\'{o}n},
    number        = {389},
    pages         = {243--266},
    doi           = {10.4438/1988-592X-RE-2020-389-461},
}

@article{colavizza_covid-19_2020,
    title         = {{COVID}-19 research in {Wikipedia}},
    author        = {Colavizza, Giovanni},
    year          = {2020},
    journal       = {Quantitative Science Studies},
    volume        = {1},
    number        = {4},
    pages         = {1349--1380},
    doi           = {10.1162/qss\_a\_00080},
}

@book{egenfeldt2021understanding,
    title         = {Understanding video games},
    author        = {Egenfeldt-Nielsen, Simon and Smith, Jonas Heide and Tosca, Susana Pajares},
    year          = {2021},
    publisher     = {Routledge},
    address       = {New York},
}

@online{wikicitinginline,
    title         = {Wikipedia: Inline Citation},
    shorttitle    = {Wikipedia},
    author        = {{Wikipedia contributors}},
    year          = {2021},
    url           = {https://en.wikipedia.org/w/index.php?title=Wikipedia:Inline\_citation\&oldid=1056475487},
}

@article{fagerlund_computational_2021,
    title         = {Computational thinking in programming with {Scratch} in primary schools: {A} systematic review},
    author        = {Fagerlund, Janne and H\"{a}kkinen, P\"{a}ivi and Vesisenaho, Mikko and Viiri, Jouni},
    year          = {2021},
    journal       = {Computer Applications in Engineering Education},
    volume        = {29},
    number        = {1},
    pages         = {12--28},
    doi           = {10.1002/cae.22255},
}

@incollection{suter_narrative_nodate,
    title         = {Narrative {Approaches} in {Contemporary} {Video} {Game} {Reviews}},
    author        = {Glash\"{u}ttner, Robert},
    year          = {2021},
    booktitle     = {Narrative {Mechanics}},
    publisher     = {Transcript},
    address       = {Germany},
    pages         = {211--228},
    doi           = {10.1515/9783839453452-011},
    editor        = {Suter, Beat and Bauer, Ren\'{e} and Kocher, Mela},
}

@article{morejon_llamas_mujeres_2021,
    title         = {Mujeres periodistas en {Wikipedia} : una radiograf\'{\i}a desde la perspectiva de g\'{e}nero},
    author        = {Morej\'{o}n, Noem\'{\i} and Ramos, Desir\'{e}e},
    year          = {2021},
    journal       = {BiD: textos universitaris de biblioteconomia i documentaci\'{o}},
    number        = {47},
    doi           = {10.1344/BiD2021.47.07},
}

@inproceedings{oceja_playing_2021,
    title         = {Playing {Emotions}: {Designing} an {Educational} {Resource} {That} {Promotes} {Emotional} {Education} {Through} {Independent} {Video} {Games}},
    author        = {Oceja, Jorge},
    year          = {2021},
    month         = oct,
    booktitle     = {"{Proceedings} of the 12th {European} {Conference} on {Game} {Based} {Learning} "},
    publisher     = {ACPI},
    address       = {Odense},
    pages         = {542--549},
    doi           = {10.34190/GBL.19.032},
}

@online{gallego2022,
    title         = {El autor de la masacre de Texas se atrincher\'{o} en un aula con los ni\~{n}os y los mat\'{o} a sangre fr\'{\i}a},
    author        = {Gallego, Mercedes},
    year          = {2022},
    url           = {https://www.elcomercio.es/sociedad/sucesos/tiroteo-texas-ninos-asesinados-colegio-salvador-ramos-20220525193812-nt.html},
}

@mastersthesis{hidalgo2022,
    title         = {Utilizaci\'{o}n dial\'{o}gica de videojuegos para la promoci\'{o}n de la competencia emocional: Una propuesta para el profesorado a partir de RiME},
    author        = {Hidalgo, Teresa},
    year          = {2022},
    address       = {Santander},
    school        = {Universidad de Cantabria},
    type          = {Mestrado em L\'{\i}ngua e Cultura},
}

@online{wikiciting7,
    title         = {Wikipedia: Citing Sources},
    shorttitle    = {Wikipedia},
    author        = {{Wikipedia contributors}},
    year          = {2022},
    url           = {https://en.wikipedia.org/w/index.php?title=Wikipedia:Citing\_sources\&oldid=1112743548},
}

@article{cabellos_pro-social_2022,
    title         = {Do pro-social video games promote moral activity?: an analysis of user reviews of {Papers}, {Please}},
    author        = {Cabellos, Beatriz and Pozo, Juan-Ignacio and Mar\'{\i}n-Rubio, Kevin and S\'{a}nchez, Daniel L.},
    year          = {2022},
    journal       = {Education and Information Technologies},
    volume        = {27},
    pages         = {1--32},
    doi           = {10.1007/s10639-022-11072-x},
}

@article{oceja_business_2022,
    title         = {The {Business} of {Gamifying} {School} {Work}: {Perceptions} of the {Gamification} {Phenomenon} and the {Services} and {Companies} {Behind} {It}},
    author        = {Oceja, Jorge and Torres-Toukoumidis, Angel},
    year          = {2022},
    journal       = {Digital Culture \& Society},
    volume        = {7},
    number        = {1},
    pages         = {131--146},
    doi           = {10.14361/dcs-2021-0109},
}

@article{rojas-garcia_alisis_2022,
    title         = {An\'{a}lisis de intervenciones educativas con videojuegos en educaci\'{o}n secundaria: una revisi\'{o}n sistem\'{a}tica},
    author        = {Rojas-Garc\'{\i}a, Paula and S\'{a}ez-Delgado, Fabiola and Badilla-Quintana, Mar\'{\i}a Graciela and Jim\'{e}nez-P\'{e}rez, Laura},
    year          = {2022},
    journal       = {Texto Livre},
    volume        = {15},
    doi           = {10.35699/1983-3652.2022.37810},
}

@article{vilasis-pamos_how_2021,
    title         = {How do teens define what it means to be a gamer? {Mapping} teens' video game practices and cultural imaginaries from a gender and sociocultural perspective},
    author        = {Vilas\'{\i}s-Pamos, J\'{u}lia and Pires, Fernanda},
    year          = {2022},
    journal       = {Information, Communication \& Society},
    volume        = {25},
    number        = {12},
    pages         = {1735--1751},
    doi           = {10.1080/1369118X.2021.1883705},
}

@article{yauney_systematic_2022,
    title         = {A systematic review of ``{Hour} of {Code}'' research},
    author        = {Yauney, Jessica and Bartholomew, Scott R. and Rich, Peter},
    year          = {2022},
    journal       = {Computer Science Education},
    volume        = {4},
    pages         = {1--33},
    doi           = {10.1080/08993408.2021.2022362},
}

@book{gee_what_214,
    title         = {What video games have to teach us about learning and literacy},
    author        = {Gee, James Paul},
    year          = {2014},
    publisher     = {Macmillan},
    address       = {Hampshire},
    keywords      = {Video games, Psychological aspects, Computer games, Psychological aspects, Learning, Psychology of, Visual literacy, Video games and children},
}
