
@article{backe_within_2017,
	title = {Within the {Mainstream}: {An} {Ecocritical} {Framework} for {Digital} {Game} {History}. {Dentro} del canon: {Un} marco ecocrítico para la historia del videojuego digital},
	volume = {8},
	doi = {10.37536/ECOZONA.2017.8.2.1362},
	number = {2},
	journal = {Ecozon@: European Journal of Literature, Culture and Environment},
	author = {Backe, Hans-Joachim},
	year = {2017},
	pages = {39--55},
}

@article{cabellos_pro-social_2022,
	title = {Do pro-social video games promote moral activity?: an analysis of user reviews of {Papers}, {Please}},
	volume = {27},
	doi = {10.1007/s10639-022-11072-x},
	journal = {Education and Information Technologies},
	author = {Cabellos, Beatriz and Pozo, Juan-Ignacio and Marín-Rubio, Kevin and Sánchez, Daniel L.},
	year = {2022},
	pages = {1--32},
}

@article{carrera_presence_2015,
	title = {The presence and accuracy of food and nutrition terms in the {Spanish} and {English} editions of {Wikipedia}: in comparison with the {Mini} {Larousse} encyclopaedia.},
	volume = {3,1},
	doi = {10.3305/nh.2015.31.1.8179},
	number = {1},
	journal = {Nutrición Hospitalaria},
	author = {Carrera, Laura María and Wanden-Berghe, Carmina  and Curbelo, Celeste and Sanz-Valero , Javier},
	year = {2015},
	pages = {488--493},
}

@article{claes_wikipedia_2020,
	title = {Wikipedia y universidades: trabajo colaborativo en torno a universidades iberoamericanas},
	doi = {10.4438/1988-592X-RE-2020-389-461},
	number = {389},
	journal = {Revista de Educación},
	author = {Claes, Florencia and Deltell, Luis},
	year = {2020},
	pages = {243--266},
}

@article{colavizza_covid-19_2020,
	title = {{COVID}-19 research in {Wikipedia}},
	volume = {1},
	doi = {10.1162/qss_a_00080},
	number = {4},
	journal = {Quantitative Science Studies},
	author = {Colavizza, Giovanni},
	year = {2020},
	pages = {1349--1380},
}

@article{de_miranda_life_2018,
	title = {Life {Is} {Strange} and “{Games} {Are} {Made}”: {A} {Philosophical} {Interpretation} of a {Multiple}-{Choice} {Existential} {Simulator} {With} {Copilot} {Sartre}},
	volume = {13},
	doi = {10.1177/1555412016678713},
	number = {8},
	journal = {Games and Culture},
	author = {De Miranda, Luis},
	year = {2018},
	pages = {825--842},
}

@article{dunn_evaluating_2019,
	title = {Evaluating {Wikipedia} as a {Self}-{Learning} {Resource} for {Statistics}: {You} {Know} {They}'ll {Use} {It}},
	volume = {73},
	doi = {10.1080/00031305.2017.1392360},
	number = {3},
	journal = {The American Statistician},
	author = {Dunn, Peter K. and Marshman, Margaret and McDougall, Robert},
	year = {2019},
	pages = {224--231},
}

@article{fagerlund_computational_2021,
	title = {Computational thinking in programming with {Scratch} in primary schools: {A} systematic review},
	volume = {29},
	doi = {10.1002/cae.22255},
	number = {1},
	journal = {Computer Applications in Engineering Education},
	author = {Fagerlund, Janne and Häkkinen, Päivi and Vesisenaho, Mikko and Viiri, Jouni},
	year = {2021},
	pages = {12--28},
}

@incollection{rehberg_informationelle_1997,
	address = {Wiesbaden},
	title = {Informationelle {Poiesis}. {Elemente} einer {Theorie} der {Mensch}-{Computer}-{Interaktivität}},
	booktitle = {Differenz und {Integration}: {Die} {Zukunft} moderner {Gesellschaften}},
	publisher = {VS Verlag für Sozialwissenschaften},
	author = {Faßler, Manfred},
	editor = {Rehberg, Karl-Siegbert},
	year = {1997},
	pages = {234--239},
}

@book{gee_what_214,
	address = {Hampshire},
	title = {What video games have to teach us about learning and literacy},
	publisher = {Macmillan},
	author = {Gee, James Paul},
	year = {214},
	keywords = {Video games, Psychological aspects, Computer games, Psychological aspects, Learning, Psychology of, Visual literacy, Video games and children},
}

@incollection{suter_narrative_nodate,
	address = {Germany},
	title = {Narrative {Approaches} in {Contemporary} {Video} {Game} {Reviews}},
	booktitle = {Narrative {Mechanics}},
	publisher = {Transcript},
	author = {Glashüttner, Robert},
	editor = {Suter, Beat and Bauer, René and Kocher, Mela},
	pages = {211--228},
}

@article{heaven_how_2019,
	title = {How to build your own world},
	volume = {242},
	number = {3230},
	journal = {New Scientist},
	author = {Heaven, Douglas},
	year = {2019},
	pages = {32--33},
}

@article{kousha_are_2017,
	title = {Are wikipedia citations important evidence of the impact of scholarly articles and books?},
	volume = {68},
	number = {3},
	journal = {Journal of the Association for Information Science and Technology},
	author = {Kousha, Kayvan and Thelwall, Mike},
	year = {2017},
	pages = {762--779},
}

@book{lave_situated_1991,
	address = {Cambridge },
	series = {Learning in doing},
	title = {Situated learning: legitimate peripheral participation},
	publisher = {Cambridge University Press},
	author = {Lave, Jean and Wenger, Etienne},
	year = {1991},
	keywords = {Learning, Psychology of, Transfer of training},
}

@article{mayer_ability_2016,
	title = {The {Ability} {Model} of {Emotional} {Intelligence}: {Principles} and {Updates}},
	volume = {8},
	doi = {10.1177/1754073916639667},
	number = {4},
	journal = {Emotion Review},
	author = {Mayer, John D. and Caruso, David R. and Salovey, Peter},
	year = {2016},
	pages = {290--300},
}

@incollection{gangemi_tagtheweb:_2018,
	address = {Cham},
	title = {{TagTheWeb}: {Using} {Wikipedia} {Categories} to {Automatically} {Categorize} {Resources} on the {Web}},
	volume = {11155},
	booktitle = {The {Semantic} {Web}: {ESWC} 2018 {Satellite} {Events}},
	publisher = {Springer International Publishing},
	author = {Medeiros, Jerry Fernandes and Pereira Nunes, Bernardo and Siqueira, Sean Wolfgand Matsui and Portes Paes Leme, Luiz André},
	editor = {Gangemi, Aldo and Gentile, Anna Lisa and Nuzzolese, Andrea Giovanni and Rudolph, Sebastian and Maleshkova, Maria and Paulheim, Heiko and Pan, Jeff Z and Alam, Mehwish},
	year = {2018},
	doi = {10.1007/978-3-319-98192-5_29},
	pages = {153--157},
}

@article{morejon_llamas_mujeres_2021,
	title = {Mujeres periodistas en {Wikipedia} : una radiografía desde la perspectiva de género},
	doi = {10.1344/BiD2021.47.07},
	number = {47},
	journal = {BiD: textos universitaris de biblioteconomia i documentació},
	author = {Morejón Llamas, Noemí and Ramos Castro, Desirée},
	year = {2021},
}

@inproceedings{oceja_playing_2019,
	address = {Odense},
	title = {Playing {Emotions}: {Designing} an {Educational} {Resource} {That} {Promotes} {Emotional} {Education} {Through} {Independent} {Video} {Games}},
	doi = {10.34190/GBL.19.032},
	booktitle = {"{Proceedings} of the 12th {European} {Conference} on {Game} {Based} {Learning} "},
	publisher = {ACPI},
	author = {Oceja, Jorge},
	month = oct,
	year = {2019},
	pages = {542--549},
}

@article{oceja_business_2021,
	title = {The {Business} of {Gamifying} {School} {Work}: {Perceptions} of the {Gamification} {Phenomenon} and the {Services} and {Companies} {Behind} {It}},
	volume = {7},
	doi = {10.14361/dcs-2021-0109},
	number = {1},
	journal = {Digital Culture \& Society},
	author = {Oceja, Jorge and Torres-Toukoumidis, Angel},
	year = {2021},
	pages = {131--146},
}

@book{papert_mindstorms:_1983,
	address = {New York},
	title = {Mindstorms: children, computers, and powerful ideas},
	publisher = {Basic Books},
	author = {Papert, Seymour},
	year = {1983},
}

@article{kousha_are_2017-1,
	title = {Are wikipedia citations important evidence of the impact of scholarly articles and books?},
	volume = {68},
	issn = {23301635},
	url = {https://onlinelibrary.wiley.com/doi/10.1002/asi.23694},
	doi = {10.1002/asi.23694},
	language = {en},
	number = {3},
	urldate = {2023-04-17},
	journal = {Journal of the Association for Information Science and Technology},
	author = {Kousha, Kayvan and Thelwall, Mike},
	month = mar,
	year = {2017},
	pages = {762--779},
}

@article{pegrum_contemporary_2005,
	title = {Contemporary cinema in language learning: from linguistic input to intercultural insight},
	volume = {32},
	doi = {10.1080/09571730585200191},
	number = {1},
	journal = {The Language Learning Journal},
	author = {Pegrum, Mark and Hartley, Linda and Wechtler, Veronique},
	year = {2005},
	pages = {55--62},
}

@article{perez_latorre_indie_2016,
	title = {Indie or {Mainstream}? {Tensions} and {Nuances} between the {Alternative} and the {Mainstream} in {Indie} {Games}},
	doi = {10.7238/a.v0i54.2818},
	number = {54},
	journal = {Anàlisi},
	author = {Pérez Latorre, Óliver},
	year = {2016},
	pages = {15--30},
}

@book{piaget_psicologinino_1997,
	address = {Barcelona },
	edition = {Duodécima edición},
	series = {Colección {Psicología}},
	title = {Psicología del niño},
	publisher = {Ediciones Morata},
	author = {Piaget, Jean and Inhelder, Bärbel},
	year = {1997},
}

@article{plass_foundations_2015,
	title = {Foundations of {Game}-{Based} {Learning}},
	volume = {50},
	doi = {10.1080/00461520.2015.1122533},
	number = {4},
	journal = {Educational Psychologist},
	author = {Plass, Jan L. and Homer, Bruce D. and Kinzer, Charles K.},
	year = {2015},
	pages = {258--283},
}

@article{rojas-garcia_alisis_2022,
	title = {Análisis de intervenciones educativas con videojuegos en educación secundaria: una revisión sistemática},
	volume = {15},
	doi = {10.35699/1983-3652.2022.37810},
	journal = {Texto Livre},
	author = {Rojas-García, Paula and Sáez-Delgado, Fabiola and Badilla-Quintana, María Graciela and Jiménez-Pérez, Laura},
	year = {2022},
}

@article{sahut_wikipedia:_2017,
	title = {Wikipedia: {An} opportunity to rethink the links between sources' credibility, trust, and authority},
	volume = {22},
	doi = {10.5210/fm.v22i11.7108},
	number = {11},
	journal = {First Monday},
	author = {Sahut, Gilles and Tricot, André},
	year = {2017},
}

@article{shaw_you_2012,
	title = {Do you identify as a gamer? {Gender}, race, sexuality, and gamer identity},
	volume = {14},
	doi = {10.1177/1461444811410394},
	number = {1},
	journal = {New Media \& Society},
	author = {Shaw, Adrienne},
	year = {2012},
	pages = {28--44},
}

@article{vilasis-pamos_how_2021,
	title = {How do teens define what it means to be a gamer? {Mapping} teens’ video game practices and cultural imaginaries from a gender and sociocultural perspective},
	volume = {25},
	doi = {10.1080/1369118X.2021.1883705},
	number = {12},
	journal = {Information, Communication \& Society},
	author = {Vilasís-Pamos, Júlia and Pires, Fernanda},
	year = {2021},
	pages = {1735--1751},
}

@article{yauney_systematic_2022,
	title = {A systematic review of “{Hour} of {Code}” research},
	volume = {4},
	doi = {10.1080/08993408.2021.2022362},
	journal = {Computer Science Education},
	author = {Yauney, Jessica and Bartholomew, Scott R. and Rich, Peter},
	year = {2022},
	pages = {1--33},
}
