
@book{aramburuzabala_embedding_2019,
	address = {Abingdon, Oxon, ; New York, NY},
	title = {Embedding service learning in {European} higher education: developing a culture of civic engagement},
	publisher = {Routledge},
	author = {Aramburuzabala, P. and McIlrath, L. and Opazo, H.},
	year = {2019},
}

@book{ausubel_psicologieducativa:_1978,
	address = {México D.F.},
	title = {Psicología educativa: un punto de vista cognoscitivo},
	publisher = {Trillas},
	author = {Ausubel, D. P.},
	year = {1978},
}

@article{bringle_enhancing_2016,
	title = {Enhancing the {Psychology} {Curriculum} {Through} {Service} {Learning}},
	volume = {15},
	url = {http://journals.sagepub.com/doi/10.1177/1475725716659966},
	doi = {10.1177/1475725716659966},
	number = {3},
	urldate = {2022-06-28},
	journal = {Psychology Learning \& Teaching},
	author = {Bringle, R. G. and Ruiz, A. I. and Brown, M. A. and Reeb, R. N.},
	month = nov,
	year = {2016},
	pages = {294--309},
}

@article{brown_conceptual_2022,
	title = {A conceptual framework to enhance student online learning and engagement in higher education},
	volume = {41},
	url = {https://www.tandfonline.com/doi/full/10.1080/07294360.2020.1860912},
	doi = {10.1080/07294360.2020.1860912},
	number = {2},
	urldate = {2022-06-28},
	journal = {Higher Education Research \& Development},
	author = {Brown, A. and Lawrence, J. and Basson, M. and Redmond, P.},
	month = feb,
	year = {2022},
	pages = {284--299},
}

@article{celio_meta-analysis_2011,
	title = {A {Meta}-{Analysis} of the {Impact} of {Service}-{Learning} on {Students}},
	volume = {34},
	url = {http://journals.sagepub.com/doi/10.1177/105382591103400205},
	doi = {10.1177/105382591103400205},
	number = {2},
	urldate = {2022-06-28},
	journal = {Journal of Experiential Education},
	author = {Celio, C. I. and Durlak, J. and Dymnicki, A.},
	month = sep,
	year = {2011},
	pages = {164--181},
}

@incollection{chiva-bartoll_aprendizaje-servicio_2018,
	address = {Barcelona},
	title = {Aprendizaje-servicio y responsabilidad social universitaria: una apuesta por la mejora docente y el compromiso social},
	booktitle = {Aprendizaje-servicio universitario: modelos de intervención e investigación en la formación docente:},
	publisher = {Octaedro},
	author = {Chiva-Bartoll, O. and Gil-Gómez, J.},
	year = {2018},
	note = {OCLC: 1079404026},
}

@book{gleason_higher_2018,
	address = {Singapore},
	title = {Higher education in the era of the fourth industrial revolution},
	publisher = {Palgrave Macmillan},
	author = {Gleason, N. W.},
	year = {2018},
}

@article{halberstadt_skills_2019,
	title = {Skills and knowledge management in higher education: how service learning can contribute to social entrepreneurial competence development},
	volume = {23},
	shorttitle = {Skills and knowledge management in higher education},
	url = {https://www.emerald.com/insight/content/doi/10.1108/JKM-12-2018-0744/full/html},
	doi = {10.1108/JKM-12-2018-0744},
	number = {10},
	urldate = {2022-06-28},
	journal = {Journal of Knowledge Management},
	author = {Halberstadt, J. and Timm, J. M. and Kraus, S. and Gundolf, K.},
	month = dec,
	year = {2019},
	pages = {1925--1948},
}

@article{huda_transmitting_2018,
	title = {Transmitting leadership based civic responsibility: insights from service learning},
	volume = {34},
	url = {https://www.emerald.com/insight/content/doi/10.1108/IJOES-05-2017-0079/full/html},
	doi = {10.1108/IJOES-05-2017-0079},
	number = {1},
	urldate = {2022-06-28},
	journal = {International Journal of Ethics and Systems},
	author = {Huda, M. and Mat Teh, K. S. and Nor Muhamad, N. H. and Mohd Nasir, B.},
	month = feb,
	year = {2018},
	pages = {20--31},

}

@article{latta_approaching_2018,
	title = {Approaching critical service-learning: {A} model for reflection on positionality and possibility},
	volume = {22},
	journal = {Journal of Higher Education Outreach and Engagement},
	author = {Latta, M. and Kruger, L. P. and Weaver, L. and VanSickle, J.},
	year = {2018},
	pages = {31--56},
}

@article{mancachi_pico_innovacion_2020,
	title = {Innovación educativa, pedagógica y didáctica. {Concepciones} para la práctica en la {Educación} {Superior}},
	volume = {12},
	journal = {Universidad y Sociedad },
	author = {Macanchí Pico, M. L. and Orozco Castillo, B. M.  and Campoverde Encalada, M. A. },
	year = {2020},
	pages = {396--403},
}

@article{manzano-leon_testing_2021,
	title = {Testing the {Factorial} {Validity} of the {Classroom} {Engagement} {Inventory} with {Spanish} {Students}},
	volume = {Volume 14},
	url = {https://www.dovepress.com/testing-the-factorial-validity-of-the-classroom-engagement-inventory-w-peer-reviewed-fulltext-article-PRBM},
	doi = {10.2147/PRBM.S316048},
	urldate = {2022-06-28},
	journal = {Psychology Research and Behavior Management},
	author = {Manzano-León, A. and Rodríguez-Ferrer, J. M. and Aguilar-Parra, J. M. and Trigueros, R. and Del Pilar Díaz-López, M. P. and Torres-López, N. and Fernández-Jiménez, C.},
	month = jul,
	year = {2021},
	pages = {1011--1018},
}

@article{marco-gardoqui_impact_2020,
	title = {The impact of service-learning methodology on business schools’ students worldwide: {A} systematic literature review},
	volume = {15},
	url = {https://dx.plos.org/10.1371/journal.pone.0244389},
	doi = {10.1371/journal.pone.0244389},
	number = {12},
	urldate = {2022-06-28},
	journal = {PLOS ONE},
	author = {Marco-Gardoqui, M. and Eizaguirre, A. and García-Feijoo, M.},
	editor = {Barreda-Tarrazona, Ivan},
	month = dec,
	year = {2020},
	pages = {e0244389},
}

@book{_martinez__2018,
	title = { {El} {Aprendizaje}-{Servicio} en la {Universidad}. {Una} metodología docente y de investigación al servicio de la justicia social y el desarrollo sostenible},
	publisher = {Comunicación Social Ediciones y Publicaciones},
	author = {Martínez, V. and  Aguilar, N. M. and Portal, E. I. R. and Sánchez, M. C.},
	year = {2018},
}

@article{martinez-usarralde_revision_2019,
	title = {Revisión sistemática de {Responsabilidad} {Social} {Universitaria} y {Aprendizaje} {Servicio}. {Análisis} para su institucionalización},
	volume = {24},
	journal = {Revista Mexicana de Investigacion Educativa},
	author = {Martínez-Usarralde, M. J. and Salom , D. and Mendoza, D.},
	year = {2019},
	pages = {149--172},
}

@article{mesurado_hero_2018,
	title = {The {Hero} program: {Development} and initial validation of an intervention program to promote prosocial behavior in adolescents},
	volume = {36},
	url = {http://journals.sagepub.com/doi/10.1177/0265407518793224},
	doi = {10.1177/0265407518793224},
	number = {8},
	urldate = {2022-06-28},
	journal = {Journal of Social and Personal Relationships},
	author = {Mesurado, B. and Distefano, M. J. and Robiolo, G. and Richaud, M. C.},
	month = aug,
	year = {2018},
	pages = {2566--2584},
}

@article{moreira_aprendizaje_2017,
	title = {Aprendizaje significativo como un referente para la organización de la enseñanza},
	volume = {11},
	journal = {Archivos de Ciencias de la Educación},
	author = {Moreira, M. A.},
	year = {2017},
	pages = {1--17},
}

@article{opazo_review_2016,
	title = {A {Review} of the {Situation} of {Service}-{Learning} in {Higher} {Education} in {Spain}},
	volume = {17},
	url = {https://eric.ed.gov/?id=EJ1114040},
	number = {1},
	urldate = {2022-07-04},
	journal = {Asia-Pacific Journal of Cooperative Education},
	author = {Opazo, H. and Aramburuzabala, P. and Cerrillo, R.},
	year = {2016},
	pages = {75--91},
}

@article{palpacuer_lee_shaping_2018,
	title = {Shaping the vision for service‐learning in language education},
	volume = {51},
	number = {1},
	journal = {Foreign Language Annals},
	author = {Palpacuer Lee, C. and Curtis, J. H. and Curran, M. E.},
	pages = {169--184},
	year = {2018},
}

@book{puig_aprendizaje_2009,
	title = {Aprendizaje servicio: educación y compromiso cívico},
	language = {Spanish},
	publisher = {Editorial Graó},
	author = {Puig, J. M.},
	year = {2009},
}

@article{richards_experiential_2014,
	title = {Experiential {Learning} {Through} a {Physical} {Activity} {Program} for {Children} {With} {Disabilities}},
	volume = {34},
	url = {https://journals.humankinetics.com/view/journals/jtpe/34/2/article-p165.xml},
	doi = {10.1123/jtpe.2014-0015},
	number = {2},
	urldate = {2022-06-28},
	journal = {Journal of Teaching in Physical Education},
	author = {Richards, K. A. R. and Eberline, A. D. and Padaruth, S. and Templin, T. J.},
	month = apr,
	year = {2014},
	pages = {165--188},
}

@article{salam_service_2019,
	title = {Service learning in higher education: a systematic literature review},
	volume = {20},
	url = {http://link.springer.com/10.1007/s12564-019-09580-6},
	doi = {10.1007/s12564-019-09580-6},
	number = {4},
	urldate = {2022-06-28},
	journal = {Asia Pacific Education Review},
	author = {Salam, M. and Awang Iskandar, D. N. and Ibrahim, D. H. A. and Farooq, M. S.},
	month = dec,
	year = {2019},
	pages = {573--593},
}

@article{harada_alisis_2020,
	title = {Análisis de las competencias docentes en proyectos de aprendizaje-servicio en la educación superior: {La} percepción del profesorado},
	volume = {13},
	url = {https://dialnet.unirioja.es/servlet/articulo?codigo=8049921},
	number = {3},
	urldate = {2022-06-28},
	journal = {Formación Universitaria},
	author = {Harada, A. S. and Azevedo, J. and Villa, S. P. and Calvo, S. T.},
	year = {2020},
	pages = {31--42},
}

@article{sass_effect_2015,
	title = {The {Effect} of {Service} {Learning} on {Community} {College} {Students}},
	volume = {39},
	url = {http://www.tandfonline.com/doi/abs/10.1080/10668926.2012.756838},
	doi = {10.1080/10668926.2012.756838},
	number = {3},
	urldate = {2022-06-28},
	journal = {Community College Journal of Research and Practice},
	author = {Sass, M. S. and Coll, K.},
	month = mar,
	year = {2015},
	pages = {280--288},
}

@article{saylor_effects_2018,
	title = {Effects of a service learning experience on confidence and clinical skills in baccalaureate nursing students},
	volume = {61},
	url = {https://linkinghub.elsevier.com/retrieve/pii/S0260691717302630},
	doi = {10.1016/j.nedt.2017.11.009},
	urldate = {2022-06-28},
	journal = {Nurse Education Today},
	author = {Saylor, J. and Hertsenberg, L. and McQuillan, M. and O'Connell, A. and Shoe, K. and Calamaro, C. J.},
	month = feb,
	year = {2018},
	pages = {43--48},
}

@article{schoenherr_service-learning_2015,
	title = {Service-{Learning} in {Supply} {Chain} {Management}: {Benefits}, {Challenges} and {Best} {Practices}: {Service}-{Learning} in {Supply} {Chain} {Management}},
	volume = {13},
	url = {https://onlinelibrary.wiley.com/doi/10.1111/dsji.12052},
	doi = {10.1111/dsji.12052},
	number = {1},
	urldate = {2022-06-28},
	journal = {Decision Sciences Journal of Innovative Education},
	author = {Schoenherr, T.},
	month = jan,
	year = {2015},
	pages = {45--70},
}

@article{weiler_benefits_2013,
	title = {Benefits {Derived} by {College} {Students} from {Mentoring} {At}-{Risk} {Youth} in a {Service}-{Learning} {Course}},
	volume = {52},
	url = {http://doi.wiley.com/10.1007/s10464-013-9589-z},
	doi = {10.1007/s10464-013-9589-z},
	number = {3-4},
	urldate = {2022-06-28},
	journal = {American Journal of Community Psychology},
	author = {Weiler, L. and Haddock, S. and Zimmerman, T. S. and Krafchick, J. and Henry, K. and Rudisill, S.},
	month = dec,
	year = {2013},
	pages = {236--248},
}

@article{calle-alvarez_rubrica_2020,
	title = {La rúbrica de autoevaluación como estrategia didáctica de revisión de la escritura},
	volume = {10},
	url = {https://revistas.uptc.edu.co/index.php/investigacion_duitama/article/view/10628},
	doi = {10.19053/20278306.v10.n2.2020.10628},
	number = {2},
	urldate = {2022-07-02},
	journal = {Revista de Investigación, Desarrollo e Innovación},
	author = {Calle-Álvarez, G. Y.},
	month = feb,
	year = {2020},
	pages = {323--335},
}

@article{claes_community_2021,
	title = {Community service learning in complex urban settings: challenges and opportunities for social work education},
	url = {https://www.tandfonline.com/doi/full/10.1080/02615479.2021.1948003},
	doi = {10.1080/02615479.2021.1948003},
	urldate = {2022-07-02},
	journal = {Social Work Education},
	author = {Claes, E. and Schrooten, M. and McLaughlin, H. and Csoba, J.},
	month = jul,
	year = {2021},
	pages = {1--19},
}

@article{cortes_diaz_fundamentos_2021,
	title = {Fundamentos del {Diseño} {Universal} para el {Aprendizaje} {Desde} la {Perspectiva} {Internacional}},
	volume = {27},
	url = {http://www.scielo.br/scielo.php?script=sci_arttext&pid=S1413-65382021000100306&tlng=es},
	doi = {10.1590/1980-54702021v27e0065},
	urldate = {2022-07-02},
	journal = {Revista Brasileira de Educação Especial},
	author = {Cortés Díaz, M. and Ferreira Villa, C. and Arias Gago, A. R.},
	year = {2021},
	pages = {e0065},
}

@article{de_la_cuesta-benjumea_por_2008,
	title = {¿{Por} dónde empezar?: la pregunta en investigación cualitativa},
	volume = {18},
	url = {https://linkinghub.elsevier.com/retrieve/pii/S1130862108721971},
	doi = {10.1016/S1130-8621(08)72197-1},
	number = {4},
	urldate = {2022-07-02},
	journal = {Enfermería Clínica},
	author = {De La Cuesta-Benjumea, C.},
	month = jul,
	year = {2008},
	pages = {205--210},
}

@article{de_la_espriella_teorifundamentada_2020,
	title = {Teoría fundamentada},
	volume = {49},
	url = {https://linkinghub.elsevier.com/retrieve/pii/S0034745018300891},
	doi = {10.1016/j.rcp.2018.08.002},
	number = {2},
	urldate = {2022-07-02},
	journal = {Revista Colombiana de Psiquiatría},
	author = {De La Espriella, R. and Gómez Restrepo, C.},
	month = apr,
	year = {2020},
	pages = {127--133},
}

@article{ferreira_simulacion_2021,
	title = {La simulación de entrevistas familiares en la formación de maestros y orientadores},
	volume = {5},
	url = {https://www.mlsjournals.com/Educational-Research-Journal/article/view/553},
	doi = {10.29314/mlser.v5i2.553},
	number = {2},
	urldate = {2022-07-02},
	journal = {MLS Educational Research},
	author = {Ferreira, C. and Vieira, M. J.},
	month = sep,
	year = {2021},
}

@book{flick_introduccion_2012,
	address = {Madrid},
	title = {Introducción a la investigación cualitativa},
	publisher = {Ediciones Morata},
	author = {Flick, U.},
	year = {2012},
}

@article{gumusdag_effects_2019,
	title = {Effects of {Pre}-school {Play} on {Motor} {Development} in {Children}},
	volume = {7},
	url = {http://www.hrpub.org/journals/article_info.php?aid=7736},
	doi = {10.13189/ujer.2019.070231},
	number = {2},
	urldate = {2022-07-02},
	journal = {Universal Journal of Educational Research},
	author = {Gümüşdağ, H.},
	month = feb,
	year = {2019},
	pages = {580--587},
}

@article{hanghoj_can_2018,
	title = {Can cooperative video games encourage social and motivational inclusion of at-risk students?: {British} {Journal} of {Educational} {Technology}},
	volume = {49},
	url = {https://onlinelibrary.wiley.com/doi/10.1111/bjet.12642},
	doi = {10.1111/bjet.12642},
	number = {4},
	urldate = {2022-07-02},
	journal = {British Journal of Educational Technology},
	author = {Hanghøj, T. and Lieberoth, A. and Misfeldt, M.},
	month = jul,
	year = {2018},
	pages = {775--799},
}

@book{jacoby_service-learning_2015,
	address = {San Francisco, CA},
	edition = {1},
	title = {Service-learning essentials: questions, answers, and lessons learned},
	publisher = {Jossey-Bass},
	author = {Jacoby, B.},
	year = {2015},
}

@article{jimenez_porta__impacto_2018,
	title = {Impacto de videojuegos en la fluidez lectora en niños con y sin dislexia. {El} caso de {Minecraft}},
	volume = {17},
	number = {1},
	journal = {RELATEC: Revista Latinoamericana de Tecnología Educativa},
	author = {Jiménez Porta , A. M. and  Díez-Martínez, E.},
	year = {2018},
	pages = {78--90},
}

@article{kaufman_enhancing_2016,
	title = {Enhancing {Teacher} {Education} with {Simulations}},
	volume = {60},
	url = {http://link.springer.com/10.1007/s11528-016-0049-0},
	doi = {10.1007/s11528-016-0049-0},
	number = {3},
	urldate = {2022-07-02},
	journal = {TechTrends},
	author = {Kaufman, D. and Ireland, A.},
	month = may,
	year = {2016},
	pages = {260--267},
}

@article{kokkalia_role_2016,
	title = {The {Role} of {Games} in {Special} {Preschool} {Education}},
	volume = {11},
	url = {http://online-journals.org/index.php/i-jet/article/view/5945},
	doi = {10.3991/ijet.v11i12.5945},
	number = {12},
	urldate = {2022-07-02},
	journal = {International Journal of Emerging Technologies in Learning (iJET)},
	author = {Kokkalia, G. and Drigas, A. and Economou, A.},
	month = dec,
	year = {2016},
	pages = {30},
}

@article{pu_improvement_2021,
	title = {Improvement of {Pre}-{Service} {Teachers}' {Practical} {Knowledge} and {Motivation} about {Artificial} {Intelligence} through a {Service}-learning-based {Module} in {Guizhou}, {China}: {A} {Quasi}-{Experimental} {Study}},
	volume = {17},
	url = {https://myjms.mohe.gov.my/index.php/AJUE/article/view/14499},
	doi = {10.24191/ajue.v17i3.14499},
	number = {3},
	urldate = {2022-07-02},
	journal = {Asian Journal of University Education},
	author = {Pu, S. and Ahmad, N. A. and Md. Khambari, M. N. and Keng Yap, N. and Ahrari, S.},
	month = aug,
	year = {2021},
	pages = {203},
}

@article{resch_using_2021,
	title = {Using the {Service}-{Learning} approach to bridge the gap between theory and practice in teacher education},
	url = {https://www.tandfonline.com/doi/full/10.1080/13603116.2021.1882053},
	doi = {10.1080/13603116.2021.1882053},
	urldate = {2022-07-02},
	journal = {International Journal of Inclusive Education},
	author = {Resch, K. and Schrittesser, I.},
	month = feb,
	year = {2021},
	pages = {1--15},
}

@article{sala_video_2018,
	title = {Video game training does not enhance cognitive ability: {A} comprehensive meta-analytic investigation.},
	volume = {144},
	url = {http://doi.apa.org/getdoi.cfm?doi=10.1037/bul0000139},
	doi = {10.1037/bul0000139},
	number = {2},
	urldate = {2022-07-02},
	journal = {Psychological Bulletin},
	author = {Sala, G. and Tatlidil, K. S. and Gobet, F.},
	month = feb,
	year = {2018},
	pages = {111--139},
}

@article{turkoglu_effect_2019,
	title = {The {Effect} of {Educational} {Board} {Games} {Training} {Programme} on the {Social} {Skill} {Development} of the {Fourth} {Graders}},
	url = {https://dergipark.org.tr/en/doi/10.17051/ilkonline.2019.612180},
	doi = {10.17051/ilkonline.2019.612180},
	urldate = {2022-07-02},
	journal = {İlköğretim Online},
	author = {Türkoğlu, B.},
	month = sep,
	year = {2019},
	pages = {1326--1344},
}

@book{vygotskii_desarrollo_1982,
	address = {Barcelona},
	title = {El desarrollo de los procesos psicológicos superiores},
	publisher = {Crítica},
	author = {Vygotskii, L. S},
	year = {1982},
}
