
@article{calle-alvarez_rubrica_2020,
	title = {La rúbrica de autoevaluación como estrategia didáctica de revisión de la escritura},
	volume = {10},
	issn = {2389-9417, 2027-8306},
	url = {https://revistas.uptc.edu.co/index.php/investigacion_duitama/article/view/10628},
	doi = {10.19053/20278306.v10.n2.2020.10628},
	number = {2},
	urldate = {2022-07-02},
	journal = {Revista de Investigación, Desarrollo e Innovación},
	author = {Calle-Álvarez, Gerzon Yair},
	month = feb,
	year = {2020},
	pages = {323--335},
}

@article{claes_community_2021,
	title = {Community service learning in complex urban settings: challenges and opportunities for social work education},
	issn = {0261-5479, 1470-1227},
	shorttitle = {Community service learning in complex urban settings},
	url = {https://www.tandfonline.com/doi/full/10.1080/02615479.2021.1948003},
	doi = {10.1080/02615479.2021.1948003},
	language = {en},
	urldate = {2022-07-02},
	journal = {Social Work Education},
	author = {Claes, Erik and Schrooten, Mieke and McLaughlin, Hugh and Csoba, Judit},
	month = jul,
	year = {2021},
	pages = {1--19},
}

@article{cortes_diaz_fundamentos_2021,
	title = {Fundamentos del {Diseño} {Universal} para el {Aprendizaje} {Desde} la {Perspectiva} {Internacional}},
	volume = {27},
	issn = {1980-5470, 1413-6538},
	url = {http://www.scielo.br/scielo.php?script=sci_arttext&pid=S1413-65382021000100306&tlng=es},
	doi = {10.1590/1980-54702021v27e0065},
	urldate = {2022-07-02},
	journal = {Revista Brasileira de Educação Especial},
	author = {Cortés Díaz, Mario and Ferreira Villa, Camino and Arias Gago, Ana Rosa},
	year = {2021},
	pages = {e0065},
}

@article{de_la_cuesta-benjumea_por_2008,
	title = {¿{Por} dónde empezar?: la pregunta en investigación cualitativa},
	volume = {18},
	issn = {11308621},
	shorttitle = {¿{Por} dónde empezar?},
	url = {https://linkinghub.elsevier.com/retrieve/pii/S1130862108721971},
	doi = {10.1016/S1130-8621(08)72197-1},
	language = {es},
	number = {4},
	urldate = {2022-07-02},
	journal = {Enfermería Clínica},
	author = {De La Cuesta-Benjumea, Carmen},
	month = jul,
	year = {2008},
	pages = {205--210},
}

@article{de_la_espriella_teorifundamentada_2020,
	title = {Teoría fundamentada},
	volume = {49},
	issn = {00347450},
	url = {https://linkinghub.elsevier.com/retrieve/pii/S0034745018300891},
	doi = {10.1016/j.rcp.2018.08.002},
	language = {es},
	number = {2},
	urldate = {2022-07-02},
	journal = {Revista Colombiana de Psiquiatría},
	author = {De La Espriella, Ricardo and Gómez Restrepo, Carlos},
	month = apr,
	year = {2020},
	pages = {127--133},
}

@article{ferreira_simulacion_2021,
	title = {La simulación de entrevistas familiares en la formación de maestros y orientadores},
	volume = {5},
	issn = {2603-5820},
	url = {https://www.mlsjournals.com/Educational-Research-Journal/article/view/553},
	doi = {10.29314/mlser.v5i2.553},
	number = {2},
	urldate = {2022-07-02},
	journal = {MLS Educational Research},
	author = {Ferreira, Camino and Vieira, María José},
	month = sep,
	year = {2021},
}

@book{flick_introduccion_2012,
	address = {Madrid},
	series = {Pedagogía {Educación} crítica},
	title = {Introducción a la investigación cualitativa},
	isbn = {9788471124807},
	language = {spa},
	publisher = {Ediciones Morata},
	author = {Flick, Uwe},
	year = {2012},
}

@article{gumusdag_effects_2019,
	title = {Effects of {Pre}-school {Play} on {Motor} {Development} in {Children}},
	volume = {7},
	issn = {2332-3205, 2332-3213},
	url = {http://www.hrpub.org/journals/article_info.php?aid=7736},
	doi = {10.13189/ujer.2019.070231},
	language = {en},
	number = {2},
	urldate = {2022-07-02},
	journal = {Universal Journal of Educational Research},
	author = {Gümüşdağ, Hayrettin},
	month = feb,
	year = {2019},
	pages = {580--587},
}

@article{hanghoj_can_2018,
	title = {Can cooperative video games encourage social and motivational inclusion of at-risk students?: {British} {Journal} of {Educational} {Technology}},
	volume = {49},
	issn = {00071013},
	shorttitle = {Can cooperative video games encourage social and motivational inclusion of at-risk students?},
	url = {https://onlinelibrary.wiley.com/doi/10.1111/bjet.12642},
	doi = {10.1111/bjet.12642},
	language = {en},
	number = {4},
	urldate = {2022-07-02},
	journal = {British Journal of Educational Technology},
	author = {Hanghøj, Thorkild and Lieberoth, Andreas and Misfeldt, Morten},
	month = jul,
	year = {2018},
	pages = {775--799},
}

@book{jacoby_service-learning_2015,
	address = {San Francisco, CA},
	edition = {1},
	series = {The {Jossey}-{Bass} higher and adult education series},
	title = {Service-learning essentials: questions, answers, and lessons learned},
	isbn = {9781118627945},
	shorttitle = {Service-learning essentials},
	publisher = {Jossey-Bass},
	author = {Jacoby, Barbara},
	year = {2015},
}

@article{jimenez_porta__impacto_2018,
	title = {Impacto de videojuegos en la fluidez lectora en niños con y sin dislexia. {El} caso de {Minecraft}},
	volume = {17},
	number = {1},
	journal = {RELATEC: Revista Latinoamericana de Tecnología Educativa},
	author = {Jiménez Porta , A. M. and  Díez-Martínez, E.},
	year = {2018},
	pages = {78--90},
}

@article{kaufman_enhancing_2016,
	title = {Enhancing {Teacher} {Education} with {Simulations}},
	volume = {60},
	issn = {8756-3894, 1559-7075},
	url = {http://link.springer.com/10.1007/s11528-016-0049-0},
	doi = {10.1007/s11528-016-0049-0},
	language = {en},
	number = {3},
	urldate = {2022-07-02},
	journal = {TechTrends},
	author = {Kaufman, David and Ireland, Alice},
	month = may,
	year = {2016},
	pages = {260--267},
}

@article{kokkalia_role_2016,
	title = {The {Role} of {Games} in {Special} {Preschool} {Education}},
	volume = {11},
	issn = {1863-0383},
	url = {http://online-journals.org/index.php/i-jet/article/view/5945},
	doi = {10.3991/ijet.v11i12.5945},
	number = {12},
	urldate = {2022-07-02},
	journal = {International Journal of Emerging Technologies in Learning (iJET)},
	author = {Kokkalia, Georgia and Drigas, Athanasios and Economou, Alexandra},
	month = dec,
	year = {2016},
	pages = {30},
}

@article{pu_improvement_2021,
	title = {Improvement of {Pre}-{Service} {Teachers}' {Practical} {Knowledge} and {Motivation} about {Artificial} {Intelligence} through a {Service}-learning-based {Module} in {Guizhou}, {China}: {A} {Quasi}-{Experimental} {Study}},
	volume = {17},
	issn = {2600-9749, 1823-7797},
	shorttitle = {Improvement of {Pre}-{Service} {Teachers}' {Practical} {Knowledge} and {Motivation} about {Artificial} {Intelligence} through a {Service}-learning-based {Module} in {Guizhou}, {China}},
	url = {https://myjms.mohe.gov.my/index.php/AJUE/article/view/14499},
	doi = {10.24191/ajue.v17i3.14499},
	number = {3},
	urldate = {2022-07-02},
	journal = {Asian Journal of University Education},
	author = {Pu, Song and Ahmad, Nor Aniza and Md. Khambari, Mas Nida and Keng Yap, Ng and Ahrari, Seyedali},
	month = aug,
	year = {2021},
	pages = {203},
}

@article{resch_using_2021,
	title = {Using the {Service}-{Learning} approach to bridge the gap between theory and practice in teacher education},
	issn = {1360-3116, 1464-5173},
	url = {https://www.tandfonline.com/doi/full/10.1080/13603116.2021.1882053},
	doi = {10.1080/13603116.2021.1882053},
	language = {en},
	urldate = {2022-07-02},
	journal = {International Journal of Inclusive Education},
	author = {Resch, K. and Schrittesser, I.},
	month = feb,
	year = {2021},
	pages = {1--15},
}

@article{sala_video_2018,
	title = {Video game training does not enhance cognitive ability: {A} comprehensive meta-analytic investigation.},
	volume = {144},
	issn = {1939-1455, 0033-2909},
	shorttitle = {Video game training does not enhance cognitive ability},
	url = {http://doi.apa.org/getdoi.cfm?doi=10.1037/bul0000139},
	doi = {10.1037/bul0000139},
	language = {en},
	number = {2},
	urldate = {2022-07-02},
	journal = {Psychological Bulletin},
	author = {Sala, Giovanni and Tatlidil, K. Semir and Gobet, Fernand},
	month = feb,
	year = {2018},
	pages = {111--139},
}

@article{turkoglu_effect_2019,
	title = {The {Effect} of {Educational} {Board} {Games} {Training} {Programme} on the {Social} {Skill} {Development} of the {Fourth} {Graders}},
	issn = {1305-3515},
	url = {https://dergipark.org.tr/en/doi/10.17051/ilkonline.2019.612180},
	doi = {10.17051/ilkonline.2019.612180},
	urldate = {2022-07-02},
	journal = {İlköğretim Online},
	author = {Türkoğlu, Bengü},
	month = sep,
	year = {2019},
	pages = {1326--1344},
}

@book{vygotskii_desarrollo_1982,
	address = {Barcelona},
	title = {El desarrollo de los procesos psicológicos superiores},
	language = {Spanish},
	publisher = {Crítica},
	author = {Vygotskii, L. S},
	year = {1982},
}
