
@incollection{agamben_o_2010,
	address = {Chapecó, SC},
	title = {O que é um dispositivo?},
	booktitle = {O que é o contemporâneo e outros ensaios},
	publisher = {Argos},
	author = {Agamben, Giorgio},
	editor = {Agamben, Giorgio},
	year = {2010},
}

@incollection{yamagami_cypherpunks:_2013,
	address = {São Paulo},
	title = {Cypherpunks: liberdade e futuro da {Internet}},
	booktitle = {Cypherpunks: liberdade e futuro da {Internet}},
	publisher = {Boitempo Editorial},
	author = {Appelbaum, Jacob},
	editor = {Assange, Julian and Müller-Maguhn, Andy and Appelbaum, Jacob and Zimmermann, Jérémie and Yamagami, Cristina},
	translator = {Yamagami, Cristina},
	year = {2013},
}

@book{assange_2013-1,
	address = {São Paulo},
	title = {Cypherpunks: liberdade e futuro da {Internet}},
	publisher = {Boitempo Editorial},
	editor = {Assange, Julian and Müller-Maguhn, Andy and Appelbaum, Jacob and Zimmermann, Jérémie and Yamagami , Cristina},
	translator = {Yamagami, Cristina},
	year = {2013},
}

@incollection{bannell_uma_2017,
	address = {Rio de Janeiro},
	title = {Uma faca de dois gumes},
	booktitle = {Educação e {Tecnologia}: abordagens críticas},
	publisher = {SESES},
	author = {Bannell, Ralph Ings},
	editor = {Ferreira, Giselle Martins dos Santos and Rosado, Luiz Alexandre da Silva and Carvalho, Jaciara de Sá},
	year = {2017},
	pages = {663},
}

@book{brasil_base_2018,
	address = {Brasília},
	title = {Base {Nacional} {Comum} {Curricular}},
	publisher = {Ministério da Educação},
	author = {{Brasil}},
	year = {2018},
}

@incollection{chaui_o_2018,
	address = {Belo Horizonte},
	title = {O que é ser educador hoje? {Da} arte à ciência: {A} morte do educador},
	booktitle = {Em defesa da educação pública, gratuita e democrática},
	publisher = {Autêntica},
	author = {Chaui, Marilena},
	editor = {Santiago, H.},
	year = {2018},
	pages = {107--127},
}

@inproceedings{canto_dispositivos_2018,
	address = {Araranguá},
	title = {Dispositivos móveis: aprender e ensinar com a integração das tecnologias digitais},
	url = {http://2018.sited.ufsc.br/others/oficina_dispositivos_moveis.pdf},
	urldate = {2024-05-17},
	booktitle = {{II} {Simpósio} {Ibero}-{Americano} de {Tecnologias} {Educacionais}},
	publisher = {Rexlab (UFSC)},
	author = {Canto, Josi Zanette},
	year = {2018},
}

@online{campanha_nacional_do_direito_a_educacao_nota_nodate,
	title = {Nota {Técnica} {PEC} 27/2023. {UNESCO} pede urgentemente o uso adequado da tecnologia na educação},
	url = {https://campanha.org.br/noticias/2023/07/27/unesco-pede-urgentemente-o-uso-adequado-da-tecnologia-na-educacao/},
	urldate = {2024-05-17},
year={2023},
	journal = {Campanha Nacional pelo Direito à Educação},
	author = {{Campanha Nacional do Direito à Educação}},
}

@book{desmurget_fabrica_2021,
	address = {São Paulo},
	title = {A fábrica de cretinos digitais: os perigos das telas para nossas crianças},
	publisher = {Vestígio},
	author = {Desmurget, Michel},
	year = {2021},
}

@article{dias_tecnologias_2023,
	title = {Tecnologias na educação e o discurso da {UNESCO}: uma análise {críticaMA} {ANÁLISE} {CRÍTICA}},
	volume = {7},
	copyright = {Copyright (c) 2023 Revista CBTecLE},
	issn = {2526-4478},
	shorttitle = {{TECNOLOGIAS} {NA} {EDUCAÇÃO} {E} {O} {DISCURSO} {DA} {UNESCO}},
	url = {https://revista.cbtecle.com.br/index.php/CBTecLE/article/view/1147},
	number = {2},
	urldate = {2024-05-17},
	journal = {Revista CBTecLE},
	author = {Dias, Renata Francisco},
	month = dec,
	year = {2023},
	keywords = {Análise Crítica do Discurso},
	pages = {106--122},
}

@book{feenberg_tecnologia_2018,
	address = {Portugal},
	title = {Tecnologia, {Modernidade} e {Democracia}},
	publisher = {Inovatec},
	author = {Feenberg, Andrew},
	year = {2018},
}

@book{ferreira_educacao_2017,
	address = {Rio de Janeiro},
	title = {Educação e {Tecnologia}: abordagens críticas},
	publisher = {SESES},
	editor = {Ferreira, Giselle Martins dos Santos and Rosado, Luiz Alexandre da Silva and Carvalho, Jaciara de Sá},
	year = {2017},
}

@book{freire_conversacao_1994,
	address = {São Paulo},
	title = {Conversação {Libertária} com {Paulo} {Freire}},
	publisher = {Imaginário},
	author = {Freire, Paulo and Passetti, Eder},
	year = {1994},
}

@book{hui_tecnodiversidade_2020,
	address = {São Paulo},
	title = {Tecnodiversidade},
	isbn = {9786586497229},
	publisher = {Ubu Editora},
	author = {Hui, Yuk},
	month = sep,
	year = {2020},
	keywords = {Tecnologia (ciências aplicadas), tecnologia, sociedade, Sociologia, filosofia},
}

@article{maar_educacao_2014,
	title = {A educação na época da conectividade em rede ou: que fim levou a autonomia?},
	volume = {39},
	copyright = {Copyright (c)},
	issn = {1981-8416},
	shorttitle = {A {EDUCAÇÃO} {NA} É{POCA} {DA} {CONECTIVIDADE} {EM} {REDE} {OU}},
	url = {https://revistas.ufg.br/interacao/article/view/31711},
	doi = {10.5216/ia.v39i2.31711},
	number = {2},
	urldate = {2024-05-17},
	journal = {Revista Inter-Ação},
	author = {Maar, Wolfgang Leo},
	month = aug,
	year = {2014},
	keywords = {Autonomia, Sociedade em rede, Participação, Theodor Adorno, Educação crítica},
	pages = {329--353},
}

@phdthesis{quiroga_o_2013,
	address = {Guarulhos},
	type = {Dissertação ({Mestrado})},
	title = {O mal-estar na contemporaneidade e suas expressões na docência},
	school = {Escola de Filosofia, Letras e Ciências Humanas, Universidade Federal de São Paulo},
	author = {Quiroga, Fernando Lionel},
	year = {2013},
}

@misc{quiroga_privacidade_2023,
	title = {Privacidade para os fracos, transparência para os poderosos: pela liberdade de {Julian} {Assange}},
	url = {https://www.brasil247.com/blog/privacidade-para-os-fracos-transparencia-para-os-poderosos-pela-liberdade-de-julian-assange},
	language = {pt-br},
	urldate = {2024-05-17},
	journal = {Brasil 247},
	author = {Quiroga, Fernando Lionel},
	month = jun,
	year = {2023},
}

@article{pereira_fas_2023,
	title = {Fãs e heróis em narrativas digitais: autoridade, identidade e formação},
	volume = {12},
	copyright = {Copyright (c) 2023 Revista Ponto de Vista},
	issn = {1983-2656},
	shorttitle = {Fãs e heróis em narrativas digitais},
	url = {https://periodicos.ufv.br/RPV/article/view/15435},
	doi = {10.47328/rpv.v12i1.15435},
	number = {1},
	urldate = {2024-05-17},
	journal = {Revista Ponto de Vista},
	author = {Pereira, Marcia Ferreira Torres and Zuin, Antonio Alvaro Soares},
	month = may,
	year = {2023},
	keywords = {Cultura digital, Autoridade, Narrativas literárias},
	pages = {01--21},
}

@book{turcke_hiperativos!_2016,
	address = {São Paulo},
	title = {Hiperativos! {Abaixo} a cultura do déficit de atenção},
	publisher = {Paz \& Terra},
	author = {Türcke, Christoph},
	year = {2016},
}

@misc{unesco_resumo_2023,
	title = {Resumo do {Relatório} de {Monitoramento} {Global} da {Educação} 2023: {Tecnologia} na educação: {Uma} ferramenta a serviço de quem?},
	url = {https://unesdoc.unesco.org/ark:/48223/pf0000386147_por},
	urldate = {2024-05-17},
	author = {{UNESCO}},
	year = {2023},
}