@misc{bardoel_deuze,
    title         = {Network Journalism: converging competences of old and new media professionals},
    author        = {Jo. Bardoel and Mark Deuze},
    url           = {http://home.pscw.nl/deuze/pub/9.htm},
    urldate       = {2025-04-30},
}

@misc{palacios1999,
    title         = {O que há de (realmente) novo no Jornalismo Online?},
    author        = {Marcos Palacios},
    note          = {Conferência proferida por ocasião do concurso público para Professor Titular na FACOM/UFBA, Salvador, Bahia, em 21.09.1999},
}

@book{bardin1977,
    title         = {Análise de conteúdo},
    author        = {Laurence Bardin},
    year          = {1977},
    publisher     = {Edições 70},
    address       = {Lisboa},
}

@book{gil1989,
    title         = {Métodos e técnicas de pesquisa social},
    author        = {Antonio Carlos Gil},
    year          = {1989},
    publisher     = {Atlas},
    address       = {São Paulo},
}

@book{krippendorff1990,
    title         = {Metodología de Análisis de contenido: Teoría y práctica},
    author        = {Klaus Krippendorff},
    year          = {1990},
    publisher     = {Paidós},
    address       = {Barcelona},
}

@article{santiago1993critica,
    title         = {Crítica literária e jornal na pós-modernidade},
    author        = {Santiago, Silviano},
    year          = {1993},
    month         = {10},
    journal       = {Revista de Estudos em Literatura},
    address       = {Belo Horizonte},
    volume        = {1},
    number        = {1},
    pages         = {11--17},
    url           = {http://www.letras.ufmg.br/poslit},
    urldate       = {2025-06-11},
}

@book{lajolo1996,
    title         = {A formação da leitura no Brasil},
    author        = {Marisa Lajolo and Regina Zilberman},
    year          = {1996},
    publisher     = {Ática},
    address       = {São Paulo},
}

@book{meyer1996,
    title         = {Folhetim: Uma história},
    author        = {Marlyse Meyer},
    year          = {1996},
    publisher     = {Companhia das Letras},
    address       = {São Paulo},
}

@book{levy1999,
    title         = {Cibercultura},
    author        = {Pierre Lévy},
    year          = {1999},
    publisher     = {Editora 34},
    address       = {São Paulo},
}

@book{dines2000,
    title         = {Correio braziliense, ou, Armazém literário},
    author        = {Alberto Dines},
    year          = {2000},
    publisher     = {Imprensa Oficial do Estado, Instituto Uniemp},
    address       = {São Paulo},
}

@book{arnt2001,
    title         = {A influência da literatura no jornalismo: O folhetim e a crônica},
    author        = {Héris Arnt},
    year          = {2001},
    publisher     = {E-papers},
    address       = {Rio de Janeiro},
}

@book{castells2001,
    title         = {A Sociedade em rede – A era da informação: economia, sociedade e cultura},
    author        = {Manuel Castells},
    year          = {2001},
    publisher     = {Paz e Terra},
    address       = {São Paulo},
}

@article{freitas2002,
    title         = {A abordagem sócio-histórica como orientadora da pesquisa qualitativa},
    author        = {Maria Teresa de Assunção Freitas},
    year          = {2002},
    month         = {7},
    journal       = {Cadernos de Pesquisa},
    address       = {São Paulo},
    number        = {116},
    pages         = {21--39},
    url           = {http://www.scielo.br/scielo.php?script=sci_arttext&pid=S0100-15742002000200002&lng=en&nrm=iso},
    urldate       = {2024-05-20},
}

@book{marcondes2002,
    title         = {A saga dos cães perdidos},
    author        = {Ciro Marcondes Filho},
    year          = {2002},
    publisher     = {Hacker},
    address       = {São Paulo},
}

@book{hohlfeldt2003,
    title         = {Deus escreve direito por linhas tortas: O romance folhetim dos jornais de Porto Alegre entre 1850 e 1900},
    author        = {Antonio Hohlfeldt},
    year          = {2003},
    publisher     = {Edipucrs},
    address       = {Porto Alegre},
}

@article{dalcastagnè2005,
    title         = {A personagem do romance brasileiro contemporâneo: 1990-2004},
    author        = {Regina Dalcastagnè},
    year          = {2005},
    month         = {12},
    journal       = {Estudos de Literatura Brasileira Contemporânea},
    number        = {26},
    pages         = {13--71},
    url           = {https://periodicos.unb.br/index.php/estudos/article/view/9077},
    urldate       = {2024-04-25},
}

@article{freitas2006,
    title         = {Considerações acerca dos primeiros periódicos científicos brasileiros},
    author        = {Maria Helena Freitas},
    year          = {2006},
    month         = {12},
    journal       = {Ciência da Informação},
    address       = {Brasília},
    volume        = {35},
    number        = {3},
    pages         = {54--66},
    url           = {http://www.scielo.br/scielo.php?script=sci_arttext&pid=S0100-19652006000300006&lng=en&nrm=iso},
    urldate       = {2024-07-15},
}

@misc{jenkins2006,
    title         = {Confronting the challenges of participatory culture},
    author        = {Henry Jenkins},
    year          = {2006},
    url           = {http://henryjenkins.org/2006/10/confronting_the_challenges_of.html#sthash.Z3zuFS3V.dpuf},
    urldate       = {2024-04-25},
}

@incollection{herscovitz2007analise,
    title         = {Análise de conteúdo em jornalismo},
    author        = {Herscovitz, Heloiza Golbspan},
    year          = {2007},
    booktitle     = {Metodologia de pesquisa em jornalismo},
    publisher     = {Vozes},
    address       = {Petrópolis},
    editor        = {Lago, Claudia and Benetti, Marcia},
}

@book{jenkins2008convergence,
    title         = {Convergence culture: la cultura de la convergencia de los medios de comunicación},
    author        = {Jenkins, Henry},
    year          = {2008},
    publisher     = {Paidós},
    address       = {Barcelona},
}

@book{gadini2009,
    title         = {Interesses cruzados: Produção da cultura no jornalismo brasileiro},
    author        = {Sérgio Luiz Gadini},
    year          = {2009},
    publisher     = {Paulus},
    address       = {São Paulo},
}

@book{jenkins2009,
    title         = {Cultura da Convergência},
    author        = {Henry Jenkins},
    year          = {2009},
    publisher     = {Aleph},
    address       = {São Paulo},
}

@incollection{golin2010,
    title         = {Jornalismo e a representação do sistema de produção cultural: Mediação e visibilidade},
    author        = {Cida Golin and Everton Torres Cardoso},
    year          = {2010},
    booktitle     = {Economia da arte e da cultura},
    publisher     = {Itaú Cultural; Cepos/Unisinos; PPGCOM/UFRGS; Obscom/UFS},
    address       = {São Paulo; São Leopoldo; Porto Alegre; São Cristóvão},
    pages         = {184--203},
    editor        = {César Bolaño and Cida Golin and Valério Brittos},
}

@book{canavilhas2011,
    title         = {Jornalismo para plataformas móveis de 2008 a 2011: da autonomia à emancipação},
    author        = {João Canavilhas and Douglas Cavallari Santana},
    year          = {2011},
    publisher     = {Líbero},
    address       = {São Paulo},
}

@book{shirky2011,
    title         = {A cultura da participação: Criatividade e generosidade no mundo conectado},
    author        = {Clay Shirky},
    year          = {2011},
    publisher     = {Zahar},
    address       = {Rio de Janeiro},
}

@article{pavlik2011,
    title         = {A Tecnologia Digital e o Jornalismo: as implicações para a Democracia},
    author        = {John Pavlik},
    year          = {2011},
    journal       = {Brazilian Journalism Research},
    volume        = {7},
    number        = {1},
    pages         = {94--118},
}

@incollection{herscovitz2012,
    title         = {Brazilian journalists in the 21st century},
    author        = {Heloiza Golbspan Herscovitz},
    year          = {2012},
    booktitle     = {The Global Journalists in the 21st Century},
    publisher     = {Routledge},
    address       = {New York},
    pages         = {365--381},
    editor        = {David Weaver and Lars Willnat},
}

@book{lima2013,
    title         = {Jornalismo cultural e crítica: A literatura brasileira no Suplemento Mais!},
    author        = {Marcelo Lima},
    year          = {2013},
    publisher     = {Editora UFPR; ARGOS},
    address       = {Curitiba; Chapecó},
}

@book{jenkins2014,
    title         = {Cultura da Conexão},
    author        = {Henry Jenkins and Sam Ford and Joshua Green},
    year          = {2014},
    publisher     = {Aleph},
    address       = {São Paulo},
}

@book{soares2014,
    title         = {A crônica brasileira do século XIX: Uma breve história},
    author        = {Marcus Vinicius Nogueira Soares},
    year          = {2014},
    publisher     = {É Realizações Editora},
    address       = {São Paulo},
}

@incollection{canavilhas2014webjornalismo,
    title         = {Webjornalismo: 7 características que marcam a diferença},
    author        = {Canavilhas, João},
    year          = {2014},
    booktitle     = {Hipertextualidade: novas arquiteturas noticiosas},
    publisher     = {Livros LabCom},
    address       = {Covilhã},
    pages         = {3--24},
    url           = {https://labcom.ubi.pt/en/webjornalismo-7-carateristicas-que-marcam-a-diferenc%cc%a7a/},
    urldate       = {2024-08-29},
    editor        = {Canavilhas, João},
}

@online{peixeeletrico2015,
    title         = {Texto de Editorial},
    author        = {{Peixe Elétrico}},
    year          = {2015},
    month         = {jul},
    url           = {https://www.peixe-eletrico.com/comeo},
    urldate       = {2024-08-29},
}

@online{pecora2015musa,
    title         = {A musa falida},
    author        = {Pécora, Alcir},
    year          = {2015},
    url           = {https://e-galaxia.com.br/publisher/peixe-eletrico/},
    urldate       = {2024-08-29},
}

@online{cercas2015pele,
    title         = {A pele de cebola},
    author        = {Cercas, Jávier},
    year          = {2015},
    url           = {https://e-galaxia.com.br/publisher/peixe-eletrico/},
    urldate       = {2024-08-29},
    howpublished  = {In: Peixe Elétrico. Ed. jul. 2015},
}

@online{rodrigues2015educacao,
    title         = {A educação pela pedrada},
    author        = {Rodrigues, Bruno},
    year          = {2015},
    url           = {https://e-galaxia.com.br/produto/peixe-eletrico-02/},
    urldate       = {2024-08-29},
    howpublished  = {In: Peixe Elétrico. Ed. jul. 2015},
}

@online{zacarias2016terror,
    title         = {No espelho que o terror oferece},
    author        = {Zacarias, Gabriel Ferreira},
    year          = {2016},
    url           = {https://e-galaxia.com.br/publisher/peixe-eletrico/},
    urldate       = {2024-08-29},
    howpublished  = {In: Peixe Elétrico. Ed. fev. 2016},
}

@online{peixeeletrico2017,
    title         = {Edição março/abril, 2017},
    author        = {{Peixe Elétrico}},
    year          = {2017},
    url           = {https://www.peixe-eletrico.com/},
    urldate       = {2024-08-29},
}
