@book{FLICK2007,
    title         = {Introducci\'{o}n a la investigaci\'{o}n cualitativa},
    author        = {Uwe Flick},
    year          = {2007},
    publisher     = {Ediciones Morata},
    address       = {Coru\~{n}a},
}

@misc{MINISTERIODEPLANIFICACION2010,
    title         = {{Ley n.\textordmasculine{} 20.422 de 10 de febrero de 2010. Establece Normas sobre Igualdad de Oportunidades e Inclusi\'{o}n Social de Personas con Discapacidad}},
    author        = {{Ministerio de Planificaci\'{o}n}},
    year          = {2010},
    month         = {2},
    url           = {http://bcn.cl/1uvqg},
    urldate       = {2017-12-21},
    howpublished  = {Congreso Nacional, Biblioteca del Congreso Nacional},
}

@article{KELLY2016,
    title         = {Narrowing the \guillemotleft{}digital divide\guillemotright{}-facilitating access to computer technology to enhance the lives of those with aphasia: a feasibility study},
    author        = {Kelly, Helen and Kennedy, Fiona and Britton, Hannah and Law, James},
    year          = {2016},
    month         = {3},
    journal       = {APHASIOLOGY},
    volume        = {30},
    number        = {2-3},
    pages         = {133--163},
    url           = {https://doi.org/10.1080/02687038.2015.1077926},
    urldate       = {2023-09-19},
}

@misc{CHILE2017,
    title         = {Ley n.\textordmasculine{} 21.015 de 29 mayo de 2017. Incentiva la inclusi\'{o}n de personas con discapacidad al mundo laboral},
    author        = {{Chile}},
    year          = {2017},
    url           = {https://bcn.cl/2f9hw},
    urldate       = {2023-09-19},
    howpublished  = {Congreso Nacional de Chile, Biblioteca del Congreso Nacional},
}

@article{LIN2018,
    title         = {To include, or not to include, that is the question: Disability digital inclusion and exclusion in China},
    author        = {Lin, Zhongxuan and Yang, Liu and Zhang, Zhi'an},
    year          = {2018},
    journal       = {New Media and Society},
    volume        = {20},
    number        = {12},
    pages         = {4436--4452},
    url           = {https://doi.org/10.1177/1461444818774866},
    urldate       = {2023-09-19},
}

@book{MALDONADO2020,
    title         = {Inclusi\'{o}n y cohesi\'{o}n social en el marco de la Agenda 2030 para el Desarrollo Sostenible: Claves para un desarrollo social inclusivo en Am\'{e}rica Latina},
    year          = {2020},
    publisher     = {Comisi\'{o}n Econ\'{o}mica para Am\'{e}rica Latina y el Caribe (CEPAL)},
    address       = {Santiago},
    url           = {https://hdl.handle.net/11362/45728},
    urldate       = {2023-05-15},
    editor        = {Maldonado, Carlos and Marinho, Mar\'{\i}a Luisa and Robles, Claudia},
}

@article{MARTINEZHEREDIA2020,
    title         = {Desaf\'{\i}os en la era digital actual: TIC y personas seniors de la Universidad de Granada (Espa\~{n}a)},
    author        = {Mart\'{\i}nez-Heredia, Nazaret},
    year          = {2020},
    month         = {7},
    journal       = {Texto Livre},
    volume        = {13},
    number        = {1},
    pages         = {82--95},
    url           = {https://doi.org/10.17851/1983-3652.13.1.82-95},
    urldate       = {2022-03-01},
}

@article{MORALES2020,
    title         = {La brecha digital en la base de desigualdades del mercado de trabajo en el siglo XXI},
    author        = {Morales, Ramiro and Macias, Mariela},
    year          = {2020},
    journal       = {Contribuciones a La Econom\'{\i}a},
    number        = {1},
    url           = {https://ideas.repec.org//a/erv/contri/y2020i2020-0104.html},
    urldate       = {2023-02-26},
}

@article{BARLOTT2021,
    title         = {A transactional perspective on the everyday use of technology by people with learning disabilities},
    author        = {Barlott, Tim and Mackenzie, Paige and Le Goullon, Damian and Campbell, Liam and Setchel, Jenny},
    year          = {2021},
    journal       = {Journal of Occupational Science},
    volume        = {30},
    number        = {2},
    pages         = {218--234},
    url           = {https://doi.org/10.1080/14427591.2021.1970616},
    urldate       = {2023-05-24},
}

@article{EGARD2021,
    title         = {The digital society comes sneaking in. An emerging field and its disabling barriers},
    author        = {Egard, Hanna and Hansson, Kristofer},
    year          = {2021},
    journal       = {Disability and Society},
    volume        = {38},
    number        = {5},
    pages         = {761--755},
    url           = {https://doi.org/10.1080/09687599.2021.1960275},
    urldate       = {2022-07-29},
}

@article{GUPTA2021,
    title         = {Employment outcomes and experiences of people with seeing disability in Canada: An analysis of the Canadian Survey on Disability 2017},
    author        = {Gupta, Shikha and Sukhai, Mahadeo and Wittich, Walter},
    year          = {2021},
    month         = {11},
    journal       = {PLoS ONE},
    volume        = {16},
    number        = {11},
    url           = {https://doi.org/10.1371/journal.pone.0260160},
    urldate       = {2023-05-24},
}

@article{PEREZROLDAN2021,
    title         = {Transformaci\'{o}n del mundo del empleo: Las nuevas formas de trabajo y su impacto sobre las personas con discapacidad},
    author        = {P\'{e}rez Rold\'{a}n, Teresa},
    year          = {2021},
    journal       = {Cuadernos de la C\'{a}tedra},
    number        = {2},
    url           = {https://openaccess.uoc.edu/handle/10609/130488},
    urldate       = {2023-02-26},
}

@article{PETHIG2021,
    title         = {A stigma power perspective on digital government service avoidance},
    author        = {Pethig, Florian and Kroenung, Julia and Noeltner, Markus},
    year          = {2021},
    journal       = {Government Information Quarterly},
    volume        = {38},
    number        = {2},
    url           = {https://doi.org/10.1016/j.giq.2020.101545},
    urldate       = {2023-07-29},
}

@article{PORTE2021,
    title         = {Barreiras tecnol\'{o}gicas: um fator limitador na acessibilidade das pessoas com defici\^{e}ncia},
    author        = {Porte, Marcelo and Rocha, Jos\'{e}},
    year          = {2021},
    month         = {9},
    journal       = {Texto Livre},
    volume        = {14},
    number        = {3},
    pages         = {1--18},
    url           = {https://doi.org/10.35699/1983-3652.2021.32563},
    urldate       = {2021-09-01},
}

@article{CHARITSIS2022,
    title         = {Data Ableism: Ability Expectations and Marginalization in Automated Societies},
    author        = {Charitsis, Vassilis and Lehtiniemi, Tuukka},
    year          = {2022},
    journal       = {Television and New Media},
    volume        = {24},
    number        = {1},
    pages         = {3--18},
    url           = {https://doi.org/10.1177/15274764221077660},
    urldate       = {2022-07-27},
}

@article{IBRAIMKULOV2022,
    title         = {Enhancement of Digital Literacy of Students with Disabilities},
    author        = {Ibraimkulov, Aibek and Khalikova, Kulira and Yerimbetova, Aigerim and Gromaszek, Konrad},
    year          = {2022},
    month         = {6},
    journal       = {European Journal of Contemporary Education},
    volume        = {11},
    number        = {2},
    pages         = {388--407},
    url           = {http://dx.doi.org/10.13187/ejced.2022.2.388},
    urldate       = {2023-05-24},
}

@article{KOLOTOUCHKINA2022,
    title         = {Smart cities, the digital divide, and people with disabilities},
    author        = {Kolotouchkina, Olga and Llorente, Carmen and Manfredi, Juan},
    year          = {2022},
    journal       = {Cities},
    volume        = {123},
    pages         = {1--4},
    url           = {https://doi.org/10.1016/j.cities.2022.103613},
    urldate       = {2023-07-29},
}

@article{LONGORIA2022,
    title         = {Systematic Mapping of Digital Gap and Gender, Age, Ethnicity, or Disability},
    author        = {Longoria, Ines and Bustamante, Rogelio and Ram\'{\i}rez-Montoya, Mar\'{\i}a and Molina, Artura},
    year          = {2022},
    month         = {1},
    journal       = {Sustainability},
    volume        = {14},
    number        = {3},
    pages         = {1297--1317},
    url           = {https://doi.org/10.3390/su14031297},
    urldate       = {2023-05-15},
}

@article{QU2022,
    title         = {Is the internet the game changer? Disabled people and digital work in China},
    author        = {Qu, Yuanyuan},
    year          = {2022},
    journal       = {Disability \& Society},
    volume        = {37},
    number        = {5},
    pages         = {725--745},
    url           = {https://doi.org/10.1080/09687599.2020.1833314},
    urldate       = {2023-05-13},
}

@article{SCANLAN2022,
    title         = {Reassessing the disability divide: unequal access as the world is pushed online},
    author        = {Scanlan, Mark},
    year          = {2022},
    month         = {8},
    journal       = {Universal Access in the Information Society},
    volume        = {21},
    number        = {3},
    pages         = {725--735},
    url           = {https://doi.org/10.1007/s10209-021-00803-5},
    urldate       = {2023-05-15},
}

@book{SENADIS2022,
    title         = {{III Estudio nacional de la discapacidad 2022. Resultados Nacionales de la poblaci\'{o}n Adulta}},
    author        = {{Servicio Nacional de la Discapacidad}},
    year          = {2022},
    publisher     = {Ministerio de Desarrollo Social y familia},
    url           = {https://www.senadis.gob.cl/pag/726/2036/datos\_iii\_endisc\_resultados\_de\_poblacion\_adulta},
    urldate       = {2023-05-13},
}

@incollection{BINIMELISESPINOZA2023,
    title         = {Personas mayores y brecha digital: un estudio de alcance sobre las investigaciones en el campo},
    author        = {Binimelis Espinoza, Helder},
    year          = {2023},
    booktitle     = {Envejecimiento y cultura: reflexiones respecto de la pandemia, formaci\'{o}n e investigaci\'{o}n interdisciplinaria},
    publisher     = {Ediciones UCM},
    address       = {Talca},
    pages         = {137--168},
    url           = {https://ediciones.ucm.cl/datoslibros.php?TLib=6zYZGO7GAtAUpA1ptUnU},
    urldate       = {2023-08-03},
    editor        = {Pi\~{n}a Mor\'{a}n, Marcelo and Olivo, Mar\'{\i}a Gladys and Mart\'{\i}nez, Carlos},
    edition       = {1.a},
}

@article{XU2023,
    title         = {The relationship between Internet use and mental health of the elderly: Analysis of the differences between urban and rural},
    author        = {Xu, Jinyan and Zhang, Qianqian},
    year          = {2023},
    month         = {1},
    journal       = {PLoS ONE},
    volume        = {18},
    number        = {1},
    pages         = {e0280318},
    url           = {https://doi.org/10.1371/journal.pone.0280318},
    urldate       = {2023-09-19},
}
