@book{krippendorff1980,
    title         = {Content analysis: an introduction to its methodology},
    author        = {Klaus Krippendorff},
    year          = {1980},
    publisher     = {SAGE Publications},
    edition       = {2nd},
}

@article{kasl1997,
    title         = {Teams as Learners},
    author        = {Elizabeth Kasl and Victoria Marsick and Kathleen Dechant},
    year          = {1997},
    journal       = {The Journal of Applied Behavioral Science},
    volume        = {33},
    pages         = {227--246},
    url           = {https://www.semanticscholar.org/paper/Teams-as-Learners-Kasl-Marsick/366a8ee0c489c58b690119fb8704a86e691d6c18},
    urldate       = {2024-10-16},
}

@article{barron1998,
    title         = {Doing with Understanding: Lessons from Research on Problem- and Project-Based Learning},
    author        = {Brigid Barron and Daniel Schwartz and Nancy Vye and Allison Moore and Anthony Petrosino and Linda Zech and John Bransford},
    year          = {1998},
    journal       = {The Journal of the Learning Sciences},
    volume        = {7},
    pages         = {271--311},
    url           = {http://doi.org/10.1207/s15327809jls0703\&4\_2},
    urldate       = {2024-10-16},
}

@article{hmelo2004,
    title         = {Problem-Based Learning: What and How Do Students Learn?},
    author        = {Cindy Hmelo-Silver},
    year          = {2004},
    journal       = {Educational Psychology Review},
    volume        = {16},
    pages         = {235--266},
    url           = {https://www.researchgate.net/publication/226053277_ProblemBased_Learning_What_and_How_Do_Students_Learn},
    urldate       = {2024-10-16},
}

@online{open_knowledge_foundation2005,
    title         = {Open Knowledge Foundation},
    author        = {Open Knowledge Foundation},
    year          = {2005},
    url           = {https://okfn.org/},
    urldate       = {2024-10-16},
}

@inproceedings{buzato2006,
    title         = {Letramento digital e conhecimento},
    author        = {Marcelo Buzato},
    year          = {2006},
    booktitle     = {III Congresso Ibero-Americano EducaRede: Educação, Internet e Oportunidades},
    address       = {Memorial da América Latina, São Paulo, Brasil},
    url           = {https://www.researchgate.net/publication/242229367_Letramentos_Digitais_e_Formacao_de_Professores},
    urldate       = {2024-10-16},
}

@online{silva2007,
    title         = {Qual a diferença entre Dados, Informação e Conhecimento},
    author        = {Silva, Heide},
    year          = {2007},
    url           = {http://www.profcordella.com.br/unisanta/textos/tgs21_dados_info_conhec.htm},
    urldate       = {2024-10-16},
}

@online{davies2010,
    title         = {Open data, democracy and public sector},
    author        = {Tim Davies},
    year          = {2010},
    url           = {http://practicalparticipation.co.uk/odi/report/wp-content/uploads/2010/08/How-is-open-governmentdata-being-used-in-practice.pdf},
    urldate       = {2024-10-16},
}

@misc{portal_brasileiro_dados_abertos2012,
    title         = {Portal Brasileiro de Dados Abertos},
    author        = {Portal Brasileiro de Dados Abertos},
    year          = {2012},
    url           = {https://wiki.dados.gov.br/Default.aspx?Page=Politica-de-Dados-},
    urldate       = {2024-10-16},
}

@online{unesco2012,
    title         = {Paris OER Declaration},
    author        = {Paris OER Declaration},
    year          = {2012},
    url           = {https://unesdoc.unesco.org/ark:/48223/pf0000246687},
    urldate       = {2024-10-16},
}

@article{atenas2015,
    title         = {Open data as open educational resources: Towards transversal skills and global citizenship},
    author        = {Javiera Atenas and Leo Havemann and Ernesto Priego},
    year          = {2015},
    journal       = {Open Praxis},
    volume        = {7},
    number        = {4},
    pages         = {377--389},
    url           = {https://openpraxis.org/35/volume/7/issue/4},
    urldate       = {2024-10-16},
}

@book{atenas2015case,
    title         = {Open Data as Open Educational Resources: Case studies of emerging practice},
    author        = {Javiera Atenas and Leo Havemann},
    year          = {2015},
    publisher     = {Open Knowledge, Open Education Working Group},
    address       = {London},
}

@inproceedings{bhargava2015,
    title         = {Designing Tools and Activities for Data Literacy Learners},
    author        = {Rahul Bhargava and Catherine D’Ignazio},
    year          = {2015},
    booktitle     = {Wed Science: Data Literacy Workshop},
    address       = {Oxford, UK},
    url           = {https://www.media.mit.edu/publications/designing-tools-and-activities-for-data-literacy-learners/},
    urldate       = {2024-10-16},
}

@online{datapop2015,
    title         = {Beyond Data Literacy: Reinventing Community Engagement and Empowerment in the Age of Data},
    author        = {Data Pop Alliance},
    year          = {2015},
    url           = {https://datapopalliance.org/wp-content/uploads/2015/11/Beyond-Data-Literacy-2015.pdf},
    urldate       = {2024-10-16},
}

@article{lobo2015,
    title         = {O impacto do uso de ferramenta de visualização de dados abertos como recurso de ensino e aprendizagem},
    author        = {Lobo, Alex and Maia, Luiz Cláudio and Parreiras, Fernando},
    year          = {2015},
    journal       = {Caderno de Geografia},
    publisher     = {Pontifícia Universidade Católica de Minas Gerais},
    address       = {Belo Horizonte, Brasil},
    volume        = {25},
    number        = {44},
    pages         = {97--117},
}

@online{open_data_charter2015,
    title         = {Principles},
    author        = {Open Data Charter},
    year          = {2015},
    url           = {https://opendatacharter.net/principles/},
    urldate       = {2024-10-16},
}

@inproceedings{wolff2015,
    title         = {Urban Data in the primary classroom: bringing data literacy to the UK curriculum},
    author        = {Wolff, Annika and Kortuem, Gerd and Cavero, Jose},
    year          = {2015},
    booktitle     = {Data Literacy Workshop},
    address       = {Oxford},
    url           = {http://oro.open.ac.uk/43855/},
    urldate       = {2024-10-16},
}

@incollection{guy2016,
    title         = {The Open Education Working Group: Bringing People, Projects and Data Together},
    author        = {Marieke Guy},
    year          = {2016},
    booktitle     = {Open Data for Education},
    publisher     = {Springer, Cham},
    series        = {Lecture Notes in Computer Science},
    volume        = {9500},
    editor        = {Mouromtsev, D. and d’Aquin, M.},
}

@incollection{zoss2016,
    title         = {Designing public visualizations of library data},
    author        = {Zoss, Angela},
    year          = {2016},
    booktitle     = {Data Visualization: A Guide to Visual Storytelling for Librarians},
    publisher     = {Rowman \& Littlefield Publishers, Inc.},
    address       = {Lanham, MD},
    pages         = {19--44},
    editor        = {Magnuson, L.},
}

@misc{open_data_institute2017,
    title         = {What is open data and why should we care?},
    author        = {Open Data Institute},
    year          = {2017},
    url           = {https://theodi.org/what-is-open-data},
    note          = {Acesso em: 20 jul. 2024},
}

@inproceedings{penteado2017,
    title         = {Dados abertos educacionais no Brasil e sua preparação para os dados abertos na web},
    author        = {Penteado, Bruno and Bittencourt, Ig and Isotani, Seiji},
    year          = {2017},
    booktitle     = {Conference Brazilian Symposium on Computers in Education},
    url           = {https://www.researchgate.net/publication/320344888_},
    urldate       = {2024-10-16},
}

@online{brasil2018bncc,
    title         = {Base Nacional Comum Curricular},
    author        = {Brasil. Ministério da Educação},
    year          = {2018},
    url           = {http://basenacionalcomum.mec.gov.br/images/BNCC_EI_EF_110518_versaofinal_site.pdf},
    urldate       = {2024-10-16},
}

@article{buzato2018,
    title         = {Dadificação, Visualização e Leitura do Mundo: quem fala por nós quando os números falam por si?},
    author        = {Marcelo Buzato},
    year          = {2018},
    journal       = {Linguagem em Foco},
    volume        = {10},
    number        = {1},
    pages         = {83--92},
}

@online{world_bank_data_catalog2018,
    title         = {The World Bank Data Catalog},
    author        = {The World Bank Data Catalog},
    year          = {2018},
    url           = {https://datacatalog.worldbank.org/},
    urldate       = {2024-10-16},
}

@incollection{atenas2019,
    title         = {Open data and education},
    author        = {Javiera Atenas and Leo Havemann},
    year          = {2019},
    booktitle     = {The state of open data: Histories and Horizons},
    publisher     = {African Minds and International Development Research Centre},
    address       = {Cape Town and Ottawa},
    pages         = {91--102},
    url           = {http://stateofopendata.od4d.net},
    urldate       = {2024-10-16},
}

@online{brasil2019temas,
    title         = {Temas Contemporâneos Transversais na BNCC},
    author        = {Brasil. Ministério da Educação},
    year          = {2019},
    publisher     = {Mec},
    address       = {Brasília, DF},
    url           = {http://basenacionalcomum.mec.gov.br/images/implementacao/guia_pratico_temas.pdf},
    urldate       = {2024-10-16},
}

@article{coughlan2019,
    title         = {The use of open data as a material for learning},
    author        = {Tim Coughlan},
    year          = {2019},
    journal       = {Educational Technology Research and Development},
    url           = {https://www.researchgate.net/publication/335485560_The_use_of_open_data_as_a_material_for_learning},
    urldate       = {2024-10-16},
}

@article{penteado2019,
    title         = {Exploratory analysis on the opening of education data in Brazil: how to improve the ecosystem of data on the Web?},
    author        = {Penteado, Bruno and Bittencourt, Ig and Isotani, Seiji},
    year          = {2019},
    journal       = {Revista Brasileira de Informática na Educação - RBIE},
    volume        = {27},
    number        = {1},
    pages         = {175--195},
}

@inproceedings{penteado2019framework,
    title         = {Framework para produção de dados educacionais conectados},
    author        = {Penteado, Bruno and Isotani, Seiji},
    year          = {2019},
    booktitle     = {VIII Congresso Brasileiro de Informática na Educação},
    url           = {https://www.researchgate.net/publication/337528709_Framework_para_producao_de_dados_educacionais_conectados},
    urldate       = {2024-10-16},
}

@inproceedings{alcantara2020,
    title         = {Desafios no uso de Dados Abertos Conectados na Educação Brasileira},
    author        = {Williams Alcantara and Judson Bandeira and Armando Sobrinho and André Lima and Thiago Ávila and Ig Bittencourt and Seiji Isotani},
    year          = {2020},
    booktitle     = {IV Workshop de Desafios da Computação aplicada à Educação},
    pages         = {11--20},
    url           = {https://www.researchgate.net/publication/340038963_Desafios_no_uso_de_Dados_Abertos_Conectados_na_Educacao_Brasileira},
    urldate       = {2024-10-16},
}

@book{kukulska-hulme2020,
    title         = {Innovating Pedagogy 2020: Open University Innovation Report 8},
    author        = {Kukulska-Hulme, Agnes and Beirne, Elaine and Conole, Grainne and Costello, Eamon and Coughlan, Tim and Ferguson, Rebecca and Fitzgerald, Elizabeth and Gaved, Mark and Herodotou, Christothea and Holmes, Wayne and Mac Lochlainn, Conchur and Nic Giolla Mhichíl, Mairead and Rienties, Bart and Sargent, Julia and Scanlon, Eileen and Sharples, Mike and Whitelock, Denise},
    year          = {2020},
    publisher     = {The Open University},
    address       = {Milton Keynes},
    url           = {https://www.researchgate.net/publication/338991922_Innovating_Pedagogy_2020_Open_University_Innovation_Report_8},
    urldate       = {2024-10-16},
}

@online{unesco2020,
    title         = {Corona Virus Media Watch launched by UNESCO’s International Research Centre on Artificial Intelligence in Slovenia},
    author        = {Unesco},
    year          = {2020},
    month         = {3},
    url           = {https://www.unesco.org/en/articles/corona-virus-media-watch-launched-unescos-international-research-centre-artificial-intelligence},
    urldate       = {2024-10-16},
}

@online{dataeu2021,
    author        = {Data Europe},
    year          = {2021},
    url           = {https://data.europa.eu/en},
    urldate       = {2024-10-16},
}

@online{world_development_report2021,
    title         = {Data for Better Lives},
    author        = {World Development Report 2021},
    year          = {2021},
    url           = {https://openknowledge.worldbank.org/bitstream/handle/10986/35218/211600mm.pf},
    urldate       = {2024-10-16},
}

@article{lima-lopes2022,
    title         = {Ciência Aberta e suas Contribuições para a Educação Aberta},
    author        = {Lima-Lopes, Rodrigo Esteves de},
    year          = {2022},
    journal       = {Revista Linguagem \& Ensino},
    volume        = {25},
    number        = {especial},
    pages         = {141--155},
}

@article{lima-lopes2023,
    title         = {Letramento de Dados e suas Possibilidades para a Educação Científica em Língua/Linguagem},
    author        = {Lima-Lopes, Rodrigo Esteves de},
    year          = {2023},
    month         = {4},
    journal       = {Revista Leia Escola},
    volume        = {23},
    number        = {1},
    pages         = {62--81},
}
