@book{barroso2019,
	address = {México},
	title = {A new framework for navigating the complexities of accelerated technological change and {Internet} impact on small-medium size business growth in {Mexico}},
	publisher = {Tecnológico de Monterrey, Escuela de Gobierno y Transformación Social},
	author = {Barroso, E. and Molina, E. and Poiré, P.},
	year = {2019},
}
@book{brown2016,
	address = {New York},
	edition = {Third edition},
	title = {The essentials of instructional design: connecting fundamental principles with process and practice},
	publisher = {Routledge},
	author = {Brown, Abbie and Green, Timothy D.},
	year = {2016},
}
@article{cozar-gutierrez2016,
	title = {Game-based learning and gamification in initial teacher training in the social sciences: an experiment with {MinecraftEdu}},
	volume = {13},
	url = {http://www.educationaltechnologyjournal.springeropen.com/content/13/1/2},
	doi = {10.1186/s41239-016-0003-4},
	number = {1},
	urldate = {2021-07-05},
	journal = {International Journal of Educational Technology in Higher Education},
	author = {Cózar-Gutiérrez, Ramón and Sáez-López, José Manuel},
	month = dec,
	year = {2016},
	pages = {2},
}
@book{creswell2007,
	address = {Thousand Oaks},
	edition = {2nd ed},
	title = {Qualitative inquiry \& research design: choosing among five approaches},
	publisher = {Sage Publications},
	author = {Creswell, John W.},
	year = {2007},
}
@article{dominguez_perez2018,
	title = {Instructional design for the development of digital educational contents for smartphones},
	volume = {10},
	url = {http://www.udgvirtual.udg.mx/apertura/index.php/apertura/article/view/1346},
	doi = {10.32870/Ap.v10n2.1346},
	number = {2},
	urldate = {2021-07-05},
	journal = {Apertura},
	author = {Domínguez Pérez, Claudia and Organista Sandoval, Javier and López Ornelas, Maricela},
	month = oct,
	year = {2018},
	pages = {80-93},
}
@article{drachsler2016,
	title = {The {MOOC} and learning analytics innovation cycle ({MOLAC}): a reflective summary of ongoing research and its challenges: {MOLAC}},
	volume = {32},
	url = {http://doi.wiley.com/10.1111/jcal.12135},
	doi = {10.1111/jcal.12135},
	number = {3},
	urldate = {2021-07-05},
	journal = {Journal of Computer Assisted Learning},
	author = {Drachsler, H. and Kalz, M.},
	month = jun,
	year = {2016},
	pages = {281-290},
}
@article{fidalgo-blanco2017,
	title = {Micro flip teaching ‒ {An} innovative model to promote the active involvement of students},
	volume = {72},
	url = {https://linkinghub.elsevier.com/retrieve/pii/S0747563216305507},
	doi = {10.1016/j.chb.2016.07.060},
	urldate = {2021-07-05},
	journal = {Computers in Human Behavior},
	author = {Fidalgo-Blanco, Angel and Martinez-Nuñez, Margarita and Borrás-Gene, Oriol and Sanchez-Medina, Javier J.},
	month = jul,
	year = {2017},
	pages = {713-723},
}
@article{filser2019,
	title = {Entrepreneurship as {Catalyst} for {Sustainable} {Development}: {Opening} the {Black} {Box}},
	volume = {11},
	url = {https://www.mdpi.com/2071-1050/11/16/4503},
	doi = {10.3390/su11164503},
	number = {16},
	urldate = {2021-07-05},
	journal = {Sustainability},
	author = {Filser, Matthias and Kraus, Sascha and Roig-Tierno, Norat and Kailer, Norbert and Fischer, Ulrike},
	month = aug,
	year = {2019},
	pages = {4503},
}
@inproceedings{garcia-gonzalez2019,
	address = {León Spain},
	title = {An instrument for evaluating the innovation of an educational platform: {Reliability} piloting},
	url = {https://dl.acm.org/doi/10.1145/3362789.3362793},
	doi = {10.1145/3362789.3362793},
	urldate = {2021-07-05},
	booktitle = {Proceedings of the {Seventh} {International} {Conference} on {Technological} {Ecosystems} for {Enhancing} {Multiculturality}},
	publisher = {ACM},
	author = {García-González, Abel and Ramírez-Montoya, María Soledad},
	month = oct,
	year = {2019},
	pages = {711--717},
}
@inproceedings{garcia-gonzalez2020,
	address = {Porto, Portugal},
	title = {Validation of instruments to measure social entrepreneurship competence. {The} {OpenSocialLab} project},
	url = {https://ieeexplore.ieee.org/document/9125382/},
	doi = {10.1109/EDUCON45650.2020.9125382},
	urldate = {2021-07-05},
	booktitle = {2020 {IEEE} {Global} {Engineering} {Education} {Conference} ({EDUCON})},
	publisher = {IEEE},
	author = {García-González, Abel and Romero-Rodriguez, Luis-Miguel and Romero-Rodriguez, Jose-Maria and Ramirez-Montoya, Maria-Soledad},
	month = apr,
	year = {2020},
	pages = {1338--1342},
}
@article{harris2016,
	title = {Distributed leadership in practice: {Evidence}, misconceptions and possibilities},
	volume = {30},
	url = {http://journals.sagepub.com/doi/10.1177/0892020616656734},
	doi = {10.1177/0892020616656734},
	number = {4},
	urldate = {2021-07-05},
	journal = {Management in Education},
	author = {Harris, Alma and DeFlaminis, John},
	month = oct,
	year = {2016},
	pages = {141--146},
}
@article{hernandez-de-menendez2020,
	title = {Educational experiences with {Generation} {Z}},
	volume = {14},
	url = {http://link.springer.com/10.1007/s12008-020-00674-9},
	doi = {10.1007/s12008-020-00674-9},
	number = {3},
	urldate = {2021-07-05},
	journal = {International Journal on Interactive Design and Manufacturing (IJIDeM)},
	author = {Hernandez-de-Menendez, Marcela and Escobar Díaz, Carlos A. and Morales-Menendez, Ruben},
	month = sep,
	year = {2020},
	pages = {847--859},
}
@article{hidrogo2020,
	title = {Mostla for engineering education: part 2 emerging technologies},
	volume = {14},
	url = {http://link.springer.com/10.1007/s12008-020-00729-x},
	doi = {10.1007/s12008-020-00729-x},
	number = {4},
	urldate = {2021-07-05},
	journal = {International Journal on Interactive Design and Manufacturing (IJIDeM)},
	author = {Hidrogo, Irving and Zambrano, David and Hernandez-de-Menendez, Marcela and Morales-Menendez, Ruben},
	month = dec,
	year = {2020},
	pages = {1461--1473},
}
@article{kolleck2016,
	title = {Uncovering influence through {Social} {Network} {Analysis}: the role of schools in {Education} for {Sustainable} {Development}},
	volume = {31},
	url = {http://www.tandfonline.com/doi/full/10.1080/02680939.2015.1119315},
	doi = {10.1080/02680939.2015.1119315},
	number = {3},
	urldate = {2021-07-05},
	journal = {Journal of Education Policy},
	author = {Kolleck, Nina},
	month = may,
	year = {2016},
	pages = {308--329},
}
@article{kumar2021,
	title = {Development of an augmented reality‐based scaffold to improve the learning experience of engineering students in embedded system course},
	volume = {29},
	url = {https://onlinelibrary.wiley.com/doi/10.1002/cae.22245},
	doi = {10.1002/cae.22245},
	number = {1},
	urldate = {2021-07-05},
	journal = {Computer Applications in Engineering Education},
	author = {Kumar, Amit and Mantri, Archana and Dutta, Rubina},
	month = jan,
	year = {2021},
	pages = {244--257},
}
@article{leech2007,
	title = {An array of qualitative data analysis tools: {A} call for data analysis triangulation.},
	volume = {22},
	url = {http://doi.apa.org/getdoi.cfm?doi=10.1037/1045-3830.22.4.557},
	doi = {10.1037/1045-3830.22.4.557},
	number = {4},
	urldate = {2021-07-05},
	journal = {School Psychology Quarterly},
	author = {Leech, Nancy L. and Onwuegbuzie, Anthony J.},
	month = dec,
	year = {2007},
	pages = {557--584},
}
@article{martin2020,
	title = {A synthesis of systematic review research on emerging learning environments and technologies},
	volume = {68},
	url = {http://link.springer.com/10.1007/s11423-020-09812-2},
	doi = {10.1007/s11423-020-09812-2},
	number = {4},
	urldate = {2021-07-05},
	journal = {Educational Technology Research and Development},
	author = {Martin, Florence and Dennen, Vanessa P. and Bonk, Curtis J.},
	month = aug,
	year = {2020},
	pages = {1613--1633},
}
@article{meletiou-mavrotheris2021,
	title = {The {Role} of {Learning} and {Communication} {Technologies} in {Online} {Courses}’ {Design} and {Delivery}: {A} {Cross}-{National} {Study} of {Faculty} {Perceptions} and {Practices}},
	volume = {6},
	url = {https://www.frontiersin.org/articles/10.3389/feduc.2021.558676/full},
	doi = {10.3389/feduc.2021.558676},
	urldate = {2021-07-05},
	journal = {Frontiers in Education},
	author = {Meletiou-Mavrotheris, Maria and Mavrou, Katerina and Rebelo, Piedade Vaz},
	month = mar,
	year = {2021},
	pages = {558676},
}
@inproceedings{miranda2019,
	address = {Valbonne Sophia-Antipolis, France},
	title = {Open {Innovation} {Laboratories} as {Enabling} {Resources} to {Reach} the {Vision} of {Education} 4.0},
	url = {https://ieeexplore.ieee.org/document/8792595/},
	doi = {10.1109/ICE.2019.8792595},
	urldate = {2021-07-05},
	booktitle = {2019 {IEEE} {International} {Conference} on {Engineering}, {Technology} and {Innovation} ({ICE}/{ITMC})},
	publisher = {IEEE},
	author = {Miranda, Jhonattan and Lopez, Claudia S. and Navarro, Sergio and Bustamante, Martin R. and Molina, Jose Martin and Molina, Arturo},
	month = jun,
	year = {2019},
	pages = {1--7},
}
@article{mora2017,
	title = {Red social facebook y el diseño instruccional {ASSURE}},
	volume = {12},
	url = {https://www.semanticscholar.org/paper/Red-social-facebook-y-el-dise\%C3\%B1o-instruccional-Mora-Ramos/b4b0fa4c6a06a1c66a9f60672e4d7c24237ac27d},
	number = {1},
	urldate = {2021-07-05},
	journal = {Impacto Científico},
	author = {Mora, Nohemí and Ramos, Luis},
	year = {2017},
	pages = {189--199},
}
@article{onwuegbuzie2006,
	title = {Linking {Research} {Questions} to {Mixed} {Methods} {Data} {Analysis} {Procedures} 1},
	issn = {2160-3715, 1052-0147},
	url = {https://nsuworks.nova.edu/tqr/vol11/iss3/3/},
	doi = {10.46743/2160-3715/2006.1663},
	urldate = {2021-07-05},
	journal = {The Qualitative Report},
	author = {Onwuegbuzie, Anthony and Leech, Nancy},
	year = {2006},
}
@article{orus2016,
	title = {The effects of learner-generated videos for {YouTube} on learning outcomes and satisfaction},
	volume = {95},
	url = {https://linkinghub.elsevier.com/retrieve/pii/S0360131516300070},
	doi = {10.1016/j.compedu.2016.01.007},
	urldate = {2021-07-05},
	journal = {Computers \& Education},
	author = {Orús, Carlos and Barlés, María José and Belanche, Daniel and Casaló, Luis and Fraj, Elena and Gurrea, Raquel},
	month = apr,
	year = {2016},
	pages = {254--269},
}
@article{ozgen2021,
	title = {Usability of virtual reality for basic design education: a comparative study with paper-based design},
	volume = {31},
	url = {http://link.springer.com/10.1007/s10798-019-09554-0},
	doi = {10.1007/s10798-019-09554-0},
	number = {2},
	urldate = {2021-07-05},
	journal = {International Journal of Technology and Design Education},
	author = {Özgen, Dilay Seda and Afacan, Yasemin and Sürer, Elif},
	month = apr,
	year = {2021},
	pages = {357--377},
}
@article{quinn2016,
	title = {Digging deeper: {Understanding} the power of ‘student voice’},
	volume = {60},
	url = {http://journals.sagepub.com/doi/10.1177/0004944115626402},
	doi = {10.1177/0004944115626402},
	number = {1},
	urldate = {2021-07-05},
	journal = {Australian Journal of Education},
	author = {Quinn, Sarah and Owen, Susanne},
	month = apr,
	year = {2016},
	pages = {60--72},
}
@inproceedings{portuguez-castro2020,
	address = {Taipei, Taiwan},
	title = {Analysis of the {Opinion} of {Teachers} on {Students} {Participation} in {Entrepreneurship} {Activities} in {Higher} {Education}},
	url = {https://escueladehumanidades.tec.mx/dee/content/analysis-opinion-teachers-students-participation-entrepreneurship-activities-higher},
	urldate = {2021-07-05},
	booktitle = {2nd {International} {Conference} on {Research} {Approaches} in {Social} {Science}, {Business} {E}- {Commerce} and {Entrepreneurship}},
	publisher = {Taiwan Academy of Social Sciences},
	author = {Portuguez-Castro, May and Gómez-Zermeño, Marcela Georgina},
	year = {2020},
}
@article{portuguez_castro2019,
	title = {The {Impact} of {Higher} {Education} on {Entrepreneurship} and the {Innovation} {Ecosystem}: {A} {Case} {Study} in {Mexico}},
	volume = {11},
	url = {https://www.mdpi.com/2071-1050/11/20/5597},
	doi = {10.3390/su11205597},
	number = {20},
	urldate = {2021-07-05},
	journal = {Sustainability},
	author = {Portuguez Castro, May and Ross Scheede, Carlos and Gómez Zermeño, Marcela Georgina},
	month = oct,
	year = {2019},
	pages = {5597},
}
@inproceedings{ramirez-montoya2020,
	address = {Porto, Portugal},
	title = {Emerging technologies for the proposal and design of a {MOOC} on social entrepreneurship},
	url = {https://ieeexplore.ieee.org/document/9125194/},
	doi = {10.1109/EDUCON45650.2020.9125194},
	urldate = {2021-07-05},
	booktitle = {2020 {IEEE} {Global} {Engineering} {Education} {Conference} ({EDUCON})},
	publisher = {IEEE},
	author = {Ramirez-Montoya, Maria-Soledad and Gonzalez-Padron, Jose-Guadalupe and Muzquiz-Flores, Marlene and Gonzalez-Garcia, Abel and Romero-Rodriguez, Jose-Maria and Aznar-Diaz, Inmaculada},
	month = apr,
	year = {2020},
	pages = {1343--1346},
}
@article{roman-gonzalez2017,
	title = {Which cognitive abilities underlie computational thinking? {Criterion} validity of the {Computational} {Thinking} {Test}},
	volume = {72},
	url = {https://linkinghub.elsevier.com/retrieve/pii/S0747563216306185},
	doi = {10.1016/j.chb.2016.08.047},
	urldate = {2021-07-05},
	journal = {Computers in Human Behavior},
	author = {Román-González, Marcos and Pérez-González, Juan-Carlos and Jiménez-Fernández, Carmen},
	month = jul,
	year = {2017},
	pages = {678--691},
}
@article{rose2016,
	title = {The {Flipped} {Classroom} in {Emergency} {Medicine} {Using} {Online} {Videos} with {Interpolated} {Questions}},
	volume = {51},
	url = {https://linkinghub.elsevier.com/retrieve/pii/S0736467916301639},
	doi = {10.1016/j.jemermed.2016.05.033},
	number = {3},
	urldate = {2021-07-05},
	journal = {The Journal of Emergency Medicine},
	author = {Rose, Emily and Claudius, Ilene and Tabatabai, Ramin and Kearl, Liza and Behar, Solomon and Jhun, Paul},
	month = sep,
	year = {2016},
	pages = {284--291.e1},
}
@article{sanchez-hernandez2019,
	title = {Sustainable {Entrepreneurial} {Culture} {Programs} {Promoting} {Social} {Responsibility}: {A} {European} {Regional} {Experience}},
	volume = {11},
	url = {https://www.mdpi.com/2071-1050/11/13/3625},
	doi = {10.3390/su11133625},
	number = {13},
	urldate = {2021-07-05},
	journal = {Sustainability},
	author = {{Sánchez-Hernández} and {Maldonado-Briegas}},
	month = jul,
	year = {2019},
	pages = {3625},
}
@article{schneider2017,
	title = {Variables associated with achievement in higher education: {A} systematic review of meta-analyses.},
	volume = {143},
	url = {http://doi.apa.org/getdoi.cfm?doi=10.1037/bul0000098},
	doi = {10.1037/bul0000098},
	number = {6},
	urldate = {2021-07-05},
	journal = {Psychological Bulletin},
	author = {Schneider, Michael and Preckel, Franzis},
	year = {2017},
	pages = {565--600},
}
@incollection{smith1990,
	address = {Newbury Park, California, Estados Unidos},
	edition = {Egon G. Guba},
	title = {Ethics, field studies, and the paradigm crisis},
	booktitle = {The paradigm dialog},
	publisher = {Sage},
	author = {Smith, Louis M.},
	year = {1990},
	pages = {139--157},
}
@incollection{traxler2012,
	address = {Singapore},
	title = {Ethics and {ICTD} {Research}},
	url = {https://www.degruyter.com/document/doi/10.1355/9789814380010-012/html},
	urldate = {2021-07-05},
	booktitle = {Linking {Research} to {Practice}. {Strengthening} {ICT} for {Development} {Research} {Capacity} in {Asia}},
	editor = {Chib, Arul and Harris, Roger W.},
	publisher = {ISEAS Publishing},
	author = {Traxler, John},
	month = dec,
	year = {2012},
	doi = {10.1355/9789814380010-012},
	pages = {68--81},
}
@article{ulrich2021,
	title = {Learning effectiveness of 360° video: experiences from a controlled experiment in healthcare education},
	volume = {29},
	url = {https://www.tandfonline.com/doi/full/10.1080/10494820.2019.1579234},
	doi = {10.1080/10494820.2019.1579234},
	number = {1},
	urldate = {2021-07-05},
	journal = {Interactive Learning Environments},
	author = {Ulrich, Frank and Helms, Niels Henrik and Frandsen, Uffe Poulsgaard and Rafn, Anne Vollen},
	month = jan,
	year = {2021},
	pages = {98--111},
}
@online{unesco2015,
	title = {La {UNESCO} y los {Objetivos} de {Desarrollo} {Sostenible}},
	url = {https://es.unesco.org/sdgs},
	urldate = {2021-07-05},
	journal = {UNESCO},
	author = {{UNESCO}},
	month = sep,
	year = {2015},
}
@article{utomo2019,
	title = {Developing social entrepreneurship: a study of community perception in {Indonesia}},
	volume = {7},
	url = {https://jssidoi.org/jesi/article/366},
	doi = {10.9770/jesi.2019.7.1(18)},
	number = {1},
	urldate = {2021-07-05},
	journal = {Entrepreneurship and Sustainability Issues},
	author = {Utomo, Hardi and Priyanto, Sony Heru and Suharti, Lieli and Sasongko, Gatot},
	month = sep,
	year = {2019},
	pages = {233-246},
}