@Article{aravena,
author = {Soledad Aravena and Riva Quiroga},
title = {Desarrollo de la complejidad léxica en dos géneros escritospor estudiantes de distintos grupos socioeconómicos},
journal = {Onomazein},
year = {2018},
volume = {42},
pages = {1--25}
}

@Article{arancibia,
author = {Rita {Arancibia Bravo}},
title = {Relaciones entre cantidad y calidad del conocimiento léxico y la comprensión de lectura en aprendientes de inglés como lengua extranjera},
journal = {Lenguas Modernas},
year = {2011},
volume = {37},
pages = {11--31}
}

@article{Ayala2019,
  doi = {10.31876/ed.v3i2.34},
  url = {http://doi.org/10.31876/ed.v3i2.34},
  year = {2019},
  month = jul,
  publisher = {Grupo Compas},
  volume = {3},
  number = {2},
  pages = {41--49},
  author = {Clara Ayala},
  title = {Competencia comunicativa: la argumentaci{\'{o}}n en estudiantes del primer ciclo de la {UCSG}: un estudio de casos},
  journal = {Revista Tecnol{\'{o}}gica Ciencia y Educaci{\'{o}}n Edwards Deming}
}

@article{Balta2018,
  doi = {10.5539/jel.v7n3p233},
  url = {https://doi.org/10.5539/jel.v7n3p233},
  year = {2018},
  month = mar,
  publisher = {Canadian Center of Science and Education},
  volume = {7},
  number = {3},
  pages = {233},
  author = {Elif Emine Balta},
  title = {The Relationships Among Writing Skills,  Writing Anxiety and Metacognitive Awareness},
  journal = {Journal of Education and Learning}
}

@article{Baker2019,
  doi = {10.1080/07294360.2018.1540554},
  url = {https://doi.org/10.1080/07294360.2018.1540554},
  year = {2019},
  month = dec,
  publisher = {Informa {UK} Limited},
  volume = {38},
  number = {1},
  pages = {142--156},
  author = {Sally Baker and Bongi Bangeni and Rachel Burke and Aditi Hunma},
  title = {The invisibility of academic reading as social practice and its implications for equity in higher education: a scoping study},
  journal = {Higher Education Research {\&} Development}
}

@Book{acuna2006,
author = {Mirian {Balestrini Acuña}},
title = {Como se elabora el proyecto de investigación},
publisher = {Editorial Textos},
year = {2006},
address = {Caracas}
}

@Article{caceres2020,
author = {María Del Pilar {Cáceres Reche} and Antonio-Manuel {Rodríguez-García} and Gerardo {Gómez García} and Carmen {Rodríguez Jiménez}},
title = {Analíticas de aprendizaje en educación superior: una revisión de la literatura científica de impacto},
journal = {IJERI: International Journal of Educational Research and Innovation},
year = {2020},
volume = {13},
pages = {32--46}
}


@Article{vega2018,
author = {Grechel {Calzadilla Vega}},
title = {Ampliación del léxico disponible, reto para la enseñanza de la lenguamaterna en la educación superior},
journal = {Revista Atlante: Cuadernos de Educación y Desarrollo},
year = {2018},
url = {https://www.eumed.net/rev/atlante/2018/05/ensenanza-lengua-materna.html},
urldate = {2020-03-12}
}

@Article{cantis2003,
author = {Paula Cecilia {Carlino Cantis}},
title = {Alfabetización Académica: Un Cambio Necesario, algunas Alternativas Posibles},
journal = {Educere},
year = {2003},
volume = {6},
number = {20},
pages = {409--420}
}

@Article{cantis2013,
author = {Paula Cecilia {Carlino Cantis}},
title = {Alfabetización académica 10 años después},
journal = {Revista Mexicana de Investigación Educativa},
year = {2013},
volume = {18},
number = {57},
pages = {355--381}
}

@article{Choudhury2015,
  doi = {10.26634/jelt.5.3.3563},
  url = {https://doi.org/10.26634/jelt.5.3.3563},
  year = {2015},
  month = sep,
  publisher = {i-manager Publications},
  volume = {5},
  number = {3},
  pages = {34--42},
  author = {Anindya Syam Choudhury},
  title = {Second/Foreign Language Lexical Competence: Its Dimensions and Ways of Measuring it},
  journal = {Journal on English Language Teaching}
}

@article{CisnerosEstupian2019,
  doi = {10.32997/2463-0470-vol.27-num.1-2019-2626},
  url = {https://doi.org/10.32997/2463-0470-vol.27-num.1-2019-2626},
  year = {2019},
  month = jan,
  publisher = {Universidad de Cartagena},
  volume = {27},
  number = {1},
  pages = {249--266},
  author = {Mireya {Cisneros Estupiñan} and Giohanny {Olave Arias}},
  title = {El léxico disciplinar en la educación universitaria},
  journal = {Panorama Económico}
}

@InBook{conole,
author = {Gráinne Conole},
editor = {Linda Castañeda and Jordi Adell},
title = {Entornos Personales de Aprendizaje: claves para el ecosistema educativo en red},
chapter = {Las pedagogías de los entornos personales de aprendizaje},
publisher = {Marfil},
year = {2013},
pages = {185--188}
}

@article{Snchez2019,
  doi = {10.1590/s1678-4634201945193355},
  url = {https://doi.org/10.1590/s1678-4634201945193355},
  year = {2019},
  publisher = {{FapUNIFESP} ({SciELO})},
  volume = {45},
  author = {José Luis {Serrano Sánchez} and Xavier {Carrera Farrán} and Enric {Brescó Baiges} and Cristóbal Suárez-Guerrero},
  title = {Tratamiento crítico de la información de estudiantes universitarios desde los entornos personales de aprendizaje},
  journal = {Educação e Pesquisa}
}

@TechReport{ivei2013,
author = {{Gobierno Vasco}},
title = {Evaluación de la expresión escrita: criterios de corrección},
institution = {Departamento de Educación, Política Lingüística y Cultura, IVEI},
year = {2013},
address = {País Vasco}
}

@article{Kse2019,
  doi = {10.29333/iji.2019.12146a},
  url = {https://doi.org/10.29333/iji.2019.12146a},
  year = {2019},
  month = jan,
  publisher = {Modestum Limited},
  volume = {12},
  number = {1},
  pages = {717--736},
  author = {Gül Durmuşoğlu Köse and İlknur Yüksel and Yusuf Öztürk and Musa Tömen},
  title = {Turkish Academics' Foreign Language Academic Literacy: A Needs Analysis Study},
  journal = {International Journal of Instruction}
}

@Article{echeverria1987,
author = {Max Sergio Echeverría and María Oliva Herrera G. and Patricio Moreno and Francisco Pradenas },
title = {Disponibilidad léxica en Educación Media},
journal = {Revista de lingüística teórica y aplicada},
year = {1987},
volume = {25},
pages = {55--115}
}

@article{FigueroaSeplveda2018,
  doi = {10.30827/reugra.v25i0.105},
  url = {https://doi.org/10.30827/reugra.v25i0.105},
  year = {2018},
  month = nov,
  publisher = {Editorial de la Universidad de Granada},
  volume = {25},
  pages = {113},
  author = {Susana {Figueroa Sepúlveda} and Miguel Ángel {Tobías Martínez}},
  title = {La importancia de la comprensión lectora: un análisis en alumnado de educación básica en Chile},
  journal = {Revista de Educación de la Universidad de Granada}
}

@InProceedings{penalvo2015,
author = {Francisco J. García-Peñalvo and Ángel Hernández-García and Miguel Á. Conde and Ángel Fidalgo-Blanco and María Luisa Sein-Echaluce and Faraón Llorens-Largo and Santiago Iglesias-Pradas},
title = {Mirando hacia el futuro: Ecosistemas tecnológicos de aprendizaje basados en servicios},
booktitle = {La Sociedad del Aprendizaje. Actas del III Congreso Internacional sobre Aprendizaje, Innovación y Competitividad. CINAIC   2015   (14-16   de   Octubre   de   2015,   Madrid,   España). },
pages = {553--558},
year = {2015},
editor = {Ángel Fidalgo Blanco and Maria Luisa SeinEchaluce Lacleta and Francisco J. García-Peñalvo},
address = {Madrid, Spain},
publisher = {Fundación General de la Universidad Politécnica de Madrid},
}

@article{GermanyG2000,
  doi = {10.4067/s0718-07052000000100003},
  url = {https://doi.org/10.4067/s0718-07052000000100003},
  year = {2000},
  publisher = {{SciELO} Agencia Nacional de Investigacion y Desarrollo ({ANID})},
  number = {26},
  author = {Patricia Germany and Ninette Cartes},
  title = {Léxico disponible en inglés como segunda lengua de instrucción formalizada},
  journal = {Estudios pedagógicos (Valdivia)}
}

@article{Giammatteo2003,
  doi = {10.1174/113564003765202375},
  url = {https://doi.org/10.1174/113564003765202375},
  year = {2003},
  month = jan,
  publisher = {Informa {UK} Limited},
  volume = {15},
  number = {1},
  pages = {29--45},
  author = {Mabel Giammatteo and María Basualdo},
  title = {Desempeño léxico y producción escrita. Análisis y comparación de resultados de una experiencia aplicada en la escuela secundaria},
  journal = {Cultura y Educación}
}

@article{GonzaloZapico2016,
  doi = {10.15359/rep.11-2.7},
  url = {https://doi.org/10.15359/rep.11-2.7},
  year = {2016},
  month = dec,
  publisher = {Universidad Nacional de Costa Rica},
  volume = {11},
  number = {2},
  pages = {159--171},
  author = {Martín {Gonzalo Zapico}},
  title = {Evaluación de desempeño académico: La competencia léxica productiva como competencia con validez predictiva},
  journal = {Revista Ensayos Pedagógicos},
  url = {https://www.revistas.una.ac.cr/index.php/ensayospedagogicos/article/view/9151},
  urldate = {2020-07-28}
}

@article{Zapico2017,
  doi = {10.15359/rep.12-1.8},
  url = {https://doi.org/10.15359/rep.12-1.8},
  year = {2017},
  month = aug,
  publisher = {Universidad Nacional de Costa Rica},
  volume = {12},
  number = {1},
  pages = {149},
  author = {Martín {Gonzalo Zapico} and Alejandro {Gómez-Delsouc}},
  title = {Competencia léxico-productiva,  memoria a corto plazo y desempeño académico en nivel superior: correlaciones a partir de un análisis simple y uno multivariado},
  journal = {Revista Ensayos Pedagógicos}
}

@article{gracia2019,
  place = {PL},
  title = {La competencia comunicativa y lingüística en la formación inicial de maestros: un estudio piloto},
  volume = {16},
  ISSN = {25438409},
  url = {https://doi.org/10.14632/mjse.2019.16.103},
  DOI = {10.14632/mjse.2019.16.103},
  number = {2},
  journal = {Multidisciplinary Journal of School Education},
  publisher = {Institute of Educational Sciences at Jesuit University Ignatianum in Kraków},
  author = {Gràcia,  Marta and Jarque,  Maria Josep and Astals Murià,  Marta and Rouaz,  Kholoud},
  year = {2019},
  month = {Dec}
}

@Article{munoz2015,
author = {Natividad {Hernández Muñoz}},
title = {La evaluación de la competencia léxica adulta: una aproximación a través de la disponibilidad léxica y la especialización académica en preuniversitarios},
journal = {Revista de Filología},
year = {2015},
volume = {33},
pages = {79--99}
}

@Article{catalan2002,
author = {Rosa María {Jiménez Catalán}},
title = {El concepto de competencia léxica en los estudios de aprendizaje y enseñanza de segundas lenguas},
journal = {Atlantis: Revista de la Asociación Española de Estudios Anglo-Norteamericanos},
year = {2002},
volume = {24},
number = {1},
pages = {149--162}
}

@Article{kaur,
author = {Naginder Kaur and N. Othman and M. K. Abdullah},
title = {Lexical competence among tertiarystudents: teacher-student perspectives},
journal = {The English teacher},
year = {2017},
volume = {15},
pages = {90--104}
}

@article{LilloFuentes2020,
  doi = {10.21814/lm.12.1.297},
  url = {https://doi.org/10.21814/lm.12.1.297},
  year = {2020},
  month = jun,
  publisher = {University of Minho},
  volume = {12},
  number = {1},
  pages = {3--13},
  author = {Fernando Gabriel {Lillo Fuentes} and René Venegas},
  title = {Relación entre calidad de escritura y rasgos lingüístico-discursivos en las introducciones de los trabajos finales de grado de ingenierı́a civil informática},
  journal = {Linguamática}
}

@book{molina2007,
  title={La evaluación de la competencia léxica, tests de vocabulario: su fiabilidad y validez},
  author={María Teresa {López-Mezquita Molina}},
  isbn={9788436944532},
  series={Colección Investigación},
  url={https://books.google.com.br/books?id=F\_BypNFqXeUC},
  year={2007},
  publisher={Ministerio de Educación y Ciencia, Centro de Investigación y Documentación Educativa}
}

@Article{madrigal2016,
author = {Marta Madrigal and Ericka Vargas},
title = {Índice de riqueza léxica en redacciones escritas por estudiantes universitarios},
journal = {Káñina},
year = {2016},
volume = {40},
pages = {139--147}
}

@MastersThesis{gamboa2010,
author = {Ricardo {Martínez Gamboa}},
title = {Evaluar la escritura en Chile: la dimensión de escritura del Sistema de Medición de la Calidad de la Educación Chilena (SIMCE) desde los modelos cognitivos de la producción escrita},
school = {Universidad de Chile},
year = {2010},
address = {Santiago, Chile}
}

@Article{acevedo2006,
author = {Daniel {Muñoz Acevedo}},
title = {Estructura y patrones léxicos en informes escritos de estudiantes universitarios},
journal = {Onomázein},
year = {2006},
volume = {13},
pages = {55--71}
}


@InBook{navarro,
author = {Federico Navarro},
editor = {Marcos {Alexandre Alves} and Valeria {Iensen Bortoluzzi}},
title = {Formação de Professores: Ensino, linguagens e tecnologias},
chapter = {Más allá de la alfabetización académica: las funciones de la escritura en educación superior},
publisher = {Editora Fi},
year = {2018},
address = {Porto Alegre,Brasil},
pages = {13--49}
}

@article{Navarro2016,
  doi = {10.4067/s0718-09342016000400006},
  url = {https://doi.org/10.4067/s0718-09342016000400006},
  urldate = {2020-07-27},
  year = {2016},
  month = oct,
  publisher = {{SciELO} Agencia Nacional de Investigacion y Desarrollo ({ANID})},
  volume = {49},
  pages = {78--99},
  author = {Federico Navarro and Natalia {Ávila Reyes} and Mónica Tapia-Ladino and Vera L. L. Cristovão and Maria Ester W. Moritz and Elizabeth {Narváez Cardona} and Charles Bazerman},
  title = {Panorama histórico y contrastivo de los estudios sobre lectura y escritura en educación superior publicados en América Latina},
  journal = {Revista signos}
}

@Book{natio1990,
author = {Paul Nation},
title = {Teaching and Learning Vocabulary},
publisher = {Newbury House},
year = {1990},
address = {New York}
}

@Book{natio2001,
author = {Paul Nation},
title = {Learning Vocabulary in Another Language},
publisher = {Cambridge Applied Linguistics},
year = {2001},
address = {Cambridge}
}


@article{ninoCarrasco2019,
  doi = {10.35362/rie8013461},
  url = {https://doi.org/10.35362/rie8013461},
  year = {2019},
  month = may,
  publisher = {Organizacion de Estados Iberoamericanos},
  volume = {80},
  number = {1},
  pages = {139--155},
  author = {Shamaly Alhelí {Niño Carrasco} and Juan Carlos {Castellanos Ramírez} and Esperanza {Viloria Hernández}},
  title = {Una propuesta piloto de herramienta analítica del aprendizaje para la mejora de procesos colaborativos en la plataforma Blackboard},
  journal = {Revista Iberoamericana de Educación}
}

@article{Pan2019,
  doi = {10.2989/16073614.2019.1625276},
  url = {https://doi.org/10.2989/16073614.2019.1625276},
  year = {2019},
  month = sep,
  publisher = {Informa {UK} Limited},
  volume = {37},
  number = {2},
  pages = {142--157},
  author = {Fan Pan and Chen Liu},
  title = {Comparing L1-L2 differences in lexical bundles in student and expert writing},
  journal = {Southern African Linguistics and Applied Language Studies}
}

@article{PrezCaado2010,
  doi = {10.1080/09588221003666222},
  url = {https://doi.org/10.1080/09588221003666222},
  year = {2010},
  month = apr,
  publisher = {Informa {UK} Limited},
  volume = {23},
  number = {2},
  pages = {129--150},
  author = {María Luisa {Pérez Cañado}},
  title = {Using virtual learning environments and computer-mediated communication to enhance the lexical competence of pre-service English teachers: a quantitative and qualitative study},
  journal = {Computer Assisted Language Learning}
}

@InBook{perfetti2001,
author = {Perfetti, C.A, and Hart, L.},
editor = {Gorfien, D. },
title = {On the consequences of meaning selection},
chapter = {The lexical bases of comprehension skill},
publisher = {APA},
year = {2001},
address = {Washington D.C.}
}

@article{Pinto2019,
  doi = {10.1080/00221325.2019.1613342},
  url = {https://doi.org/10.1080/00221325.2019.1613342},
  year = {2019},
  month = may,
  publisher = {Informa {UK} Limited},
  volume = {180},
  number = {2-3},
  pages = {114--129},
  author = {Giuliana Pinto and Christian Tarchi and Lucia Bigozzi},
  title = {The impact of children's lexical and morphosyntactic knowledge on narrative competence development: A prospective cohort study},
  journal = {The Journal of Genetic Psychology}
}

@article{Reid1992,
  doi = {10.1016/1060-3743(92)90010-m},
  url = {https://doi.org/10.1016/1060-3743(92)90010-m},
  year = {1992},
  month = may,
  publisher = {Elsevier {BV}},
  volume = {1},
  number = {2},
  pages = {79--107},
  author = {Joy Reid},
  title = {A computer text analysis of four cohesion devices in english discourse by native and nonnative writers},
  journal = {Journal of Second Language Writing}
}

@article{Richards1976,
  doi = {10.2307/3585941},
  url = {https://doi.org/10.2307/3585941},
  year = {1976},
  month = mar,
  publisher = {{JSTOR}},
  volume = {10},
  number = {1},
  pages = {77},
  author = {Jack C. Richards},
  title = {The Role of Vocabulary Teaching},
  journal = {{TESOL} Quarterly}
}

@article{RiffoOcares2014,
  doi = {10.4067/s0716-58112014000200009},
  url = {https://doi.org/10.4067/s0716-58112014000200009},
  year = {2014},
  publisher = {Universidad Catolica Silva Henriquez},
  number = {30},
  pages = {136--165},
  author = {Bernardo {Riffo Ocares} and Fernando {Reyes Reyes} and Abraham {Novoa Lagos} and Mónica {Véliz de Vos} and Ginette {Castro Yáñez}},
  title = {Competencia léxica,  comprensión lectora y rendimiento académico en estudiantes de enseñanza media},
  journal = {Literatura y lingüística}
}

@article{Sabulsky2019,
  doi = {10.35362/rie8013340},
  url = {https://doi.org/10.35362/rie8013340},
  year = {2019},
  month = may,
  publisher = {Organizacion de Estados Iberoamericanos},
  volume = {80},
  number = {1},
  pages = {13--30},
  author = {Gabriela Sabulsky},
  title = {Analíticas de Aprendizaje para mejorar el aprendizaje y la comunicación a través de entornos virtuales},
  journal = {Revista Iberoamericana de Educación}
}

@Article{rufat2016,
author = {Anna Sánchez Rufat},
title = {Apuntes sobre la revalorización del léxico en la teoría lingüística y en la enseñanza de lenguas},
journal = {Revista Iberoamericana de Educación},
year = {2016},
volume = {80},
number = {11},
pages = {13--30}
}

@article{Trigo2019,
  doi = {10.1080/11356405.2019.1659007},
  url = {https://doi.org/10.1080/11356405.2019.1659007},
  year = {2019},
  month = oct,
  publisher = {Informa {UK} Limited},
  volume = {31},
  number = {4},
  pages = {814--844},
  author = {Ester Trigo and Manuel-Francisco Romero and Inmaculada-Clotilde Santos-Díaz},
  title = {Empirical approach from lexical availability to the influence of sociolinguistic factors on mastery of spelling / Aproximaci{\'{o}}n emp{\'{i}}rica desde la disponibilidad l{\'{e}}xica a la influencia de los factores socioling\"{u}{\'{i}}sticos en el dominio ortogr{\'{a}}fico},
  journal = {Cultura y Educaci{\'{o}}n}
}

@article{ValdsLen2020,
  doi = {10.4067/s0718-50062020000400119},
  url = {https://doi.org/10.4067/s0718-50062020000400119},
  year = {2020},
  month = aug,
  publisher = {{SciELO} Agencia Nacional de Investigacion y Desarrollo ({ANID})},
  volume = {13},
  number = {4},
  pages = {119--128},
  author = {Gabriel S. Valdés-León and Luis G. Barrera},
  title = {La reseña como puerta de entrada a los géneros académicos: un estudio de caso},
  journal = {Formación universitaria}
}

@article{Velsquez2016,
  doi = {10.26817/16925777.312},
  url = {https://doi.org/10.26817/16925777.312},
  year = {2016},
  month = dec,
  publisher = {Institucion Universitaria Colombo Americana - {UNICA}},
  number = {13},
  pages = {56--74},
  author = {Edna Velásquez},
  title = {Lexical Competence and Reading Comprehension: A Pilot Study with Heritage Language Learners of Spanish},
  journal = {{GiST} Education and Learning Research Journal}
}

@article{VillarroelHenrquez2015,
  doi = {10.4067/s0718-07052015000100017},
  url = {https://doi.org/10.4067/s0718-07052015000100017},
  year = {2015},
  publisher = {{SciELO} Agencia Nacional de Investigacion y Desarrollo ({ANID})},
  volume = {41},
  number = {1},
  pages = {293--310},
  author = {Verónica {Villarroel Henríquez} and Catalina {García Gómez} and Roberto {Melipillán Araneda} and Eugenio {Achondo Mandiola} and Alejandro {Sánchez Oñate}},
  title = {Aprender del error es un acierto: Las dificultades que enfrentan los estudiantes chilenos en la Prueba {PISA}},
  journal = {Estudios pedagógicos (Valdivia)}
}

@article{Camargo2013,
  doi = {10.9788/tp2013.2-16},
  url = {https://doi.org/10.9788/tp2013.2-16},
  year = {2013},
  publisher = {Associacao Brasileira de Psicologia},
  volume = {21},
  number = {2},
  pages = {513--518},
  author = {Brígido Vizeu Camargo and Ana Maria Justo},
  title = {{IRAMUTEQ}: Um software gratuito para análise de dados textuais},
  journal = {Temas em Psicologia}
}

@article{Wood2019,
  doi = {10.1080/10573569.2019.1635544},
  url = {https://doi.org/10.1080/10573569.2019.1635544},
  year = {2019},
  month = jul,
  publisher = {Informa {UK} Limited},
  volume = {36},
  number = {3},
  pages = {260--277},
  author = {Carla L. Wood and Christopher Schatschneider and Sara Hart},
  title = {Average One Year Change in Lexical Measures of Written Narratives for School Age Students},
  journal = {Reading {\&} Writing Quarterly}
}

@article{Yoon2018,
  doi = {10.1080/15434303.2018.1536756},
  url = {https://doi.org/10.1080/15434303.2018.1536756},
  year = {2018},
  month = oct,
  publisher = {Informa {UK} Limited},
  volume = {15},
  number = {4},
  pages = {387--405},
  author = {Hyung-Jo Yoon},
  title = {The Development of {ESL} Writing Quality and Lexical Proficiency: Suggestions for Assessing Writing Achievement},
  journal = {Language Assessment Quarterly}
}
