
@article{amiama-espaillat_lectura_2017,
	title = {Lectura digital en la competencia lectora: {La} influencia en la {Generación} {Z} de la {República} {Dominicana}},
	volume = {25},
	copyright = {Grupo Comunicar},
	issn = {1134-3478},
	url = {https://www.revistacomunicar.com/index.php?contenido=detalles&numero=52&articulo=52-2017-10#Ficha-Tecnica-Articulo},
	doi = {10.3916/C52-2017-10},
	language = {es},
	number = {52},
	urldate = {2022-12-30},
	journal = {Comunicar: Revista Científica de Comunicación y Educación},
	author = {Amiama-Espaillat, Cristina and Mayor-Ruiz, Cristina},
	year = {2017},
	pages = {105--114},
}

@article{alcocer_vazquez_practicas_2021,
	title = {Prácticas lectoras en la era digital entre estudiantes universitarios de ciencias sociales y ciencias exactas},
	volume = {20},
	copyright = {Derechos de autor 2021 Eloisa Alcocer Vazquez, Alfredo Zapata-González},
	issn = {2254-9099},
	url = {https://revista.uclm.es/index.php/ocnos/article/view/2526},
	doi = {10.18239/ocnos_2021.20.3.2526},
	language = {es},
	number = {3},
	urldate = {2022-12-30},
	journal = {Ocnos. Revista de estudios sobre lectura},
	author = {Alcocer Vazquez, Eloisa  and Zapata-González, Alfredo},
	month = nov,
	year = {2021},
	keywords = {es},
}

@article{alvarez-alvarez_como_2019,
	title = {¿{Cómo} describen, analizan y valoran los futuros maestros su formación lectora?},
	volume = {30},
	issn = {1988-2793, 1130-2496},
	url = {https://revistas.ucm.es/index.php/RCED/article/view/60082},
	doi = {10.5209/rced.60082},
	number = {4},
	urldate = {2022-12-30},
	journal = {Revista Complutense de Educación},
	author = {Álvarez-Álvarez, Carmen and Diego-Mantecón, José Manuel},
	month = jun,
	year = {2019},
	pages = {1083--1096},
}

@article{collins_retrieval_1969,
	title = {Retrieval time from semantic memory},
	volume = {8},
	issn = {00225371},
	url = {https://linkinghub.elsevier.com/retrieve/pii/S0022537169800691},
	doi = {10.1016/S0022-5371(69)80069-1},
	language = {en},
	number = {2},
	urldate = {2022-12-30},
	journal = {Journal of Verbal Learning and Verbal Behavior},
	author = {Collins, Allan M. and Quillian, M. Ross},
	month = apr,
	year = {1969},
	pages = {240--247},
}

@article{cordon_garcia_socializacion_2023,
	title = {La socialización de la lectura y la escritura: fandom, redes y visibilidad editorial},
	volume = {16},
	copyright = {Copyright (c) 2022},
	issn = {1983-3652},
	shorttitle = {La socialización de la lectura y la escritura},
	url = {https://periodicos.ufmg.br/index.php/textolivre/article/view/37067},
	doi = {10.1590/1983-3652.2023.37067},
	language = {es},
	urldate = {2022-12-30},
	journal = {Texto Livre},
	author = {Cordón García, José Antonio  and Muñoz Rico, María },
	year = {2023},
	keywords = {Fandom, Fanfictions, Leitura social, Redes Sociais, Visibilidade editorial},
	pages = {e37067--e37067},
}

@article{castillo_fadic_lexico_2020,
	title = {Léxico frecuente, riqueza léxica y estereotipos sobre la lectura de profesores en formación},
	volume = {30},
	issn = {07167520, 07193262},
	url = {https://revistas.userena.cl/index.php/logos/article/view/1297},
	doi = {10.15443/RL3006},
	number = {1},
	urldate = {2022-12-30},
	journal = {Logos: Revista de Lingüística, Filosofía y Literatura},
	author = {Castillo Fadić, María Natalia and Sologuren Insúa, Enrique},
	month = jun,
	year = {2020},
	pages = {69--85},
}

@book{consejo_de_europa_marco_2002,
	address = {Madrid},
	title = {Marco común europeo de referencia para las lenguas: aprendizaje, enseñanza, evaluación},
	publisher = {Instituto Cervantes},
	editor = {{Consejo de Europa}},
	year = {2002},
}

@article{cerda_futuros_2017,
	title = {Futuros {Profesores} de {Matemáticas}: {Rol} de la {Disponibilidad} {Léxica}, {Esquemas} de {Razonamiento} {Formal} en {Logros} {Académicos} {Durante} su {Formación} {Inicial}},
	volume = {10},
	issn = {0718-5006},
	shorttitle = {Futuros {Profesores} de {Matemáticas}},
	url = {http://www.scielo.cl/scielo.php?script=sci_arttext&pid=S0718-50062017000100005&lng=en&nrm=iso&tlng=en},
	doi = {10.4067/S0718-50062017000100005},
	language = {en},
	number = {1},
	urldate = {2022-12-30},
	journal = {Formación universitaria},
	author = {Cerda, Gamal A and Salcedo, Pedro A and Pérez, Carlos E and Marín, Verónica},
	year = {2017},
	pages = {33--46},
}

@phdthesis{de_la_maya_retamar_desarrollo_2015,
	type = {http://purl.org/dc/dcmitype/{Text}},
	title = {El desarrollo de la competencia léxica en la adquisición del francés como segunda lengua extranjera en la {ESO}},
	url = {https://dialnet.unirioja.es/servlet/tesis?codigo=47891},
	language = {es},
	urldate = {2022-12-30},
	school = {Universidad de Extremadura},
	author = {De la Maya Retamar, María Guadalupe },
	year = {2015},
}

@article{de_la_maya_retamar_disponibilidad_2020,
	title = {Disponibilidad léxica en inglés de futuros profesores de {Educación} {Primaria}},
	volume = {32},
	issn = {19888430},
	url = {https://mascvuex.unex.es/revistas/index.php/tejuelo/article/view/3719},
	doi = {10.17398/1988-8430.32.359},
	urldate = {2022-12-30},
	journal = {TEJUELO. Didáctica de la Lengua y la Literatura. Educación},
	author = {De la Maya Retamar, Guadalupe and López Pérez, Magdalena},
	year = {2020},
	pages = {359--390},
}

@article{de_la_maya_retamar_habitos_2021,
	title = {Hábitos lectores y competencia léxica de futuros profesores de inglés em {Educación} {Primaria}},
	volume = {6},
	issn = {24483583},
	url = {https://revistas.uece.br/index.php/redufor/article/view/3504},
	doi = {10.25053/redufor.v6i1.3504},
	language = {pt},
	number = {1},
	urldate = {2022-12-30},
	journal = {Educação Formação},
	author = {De la Maya Retamar, Guadalupe and López-Pérez, Magdalena},
	month = jan,
	year = {2021},
	pages = {e3504},
}

@article{de_la_maya_retamar_estudio_2019,
	title = {Estudio del conocimiento léxico en {FLE} de estudiantes españoles de {Secundaria}},
	volume = {30},
	issn = {1988-2793, 1130-2496},
	url = {http://revistas.ucm.es/index.php/RCED/article/view/57773},
	doi = {10.5209/RCED.57773},
	number = {2},
	urldate = {2022-12-30},
	journal = {Revista Complutense de Educación},
	author = {De la Maya Retamar, Guadalupe and Mora Ramos, Inmaculada},
	month = apr,
	year = {2019},
	pages = {527--543},
}

@article{diaz_diaz_lectura_2022a,
	title = {La {Lectura} en medios digitales y el proceso lector de los docentes en formación},
	issn = {11338482, 21717966},
	url = {https://institucional.us.es/revistas/PixelBit/63/5_91903.pdf},
	doi = {10.12795/pixelbit.91903},
	number = {63},
	urldate = {2022-12-30},
	journal = {Pixel-Bit, Revista de Medios y Educación},
	author = {Díaz Díaz, Mario and Echegoyen Sanz, Yolanda and Martín Ezpeleta, Antonio León},
	year = {2022},
	pages = {131--157},
}

@article{diaz-diaz_lector_2022b,
	title = {Del lector ideal al mediador competente: {Metacognición} y hábitos lectores en la formación de docentes},
	volume = {21},
	issn = {2254-9099, 1885-446X},
	shorttitle = {Del lector ideal al mediador competente},
	url = {https://revista.uclm.es/index.php/ocnos/article/view/2967},
	doi = {10.18239/ocnos_2022.21.2.2967},
	number = {2},
	urldate = {2022-12-30},
	journal = {Ocnos. Revista de estudios sobre lectura},
	author = {Díaz-Díaz, Mario and Echegoyen, Yolanda and Martín-Ezpeleta, Antonio},
	month = jul,
	year = {2022},
}

@article{diez_mediavilla_preconceptos_2018,
	title = {Preconceptos y enseñanza de la escritura y la lectura en la formación inicial de los estudiantes de {Magisterio}},
	issn = {2340-8685, 2340-8685},
	url = {https://revistas.uma.es/index.php/revistaISL/article/view/11102},
	doi = {10.24310/revistaisl.vi9.11102},
	number = {9},
	urldate = {2022-12-30},
	journal = {Investigaciones Sobre Lectura},
	author = {Díez Mediavilla, Antonio and Güemes Suárez, Luis and Molina Molina, María},
	month = aug,
	year = {2018},
}

@book{echeverria_dispogen_2005,
	address = {Concepción},
	title = {Dispogen {II}. {Programa} computacional para el análisis de la disponibilidad léxica},
	publisher = {Universidad de Concepción},
	author = {Echeverría, Max Sergio and Urzúa, Pula and Figueroa, Israel},
	year = {2005},
}

@article{echeverria_dispografo:_2008,
	title = {{DispoGrafo}: una nueva herramienta computacional para el análisis de relaciones semánticas en el lexico disponible},
	volume = {46},
	issn = {0718-4883},
	shorttitle = {{DispoGrafo}},
	url = {http://www.scielo.cl/scielo.php?script=sci_arttext&pid=S0718-48832008000100005&lng=en&nrm=iso&tlng=en},
	doi = {10.4067/S0718-48832008000100005},
	language = {en},
	number = {1},
	urldate = {2022-12-30},
	journal = {RLA. Revista de lingüística teórica y aplicada},
	author = {Echeverria, Max S and Vargas, Roberto and Urzua, Paula and Ferreira, Roberto},
	year = {2008},
}

@article{_ferreira_predictors_2019,
	title = {Predictors of lexical availability in {English} as a second language},
	url = {http://onomazein.letras.uc.cl/index.php/onom/article/view/29621},
	doi = {10.7764/onomazein.46.03},
	number = {46},
	urldate = {2022-12-30},
	journal = {Onomázein Revista de lingüística filología y traducción},
	author = { Ferreira, Roberto A. and Garrido Moscoso, Jaime I. and Guerra Rivera , Alexia},
	month = dec,
	year = {2019},
	pages = {18--34},
}

@article{gomez_domingo_percepciones_2022,
	title = {Percepciones de los estudiantes sobre el uso de "booktrailers" para fomentar el hábito lector y desarrollar la competencia digital en la educación primaria},
	issn = {2340-8685, 2340-8685},
	url = {https://revistas.uma.es/index.php/revistaISL/article/view/14304},
	doi = {10.24310/isl.vi17.14304},
	number = {17},
	urldate = {2022-12-30},
	journal = {Investigaciones Sobre Lectura},
	author = {Gómez Domingo, Marta and Bárcena Toyos, Patricia},
	month = jun,
	year = {2022},
	pages = {67--82},
}

@book{gougenheim_lelaboration_1956,
	address = {París},
	title = {L’élaboration du francais élémentaire},
	publisher = {Didier},
	author = {Gougenheim, George and Michéa, René and Rivenc, Paul and Sauvageot, Aurélien},
	year = {1956},
}

@article{herranz_llacer_disponibilidad_2018,
	title = {Disponibilidad léxica en futuros profesores de {Educación} {Infantil} y {Primaria}},
	volume = {21},
	issn = {1575-0965},
	url = {http://revistas.um.es/reifop/article/view/295271},
	doi = {10.6018/reifop.21.1.295271},
	number = {1},
	urldate = {2022-12-30},
	journal = {Revista Electrónica Interuniversitaria de Formación del Profesorado},
	author = {Herranz Llácer, Cristina Victoria},
	month = jan,
	year = {2018},
	pages = {143},
}

@article{herranz_llacer_estado_2019,
	title = {Estado actual de los estudios de disponibilidad léxica en {España}},
	volume = {41},
	issn = {0210-6345},
	url = {https://dialnet.unirioja.es/servlet/articulo?codigo=7758655},
	language = {spa},
	number = {1},
	urldate = {2022-12-30},
	journal = {LEA: Lingüística Española Actual},
	author = {Herranz Llácer, Cristina V.},
	year = {2019},
	pages = {93--130},
}

@book{herranz_llacer_palabra_2020,
	address = {Berlin},
	edition = {New edição},
	title = {Palabra de maestro; {Análisis} del léxico disponible de los futuros docentes},
	isbn = {9783034338714},
	language = {Espanhol},
	publisher = {Peter Lang Gmbh, Internationaler Verlag Der Wissenschaften},
	author = {Herranz Llácer, Cristina V. },
	year = {2020},
}

@article{herranz_llacer_alisis_2019,
	title = {Análisis del léxico disponible español de extranjeros que estudian los grados de educación},
	issn = {1887-3731},
	url = {https://revistas.uva.es/index.php/ogigia/article/view/3702},
	doi = {10.24197/ogigia.26.2019.5-30},
	number = {26},
	urldate = {2022-12-30},
	journal = {Ogigia. Revista Electrónica de Estudios Hispánicos},
	author = {Herranz Llácer, Cristina Victoria and Marcos Calvo, Miguel Ángel},
	month = aug,
	year = {2019},
	pages = {5--30},
}

@book{jimenez_catalan_lexical_2014,
	title = {Lexical {Availability} in {English} and {Spanish} as a {Second} {Language}: 17},
	publisher = {Springer},
	editor = {Jiménez Catalán, Rosa María},
	year = {2014},
}

@article{juarez_calvillo_influencia_2019,
	title = {Influencia de la formación inicial del profesorado en los hábitos lectores y en el concepto de educación literaria},
	issn = {2340-8685, 2340-8685},
	url = {http://comprensionlectora.es/revistaisl/index.php/revistaISL/article/view/287},
	doi = {10.37132/isl.v0i12.287},
	number = {12},
	urldate = {2022-12-30},
	journal = {Investigaciones Sobre Lectura},
	author = {Juárez Calvillo, María},
	month = dec,
	year = {2019},
	pages = {99--131},
}

@book{junta_de_andalucia_acuerdo_2005,
	address = {Sevilla},
	title = {Acuerdo de 22 de marzo de 2005, del {Consejo} de {Gobierno}, por el que se aprueba el {Plan} de {Fomento} del {Plurilingüismo} en {Andalucía}},
	author = {{Junta de Andalucía}},
	year = {2005},
}

@book{junta_de_andalucia_plan_2016,
	address = {Sevilla},
	title = {Plan {Estratégico} de {Desarrollo} de las {Lenguas} en {Andalucía}},
	author = {{Junta de Andalucía}},
	year = {2016},
}

@article{liu_reading_2005,
	title = {Reading behavior in the digital environment: {Changes} in reading behavior over the past ten years},
	volume = {61},
	issn = {0022-0418},
	shorttitle = {Reading behavior in the digital environment},
	url = {https://www.emerald.com/insight/content/doi/10.1108/00220410510632040/full/html},
	doi = {10.1108/00220410510632040},
	language = {en},
	number = {6},
	urldate = {2022-12-30},
	journal = {Journal of Documentation},
	author = {Liu, Ziming},
	month = dec,
	year = {2005},
	pages = {700--712},
}

@inproceedings{lopez-chavez_otro_1978,
	address = {México},
	title = {Otro cálculo del índice de disponibilidad léxica. },
	url = {http://www.dispolex.com/bibliografia/otro-calculo-del-indice-de-disponibilidad-lexica-actas-del-iv-simposio-de-la-asociacion},
	urldate = {2022-12-30},
	booktitle = {Actas del {IV} {Simposio} de la {Asociación} {Mexicana} de {Lingüística} {Aplicada}. {Presente} y perspectiva de la lingüística computacional en {México} {\textbar} {DispoLex}},
	publisher = {Universidad Nacional Autónoma de México},
	author = {López-Chávez, Juan and Strassburger-Frías, Carlos},
	year = {1978},
}

@book{lopez_gonzalez_disponibilidad_2014,
	address = {Łódź},
	title = {Disponibilidad léxica: teoría, método y análisis},
	isbn = {9788379694372},
	shorttitle = {Disponibilidad léxica},
	language = {spa},
	publisher = {Wydawnictwo Uniwersytetu Łódzkiego},
	author = {López González, Antonio María.},
	year = {2014},
}

@book{mackey_vocabulaire_1971,
	address = {Paris-Bruxelles-Montreal},
	title = {Le vocabulaire disponible du français},
	publisher = {Didier},
	author = {Mackey, William},
	year = {1971},
}

@incollection{marcos_porcentaje_2021,
	address = {Valencia},
	title = {Porcentaje de disponibilidad léxica retenida. {Análisis} del vocabulario de futuros maestros},
	booktitle = {Aplicaciones de la disponibilidad léxica},
	publisher = {Tirant Lo Blanch},
	author = {Marcos, Miguel Ángel and Herranz, Cristina Victoria},
	editor = {Calero, María Ángeles and Serrano, María Isabel},
	year = {2021},
	pages = {81--94},
}

@article{martinez-lara_incidencia_2021,
	title = {Incidencia de los años de escolaridad y cantidad de lectura en el léxico disponible de un grupo de estudiantes universitarios del área de pedagogía},
	volume = {56},
	copyright = {Derechos de autor 2021 Boletín de Filología},
	issn = {0718-9303},
	url = {https://boletinfilologia.uchile.cl/index.php/BDF/article/view/65741},
	language = {es},
	number = {2},
	urldate = {2022-12-30},
	journal = {Boletín de Filología},
	author = {Martínez-Lara, José Alejandro},
	month = dec,
	year = {2021},
	keywords = {pedagogía},
	pages = {519--548},
}

@phdthesis{mena_disponibilidad_1986,
	type = {Tesis de maestría inédita},
	title = {Disponibilidad léxica infantil en tres niveles de enseñanza básica},
	school = {Universidad de Concepción},
	author = {Mena, Mónica},
	year = {1986},
}

@article{mokhtari_impact_2009,
	title = {The {Impact} of {Internet} and {Television} {Use} on the {Reading} {Habits} and {Practices} of {College} {Students}},
	volume = {52},
	issn = {10813004},
	url = {http://doi.wiley.com/10.1598/JAAL.52.7.6},
	doi = {10.1598/JAAL.52.7.6},
	language = {en},
	number = {7},
	urldate = {2022-12-30},
	journal = {Journal of Adolescent \& Adult Literacy},
	author = {Mokhtari, Kouider and Reichard, Carla A. and Gardner, Anne},
	month = apr,
	year = {2009},
	pages = {609--619},
}

@phdthesis{mora_evaluacion_2014,
	type = {Trabajo {Finde} {Máster} inédito},
	title = {Evaluación de la competencia léxica en lenguas extranjeras: análisis del tamaño de vocabulario receptivo en alumnos {AICLE} y no {AICLE} de 6o de {Primaria}},
	school = {Universidad de Extremadura},
	author = {Mora, Inmaculada},
	year = {2014},
}

@book{perez_juste_estadistica_2009,
	address = {Madrid},
	edition = {1ª edição},
	title = {{ESTADÍSTICA} {APLICADA} {A} {LA} {EDUCACIÓN}},
	isbn = {9788483226360},
	language = {Espanhol},
	publisher = {PRENTICE HALL},
	author = {Pérez Juste, Ramón },
	year = {2009},
}

@article{putro_profiles_2018,
	title = {Profiles of {Readers} in a {Digital} {Age}},
	volume = {39},
	issn = {0270-2711, 1521-0685},
	url = {https://www.tandfonline.com/doi/full/10.1080/02702711.2018.1496502},
	doi = {10.1080/02702711.2018.1496502},
	language = {en},
	number = {6},
	urldate = {2022-12-30},
	journal = {Reading Psychology},
	author = {Putro, Nur Hidayanto Pancoro Setyo and Lee, Jihyun},
	month = oct,
	year = {2018},
	pages = {585--601},
}

@article{quintanilla_espinoza_disponibilidad_2019,
	title = {Disponibilidad léxica en procesos de formación inicial de futuros profesores de inglés},
	volume = {19},
	issn = {1984-6398},
	url = {http://www.scielo.br/scielo.php?script=sci_arttext&pid=S1984-63982019000300529&tlng=es},
	doi = {10.1590/1984-6398201913157},
	number = {3},
	urldate = {2022-12-30},
	journal = {Revista Brasileira de Linguística Aplicada},
	author = {Quintanilla Espinoza, Angie and Salcedo Lagos, Pedro},
	month = sep,
	year = {2019},
	pages = {529--554},
}

@article{rojas_metodologialisis_2017,
	title = {Metodología de {Análisis} de {Disponibilidad} {Léxica} en {Alumnos} de {Pedagogía} a través de la {Comparación} {Jerárquica} de {Lexicones}},
	volume = {10},
	issn = {0718-5006},
	url = {http://www.scielo.cl/scielo.php?script=sci_arttext&pid=S0718-50062017000400002&lng=en&nrm=iso&tlng=en},
	doi = {10.4067/S0718-50062017000400002},
	language = {en},
	number = {4},
	urldate = {2022-12-30},
	journal = {Formación universitaria},
	author = {Rojas, Darío F and Zambrano, Carolina del C and Salcedo, Pedro A},
	year = {2017},
	pages = {03--14},
}

@article{rojas_diaz_metodo_2019,
	title = {Método para la formación de grupos colaborativos mediante disponibilidad léxica},
	volume = {21},
	issn = {1607-4041},
	url = {https://redie.uabc.mx/redie/article/view/2095},
	doi = {10.24320/redie.2019.21.e36.2095},
	number = {1},
	urldate = {2022-12-30},
	journal = {Revista Electrónica de Investigación Educativa},
	author = {Rojas Díaz, Darío Fernando and Zambrano Matamala, Carolina and Salcedo Lagos, Pedro},
	month = dec,
	year = {2019},
	pages = {1},
}

@incollection{rowsell_social_2018,
	address = {New York},
	title = {The social practice of multimodal reading. {A} new literacy studies-{Multimodal} perspectives on reading},
	booktitle = {Theoretical {Models} and {Processes} of {Literacy}},
	publisher = {Routledge},
	author = {Rowsell, Jennifer and Kress, Gunther and Pahl, Kate and Street, Brian},
	editor = {Alvermann, Donna E. and Unrau, Norman J. and Sailors, Misty and Ruddell, Robert B},
	year = {2018},
	pages = {47--66},
}

@incollection{samper-padilla_proyecto_2003,
	address = {Madrid/Frankfurt am Main},
	title = {Proyecto de estudio de la disponibilidad léxica en español},
	booktitle = {Pautas y pistas en el análisis del léxico hispano (americano)},
	publisher = {IberoamericanaVervuert},
	author = {Samper-Padilla,  José Antonio and Bellón, Juan José and Samper-Hernández, Marta},
	editor = {Ávila, Raúl and Samper-Padilla, José Antonio and Ueda, Humberto},
	year = {2003},
	pages = {25--141},
}

@article{santos_diaz_concepto_2022,
	title = {El concepto de educación del futuro profesorado desde la disponibilidad léxica según su formación académica / {The} concept of education of future teacher education from lexical availability according to their academic training},
	volume = {35},
	issn = {19888430},
	url = {https://tejuelo.unex.es/article/view/4154},
	doi = {10.17398/1988-8430.35.3.263},
	number = {3},
	urldate = {2022-12-30},
	journal = {TEJUELO. DIDÁCTICA DE LA LENGUA Y LA LITERATURA.EDUCACIÓN},
	author = {Santos Díaz, Inmaculada Clotilde and Juárez Calvillo, María},
	year = {2022},
	pages = {263--298},
}

@article{santos_diaz_organizacion_2017,
	title = {Organización de las palabras en la mente en lengua materna y lengua extranjera},
	copyright = {Derechos de autor 2018 Pragmalingüística},
	issn = {2445-3064},
	url = {https://revistas.uca.es/index.php/pragma/article/view/2406},
	language = {es},
	number = {25},
	urldate = {2022-12-30},
	journal = {Pragmalingüística},
	author = {Santos Díaz, Inmaculada Clotilde},
	month = dec,
	year = {2017},
	keywords = {red semántica, lexicón mental, lingüística aplicada a la enseñanza de idiomas, disponibilidad léxica, psicolingüística},
	pages = {603--617},
}

@book{santos-diaz_lexico_2020,
	address = {Berlín},
	title = {El léxico bilingüe del futuro profesorado. {Análisis} y pautas para estudios de disponibilidad},
	publisher = {Peter Lang},
	author = {Santos-Díaz, Inmaculada Clotilde},
	year = {2020},
}

@article{santos_diaz_activacion_2020,
	title = {La activación del léxico disponible y su aplicación a la enseñanza de lenguas},
	copyright = {Atribución-NoComercial-SinDerivadas 3.0 España},
	url = {https://digibug.ugr.es/handle/10481/62807},
	language = {spa},
	urldate = {2022-12-30},
	author = {Santos Díaz, Inmaculada Clotilde and Trigo Ibáñez, Ester and Romero Oliva, Manuel Francisco},
	month = jan,
	year = {2020},
}

@article{soto-vazquez_didactica_2022,
	title = {La {Didáctica} de la {Literatura} {Infantil} y {Juvenil} en los planes docentes universitarios españoles},
	volume = {21},
	issn = {2254-9099, 1885-446X},
	url = {https://revista.uclm.es/index.php/ocnos/article/view/2917},
	doi = {10.18239/ocnos_2022.21.2.2917},
	number = {2},
	urldate = {2022-12-30},
	journal = {Ocnos. Revista de estudios sobre lectura},
	author = {Soto-Vázquez, Jose and Pérez-Parejo, Ramón and Jaraíz-Cabanillas, Francisco J. and Ruiz-Labrador, Enrique E.},
	month = jul,
	year = {2022},
}

@article{steyvers_large-scale_2005,
	title = {The {Large}-{Scale} {Structure} of {Semantic} {Networks}: {Statistical} {Analyses} and a {Model} of {Semantic} {Growth}},
	volume = {29},
	issn = {03640213},
	shorttitle = {The {Large}-{Scale} {Structure} of {Semantic} {Networks}},
	url = {http://doi.wiley.com/10.1207/s15516709cog2901_3},
	doi = {10.1207/s15516709cog2901_3},
	language = {en},
	number = {1},
	urldate = {2022-12-30},
	journal = {Cognitive Science},
	author = {Steyvers, Mark and Tenenbaum, Joshua B.},
	month = jan,
	year = {2005},
	pages = {41--78},
}

@article{trigo_ibanez_comunicarse_2021,
	title = {Comunicarse en la escuela plurilingüe: la formación en lengua extranjera del futuro profesorado},
	issn = {1138-5820},
	shorttitle = {Comunicarse en la escuela plurilingüe},
	url = {http://nuevaepoca.revistalatinacs.org/index.php/revista/article/view/911},
	doi = {10.4185/RLCS-2021-1497},
	number = {79},
	urldate = {2022-12-30},
	journal = {Revista Latina},
	author = {Trigo Ibáñez, Ester and Santos Díaz, Inmaculada Clotilde and Jiménez López, Guillermina},
	month = mar,
	year = {2021},
	pages = {53--75},
}

@article{valenzuela_castellanos_cambios_2018,
	title = {Cambios en el concepto aprendizaje de estudiantes de pedagogía: análisis de disponibilidad léxica y grafos},
	issn = {0071-1713},
	shorttitle = {Cambios en el concepto aprendizaje de estudiantes de pedagogía},
	url = {http://www.scielo.cl/scielo.php?script=sci_arttext&pid=S0071-17132018000100143&lng=en&nrm=iso&tlng=en},
	doi = {10.4067/S0071-17132018000100143},
	language = {en},
	number = {61},
	urldate = {2022-12-30},
	journal = {Estudios filológicos},
	author = {Valenzuela Castellanos, Marco F. and Pérez Villalobos, M. Victoria and Bustos, Claudio and Salcedo Lagos, Pedro},
	month = jun,
	year = {2018},
	pages = {143--173},
}

@article{zambrano_matamala_estudio_2021,
	title = {Un estudio de la disponibilidad léxica en el ámbito de la autorregulación del aprendizaje en la formación inicial docente},
	volume = {42},
	issn = {2422-3174, 0120-5587},
	url = {https://revistas.udea.edu.co/index.php/lyl/article/view/345896},
	doi = {10.17533/udea.lyl.n79a01},
	number = {79},
	urldate = {2022-12-30},
	journal = {Lingüística y Literatura},
	author = {Zambrano Matamala, Carolina},
	month = apr,
	year = {2021},
	pages = {11--33},
}

@article{zambrano_revision_2019,
	title = {Revisión {Sistemática} a {Estudios} de {Disponibilidad} {Léxica} en la {Base} de {Datos} {Scielo} y sus {Aportes} a {Educación}},
	volume = {30},
	issn = {0718-0764},
	url = {http://www.scielo.cl/scielo.php?script=sci_arttext&pid=S0718-07642019000400189&lng=en&nrm=iso&tlng=en},
	doi = {10.4067/S0718-07642019000400189},
	language = {en},
	number = {4},
	urldate = {2022-12-30},
	journal = {Información tecnológica},
	author = {Zambrano, Carolina and Rojas, Darío and Salcedo, Pedro},
	month = aug,
	year = {2019},
	pages = {189--198},
}