@book{ivic2010,
	address = {Recife},
	title = {Lev {Semionovich} {Vygotsky}},
	publisher = {Fundação Joaquim Nabuco, Editora Massangana},
	author = {Ivic, Ivan},
	year = {2010}
}
@book{academiabrasileira2011,
	address = { Rio de Janeiro},
	title = {Aprendizagem infantil: uma abordagem da neurociência, economia e psicologia cognitiva},
	url = {http://www.abc.org.br/IMG/pdf/doc-6821.pdf},
	publisher = {Academia Brasileira de Ciências},
	author = {{Academia Brasileira de Ciências}},
	year = {2011}
}
@misc{brasil2019,
	title = {Política {Nacional} de {Alfabetização}},
	url = {http://alfabetizacao.mec.gov.br/},
	urldate = {2021-06-19},
	publisher = {Brasília: MEC, SEALF},
	author = {BRASIL},
	year = {2019}
}
@misc{brasil2018,
	title = {Base {Nacional} {Comum} {Curricular}},
	url = {http://basenacionalcomum.mec.gov.br/},
	urldate = {2021-06-19},
	publisher = {Brasília},
	author = {BRASIL},
	year = {2018}
}
@techreport{nationalearly2009,
	address = {Washington},
	title = {Developing early literacy: report of the national early literacy panel. {A} scientific synthesis of early literacy development and implications for intervention},
	url = {https://lincs.ed.gov/publications/pdf/NELPReport09.pdf},
	urldate = {2021-06-19},
	institution = {National Institute for Literacy},
	author = {{National Early Literacy Panel}},
	year = {2009}
}
@techreport{nationalreading2000,
	address = {Washington},
	title = {Teaching children to read: an evidence-based assessment of the scientific research literature on reading and its implications for reading instruction},
	url = {https://www.nichd.nih.gov/sites/default/files/publications/pubs/nrp/Documents/report.pdf},
	urldate = {2021-06-19},
	institution = {National Institute of Child Health and Human Development},
	author = {{National Reading Panel}},
	year = {2000}
}
@incollection{frith1985,
	address = {London},
	editor = {Karalyn Patterson and John C. Marshall and Max Coltheart},
	editortype = {editor},
	title = {Beneath the surface of developmental dyslexia},
	booktitle = {Surface dyslexia: neuropsychological and cognitive analyses of phonological reading},
	publisher = {Lawrence Erlbaum},
	author = {Frith, Uta},
	year = {1985}
}
@incollection{moll1990,
	edition = {1},
	title = {Creating zones of possibilities: {Combining} social contexts for instruction},
	url = {https://www.cambridge.org/core/product/identifier/CBO9781139173674A025/type/book_part},
	urldate = {2021-06-19},
	booktitle = {Vygotsky and {Education}},
	publisher = {Cambridge University Press},
	author = {Moll, Luis C. and Greenberg, James B.},
	editor = {Moll, Luis C.},
	editortype = {editor},
	month = nov,
	year = {1990},
	doi = {10.1017/CBO9781139173674.016},
	pages = {319-348}
}
@book{kliegman2011,
	address = {Philadelphia, PA},
	edition = {19th ed},
	title = {Nelson textbook of pediatrics},
	publisher = {Elsevier/Saunders},
	editor = {Kliegman, Robert and Nelson, Waldo E.},
	year = {2011},
	note = {OCLC: ocn706780860}
}
@book{morais2014,
	address = {Porto Alegre},
	title = {Alfabetizar para a {Democracia}},
	publisher = {Penso Editora},
	author = {Morais, José},
	month = jun,
	year = {2014}
}
@book{morais2013,
	address = {Barueri},
	title = {Criar leitores: para professores e educadores},
	publisher = {Manole},
	author = {Morais, José},
	year = {2013}
}
@article{scliarcabral2013,
	title = {Avanços das neurociências para a alfabetização e a leitura},
	volume = {48},
	url = {https://revistaseletronicas.pucrs.br/ojs/index.php/fale/article/view/12634},
	number = {3},
	urldate = {2021-06-19},
	journal = {Letras de Hoje},
	author = {Scliar-Cabral, Leonor},
	month = sep,
	year = {2013},
	pages = {277-282}
}
@book{baquero2004,
	address = {Porto Alegre},
	title = {Vygotsky {E} {A} {Aprendizagem} {Escolar}},
	publisher = {Artes Médicas},
	author = {Baquero, Ricardo},
	month = mar,
	year = {2004}
}
@book{oliveira1998,
	address = {São Paulo},
	title = {Vygotsky. {Aprendizado} {E} {Desenvolvimento}. {Um} {Processo} {Socio}-{Historico}},
	publisher = {Scipione},
	author = {Oliveira, Marta Kohl de},
	month = jan,
	year = {1998}
}
@book{vygotski1991,
	address = {São Paulo},
	title = {A {Formação} {Social} da {Mente}: o {Desenvolvimento} dos {Processos} {Psicológicos} {Superiores}},
	publisher = {Martins Fontes},
	author = {Vygotski, L. S.},
	year = {1991}
}
@book{newman2002,
	address = {São Paulo},
	title = {Lev {Vygotsky} - {Cientista} revolucionário},
	publisher = {Edições Loyola},
	author = {Newman, Fred},
	month = mar,
	year = {2002}
}
@article{senechal2008,
	title = {The {Effect} of {Family} {Literacy} {Interventions} on {Children}’s {Acquisition} of {Reading} {From} {Kindergarten} to {Grade} 3: {A} {Meta}-{Analytic} {Review}},
	volume = {78},
	url = {http://journals.sagepub.com/doi/10.3102/0034654308320319},
	doi = {10.3102/0034654308320319},
	number = {4},
	urldate = {2021-06-19},
	journal = {Review of Educational Research},
	author = {Sénéchal, Monique and Young, Laura},
	month = dec,
	year = {2008},
	pages = {880-907}
}
@article{shanahan2008,
	title = {Teaching {Disciplinary} {Literacy} to {Adolescents}: {Rethinking} {Content}- {Area} {Literacy}},
	volume = {78},
	url = {https://meridian.allenpress.com/her/article/78/1/40/31935/Teaching-Disciplinary-Literacy-to-Adolescents},
	doi = {10.17763/haer.78.1.v62444321p602101},
	number = {1},
	urldate = {2021-06-19},
	journal = {Harvard Educational Review},
	author = {Shanahan, Timothy and Shanahan, Cynthia},
	month = apr,
	year = {2008},
	pages = {40-59}
}
@phdthesis{silva2013,
	address = {Rio de Janeiro},
	type = {Tese de {Doutorado}},
	title = {A escrita na avaliação da alfabetização em larga escala},
	url = {http://www.dbd.puc-rio.br/pergamum/tesesabertas/0913509_2013_pretextual.pdf},
	urldate = {2021-06-19},
	school = {Programa  de  Pós-Graduaçãoem Educação da PUC-Rio},
	author = {Silva, osiane Toledo Ferreira },
	year = {2013}
}
@book{wasik2004,
	address = {New Jersey},
	title = {Handbook of {Family} {Literacy}},
	publisher = {Lawrence Erlbaum Associates},
	author = {Wasik, Barbara Hanna},
	year = {2004}
}
@book{skinner1983,
	address = {New York},
	title = {Behavior of {Organisms}},
	publisher = {Appleton-Century-Crofts},
	author = {{Skinner}},
	year = {1983}
}