
@article{omer_criteria_2017,
	title = {The criteria of constructive feedback: {The} feedback that counts},
	volume = {5},
	url = {http://www.thejhs.org/text.asp?2017/5/1/45/198798},
	doi = {10.4103/2468-6360.198798},
	number = {1},
	urldate = {2022-08-04},
	journal = {Journal of Health Specialties},
	author = {Omer, A. and Abdularhim, M.},
	year = {2017},
	pages = {45},
}

@article{ahmad_exploring_2021,
	title = {Exploring student achievement and perceptions in an online flipped grammar course},
	volume = {10},
	url = {https://ejournal.upi.edu/index.php/IJAL/article/view/31750},
	doi = {10.17509/ijal.v10i3.31750},
	number = {3},
	urldate = {2022-08-04},
	journal = {Indonesian Journal of Applied Linguistics},
	author = {Ahmad, D. and Arifin, M. A.},
	month = jan,
	year = {2021},
}

@article{carless_development_2018,
	title = {The development of student feedback literacy: enabling uptake of feedback},
	volume = {43},
	url = {https://www.tandfonline.com/doi/full/10.1080/02602938.2018.1463354},
	doi = {10.1080/02602938.2018.1463354},
	number = {8},
	urldate = {2022-08-04},
	journal = {Assessment \& Evaluation in Higher Education},
	author = {Carless, D. and Boud, D.},
	month = nov,
	year = {2018},
	pages = {1315--1325},
}

@article{carsten_challenge_2021,
	title = {The challenge of evaluating open interpreter training resources: case study of {ORCIT}},
	volume = {15},
	url = {https://www.tandfonline.com/doi/full/10.1080/1750399X.2020.1867407},
	doi = {10.1080/1750399X.2020.1867407},
	number = {4},
	urldate = {2022-08-04},
	journal = {The Interpreter and Translator Trainer},
	author = {Carsten, S. and Ciobanu, D. and Mankauskiene, D.},
	month = oct,
	year = {2021},
	pages = {490--505},
}

@article{chappell_sociocultural_2012,
	title = {A sociocultural account of the role of imitation in instructed second language learning},
	volume = {3},
	number = {1},
	journal = {Journal of linguistics and language teaching},
	author = {Chappell, P.},
	year = {2012},
	keywords = {classroom interaction, sociocultural theory, zone of proximal development, internalization, imitation, models, language development in context, second language pedagogy},
	pages = {61--91},
}

@article{henderson_conditions_2019,
	title = {Conditions that enable effective feedback},
	volume = {38},
	url = {https://www.tandfonline.com/doi/full/10.1080/07294360.2019.1657807},
	doi = {10.1080/07294360.2019.1657807},
	number = {7},
	urldate = {2022-08-04},
	journal = {Higher Education Research \& Development},
	author = {Henderson, M. and Phillips, M. and Ryan, T. and Boud, D. and Dawson, P. and Molloy, E. and Mahoney, P.},
	month = nov,
	year = {2019},
	pages = {1401--1416},
}

@article{hoo_developing_2022,
	title = {Developing student feedback literacy through self and peer assessment interventions},
	volume = {47},
	url = {https://www.tandfonline.com/doi/full/10.1080/02602938.2021.1925871},
	doi = {10.1080/02602938.2021.1925871},
	number = {3},
	urldate = {2022-08-04},
	journal = {Assessment \& Evaluation in Higher Education},
	author = {Hoo, H.-T. and Deneen, C. and Boud, D.},
	month = apr,
	year = {2022},
	pages = {444--457},
}

@article{karaban_exploring_2021,
	title = {Exploring the potential for {CAI} implementation in interpreter training in {Ukraine}},
	volume = {105},
	url = {https://www.shs-conferences.org/10.1051/shsconf/202110502002},
	doi = {10.1051/shsconf/202110502002},
	urldate = {2022-08-04},
	journal = {SHS Web of Conferences},
	author = {Karaban, V. and Karaban, A.},
	editor = {Andrienko, T. and Potapenko, S. and Slavova, L.},
	year = {2021},
	pages = {02002},
}

@article{kim_flipped_2017,
	title = {Flipped interpreting classroom: flipping approaches, student perceptions and design considerations},
	volume = {11},
	url = {https://www.tandfonline.com/doi/full/10.1080/1750399X.2016.1198180},
	doi = {10.1080/1750399X.2016.1198180},
	number = {1},
	urldate = {2022-08-04},
	journal = {The Interpreter and Translator Trainer},
	author = {Kim, D.},
	month = jan,
	year = {2017},
	pages = {38--55},
}

@article{ko_teaching_2009,
	title = {Teaching {Interpreting} by {Distance} {Mode}: {An} {Empirical} {Study}},
	volume = {53},
	url = {http://id.erudit.org/iderudit/019649ar},
	doi = {10.7202/019649ar},
	number = {4},
	urldate = {2022-08-04},
	journal = {Meta},
	author = {Ko, L.},
	month = jan,
	year = {2009},
	pages = {814--840},
}

@article{krapivkina_sight_2018,
	title = {Sight translation and its status in training of interpreters and translators},
	volume = {7},
	url = {http://ejournal.upi.edu/index.php/IJAL/article/view/9820},
	doi = {10.17509/ijal.v7i3.9820},
	number = {3},
	urldate = {2022-08-04},
	journal = {Indonesian Journal of Applied Linguistics},
	author = {Krapivkina, O. A.},
	month = jan,
	year = {2018},
	pages = {695},
}

@article{lee_feedback_2018,
	title = {Feedback on feedback: {Guiding} student interpreter performance},
	volume = {10},
	url = {http://www.trans-int.org/index.php/transint/article/view/640},
	doi = {10.12807/ti.110201.2018.a09},
	number = {1},
	urldate = {2022-08-04},
	journal = {The International Journal of Translation and Interpreting Research},
	author = {Lee, J.},
	month = feb,
	year = {2018},
}

@article{leighton_students_2019,
	title = {Students’ {Interpretation} of {Formative} {Assessment} {Feedback}: {Three} {Claims} for {Why} {We} {Know} {So} {Little} {About} {Something} {So} {Important}},
	volume = {56},
	url = {https://onlinelibrary.wiley.com/doi/10.1111/jedm.12237},
	doi = {10.1111/jedm.12237},
	number = {4},
	urldate = {2022-08-04},
	journal = {Journal of Educational Measurement},
	author = {Leighton, J. P.},
	month = dec,
	year = {2019},
	pages = {793--814},
}

@article{molloy_developing_2020,
	title = {Developing a learning-centred framework for feedback literacy},
	volume = {45},
	url = {https://www.tandfonline.com/doi/full/10.1080/02602938.2019.1667955},
	doi = {10.1080/02602938.2019.1667955},
	number = {4},
	urldate = {2022-08-04},
	journal = {Assessment \& Evaluation in Higher Education},
	author = {Molloy, E. and Boud, D. and Henderson, M.},
	month = may,
	year = {2020},
	pages = {527--540},
}

@article{naqeeb_learning_2011,
	title = {Learning {Styles} as {Perceived} by {Learners} of {English} as a {Foreign} {Language} in the {English} {Language} {Center} of {The} {Arab} {American} {University} - {Jenin}, {Palestine}},
	volume = {25},
	url = {https://www.aaup.edu/sites/default/files/Publications/learning-styles-perceived-learners-english-foreign-language-english-language-center-arab-american-un.pdf},
	number = {8},
	urldate = {2022-08-04},
	journal = {An- Najah Journal for Research. (Humanities)},
	author = {Naqeeb, H. and Awad, A.},
	year = {2011},
	pages = {2231--2256},
}

@article{odonovan_what_2021,
	title = {What makes good feedback good?},
	volume = {46},
	url = {https://www.tandfonline.com/doi/full/10.1080/03075079.2019.1630812},
	doi = {10.1080/03075079.2019.1630812},
	number = {2},
	urldate = {2022-08-04},
	journal = {Studies in Higher Education},
	author = {O’Donovan, B. M. and den Outer, B. and Price, M. and Lloyd, A.},
	month = feb,
	year = {2021},
	pages = {318--329},
}

@article{ogange_student_2018,
	title = {Student {Perceptions} of the {Effectiveness} of {Formative} {Assessment} in an {Online} {Learning} {Environment}},
	volume = {10},
	url = {https://openpraxis.org/article/10.5944/openpraxis.10.1.705/},
	doi = {10.5944/openpraxis.10.1.705},
	number = {1},
	urldate = {2022-08-04},
	journal = {Open Praxis},
	author = {Ogange, B. O. and Agak, J. O. and Okelo, K. O. and Kiprotich, P.},
	month = jan,
	year = {2018},
	pages = {29},
}

@article{raymond_impact_2019,
	title = {The {Impact} of {Converting} {From} an '{Educator}-{Driven}' to a '{Learner}-{Initiated}' {Feedback} {Model}},
	volume = {21},
	url = {https://europepmc.org/articles/PMC6972969},
	number = {3},
	urldate = {2022-08-04},
	journal = {The journal of education in perioperative medicine},
	author = {Raymond, B. L. and Fowler, L. C. and Robertson, A. C.},
	month = jul,
	year = {2019},
	keywords = {Feedback, Evaluation, Anesthesia, Education, Learners},
	pages = {E627},
}

@article{ryan_feedback_2019,
	title = {Feedback modes matter: {Comparing} student perceptions of digital and non‐digital feedback modes in higher education},
	volume = {50},
	url = {https://onlinelibrary.wiley.com/doi/10.1111/bjet.12749},
	doi = {10.1111/bjet.12749},
	number = {3},
	urldate = {2022-08-04},
	journal = {British Journal of Educational Technology},
	author = {Ryan, T. and Henderson, M. and Phillips, M.},
	month = may,
	year = {2019},
	pages = {1507--1523},
}

@article{susilana_studentsa_2020,
	title = {{StudentsÂ}’ {Perceptions} toward {Online} {Learning} in {Higher} {Education} in {Indonesia} during {COVID}-19 {Pandemic}},
	volume = {19},
	url = {https://ilkogretim-online.org/?mno=19057},
	doi = {10.17051/ilkonline.2020.04.101},
	number = {4},
	urldate = {2022-08-04},
	journal = {Elementary Education Online},
	author = {Susilana, R. and Hutagalung, F. and Sutisna, M. R.},
	month = may,
	year = {2020},
	pages = {9--9},
}

@article{torres_interpreting_2016,
	title = {‘{Interpreting} {Feedback}: {A} {Discourse} {Analysis} of {Teacher} {Feedback} and {Student} {Identity}’},
	volume = {10},
	number = {2},
	journal = {Practitioner Research in Higher Education Journal},
	author = {Torres, J. and Anguiano, C.},
	year = {2016},
	pages = {2--11},
}

@article{van_de_ridder_what_2008,
	title = {What is feedback in clinical education?: {Feedback} in clinical education},
	volume = {42},
	url = {https://onlinelibrary.wiley.com/doi/10.1111/j.1365-2923.2007.02973.x},
	doi = {10.1111/j.1365-2923.2007.02973.x},
	number = {2},
	urldate = {2022-08-04},
	journal = {Medical Education},
	author = {Van De Ridder, J. M. M. and Stokking, K. M. and McGaghie, W. C. and Ten Cate, O. Th. J.},
	month = jan,
	year = {2008},
	pages = {189--197},
}