@article{White2005,
    title         = {Systematic literature reviews},
    author        = {White, Adrian and Schmidt, Katja},
    year          = {2005},
    journal       = {Complementary therapies in medicine},
    volume        = {13},
    number        = {1},
    pages         = {54--60},
    doi           = {https://doi.org/10.1016/j.ctim.2004.12.003},
    issn          = {0965-2299},
    url           = {https://www.sciencedirect.com/science/article/pii/S096522990500004X},
}

@article{Moher2009,
    title         = {Preferred reporting items for systematic reviews and meta-analyses: the PRISMA statement (Chinese edition)},
    author        = {Moher, David and others},
    year          = {2009},
    journal       = {Journal of Chinese Integrative Medicine},
    volume        = {7},
    number        = {9},
    pages         = {889--896},
    doi           = {10.3736/jcim20090918},
    url           = {http://www.jcimjournal.com/EN/abstract/article_1309.shtml},
}

@inproceedings{Eslami2015,
    title         = {I always assumed that i wasn’t really that close to [her]: reasoning about invisible algorithms in news feeds},
    author        = {Eslami, M. and others},
    year          = {2015},
    location      = {Seul},
    publisher     = {Acm},
    address       = {New York},
    series        = {Chi '15},
    pages         = {153--162},
    doi           = {https://doi.org/10.1145/2702123.2702556},
    isbn          = {9781450331456},
}

@incollection{Gillespie2016,
    title         = {#trendingistrending: When algorithms become culture},
    author        = {Gillespie, Tarleton},
    year          = {2016},
    booktitle     = {Algorithmic cultures},
    publisher     = {Routledge},
    address       = {Londres},
    pages         = {64--87},
}

@article{Mora2016,
    title         = {Translating literacy as global policy and advocacy},
    author        = {Mora, Raúl Alberto},
    year          = {2016},
    journal       = {Journal of Adolescent \& Adult Literacy},
    volume        = {59},
    number        = {6},
    pages         = {647--651},
    doi           = {https://doi.org/10.1002/jaal.515},
    url           = {https://ila.onlinelibrary.wiley.com/doi/abs/10.1002/jaal.515},
}

@thesis{Rosa2016,
    title         = {A transdisciplinariedade das literacias emergentes no contemporâneo conectado: um mapeamento do universo documental das literacias de mídia e informação (MIL)},
    author        = {Rosa, Beatrice Bonami},
    year          = {2016},
    address       = {São Paulo},
    doi           = {10.11606/D.27.2017.tde-09032017-143021},
    urldate       = {2024-06-03},
    school        = {Escola de Comunicações e Artes, Universidade de São Paulo},
    type          = {Mestrado em Interfaces Sociais da Comunicação},
}

@incollection{Bucher2019,
    title         = {The algorithmic imaginary: Exploring the ordinary affects of Facebook algorithms},
    author        = {Bucher, Taina},
    year          = {2017},
    journal       = {Information, Communication \& Society},
    booktitle     = {The Social Power of Algorithms},
    publisher     = {Routledge},
    address       = {Londres},
    pages         = {30--44},
    doi           = {10.1080/1369118x.2016.1154086},
    url           = {https://doi.org/10.1080/1369118X.2016.1154086},
}

@article{Seaver2017,
    title         = {Algorithms as culture: Some tactics for the ethnography of algorithmic systems},
    author        = {Seaver, Nick},
    year          = {2017},
    journal       = {Big data \& society},
    volume        = {4},
    number        = {2},
    pages         = {2053951717738104},
    doi           = {10.1177/2053951717738104},
    url           = {https://doi.org/10.1177/2053951717738104},
}

@book{VanEs2017,
    title         = {The datafied society: Studying culture through data},
    author        = {Van Es, Karin and Schäfer, Mirko Tobias},
    year          = {2017},
    publisher     = {Amsterdam University Press},
    address       = {Amsterdam},
    isbn          = {9789462981362},
    url           = {http://www.jstor.org/stable/j.ctt1v2xsqn},
}

@article{Magalhaes2018,
    title         = {Do algorithms shape character? Considering algorithmic ethical subjectivation},
    author        = {Magalhães, João Carlos},
    year          = {2018},
    journal       = {Social Media+ Society},
    volume        = {4},
    number        = {2},
    pages         = {2056305118768301},
    doi           = {10.1177/2056305118768301},
    url           = {https://doi.org/10.1177/2056305118768301},
}

@article{Rieder2018,
    title         = {Examinando uma técnica algorítmica: o classificador de bayes como uma leitura interessada da realidade},
    author        = {Rieder, Bernhard},
    year          = {2018},
    journal       = {Parágrafo},
    volume        = {6},
    number        = {1},
    pages         = {123--142},
}

@article{Bruno2019,
    title         = {Economia psíquica dos algoritmos e laboratório de plataforma: mercado, ciência e modulação do comportamento},
    author        = {Bruno, F. and Bentes, A. C. and Faltay, P.},
    year          = {2019},
    journal       = {Revista FAMECOS (Online)},
    volume        = {26},
    pages         = {33095--19357},
    doi           = {10.15448/1980-3729.2019.3.33095},
    url           = {https://revistaseletronicas.pucrs.br/ojs/index.php/revistafamecos/article/view/33095},
}

@book{Couldry2019,
    title         = {The costs of connection: how data is colonizing human life and appropriating it for capitalism},
    author        = {Couldry, N. and Mejias, U.},
    year          = {2019},
    publisher     = {Stanford University Press},
    address       = {Stanford},
}

@article{Lloyd2019,
    title         = {Chasing Frankenstein’s monster: information literacy in the black box society},
    author        = {Lloyd, A.},
    year          = {2019},
    journal       = {Journal of Documentation},
    volume        = {75},
    number        = {6},
    pages         = {1475--1485},
}

@article{Bakke2020,
    title         = {Everyday Googling: Results of an Observational Study and Applications for Teaching Algorithmic Literacy},
    author        = {Bakke, A.},
    year          = {2020},
    journal       = {Computers and Composition},
    volume        = {57},
    pages         = {102577},
    doi           = {https://doi.org/10.1016/j.compcom.2020.102577},
    issn          = {8755-4615},
    url           = {https://www.sciencedirect.com/science/article/pii/S8755461520300384},
}

@inproceedings{Cech2020,
    title         = {Beyond Transparency: Exploring Algorithmic Accountability},
    author        = {Cech, F.},
    year          = {2020},
    booktitle     = {GROUP ’20: The 2020 ACM International Conference on Supporting Group Work, 2020, Sanibel Island Florida USA. Companion of the 2020 ACM International Conference on Supporting Group Work},
    location      = {Sanibel Island Florida USA},
    publisher     = {Acm},
    address       = {New York},
    pages         = {11--14},
    doi           = {https://doi.org/10.1145/3323994.3371015},
    isbn          = {9781450367677},
    url           = {https://dl.acm.org/doi/10.1145/3323994.3371015},
    urldate       = {2024-01-08},
}

@article{Cotter2020,
    title         = {Algorithmic knowledge gaps: A new horizon of (digital) inequality},
    author        = {Cotter, Kelley and Reisdorf, Bianca C.},
    year          = {2020},
    journal       = {International Journal of Communication},
    volume        = {14},
    pages         = {21},
    url           = {https://ijoc.org/index.php/ijoc/article/view/12450},
}

@article{Hargittai2020,
    title         = {Black box measures? How to study people’s algorithm skills},
    author        = {Hargittai, Eszter and others},
    year          = {2020},
    journal       = {Information, Communication \& Society},
    publisher     = {Routledge},
    address       = {Londres},
    volume        = {23},
    number        = {5},
    pages         = {764--775},
    doi           = {https://doi.org/10.1080/1369118X.2020.1713846},
}

@inproceedings{Klumbbyte2020,
    title         = {Reframing AX with Critical Design: The Potentials and Limits of Algorithmic Experience as a Critical Design Concept},
    author        = {Klumbbyte, G. and Lücking, P. and Draude, C.},
    year          = {2020},
    booktitle     = {NORDICHI ’20: Shaping Experiences, Shaping Society, 2020, Tallinn Estonia. Proceedings of the 11th Nordic Conference on Human-Computer Interaction: Shaping Experiences, Shaping Society},
    location      = {Tallinn Estonia},
    publisher     = {Acm},
    address       = {New York},
    pages         = {1--12},
    doi           = {10.1145/3419249.3420120},
    isbn          = {9781450375795},
    url           = {https://dl.acm.org/doi/10.1145/3419249.3420120},
    urldate       = {2024-01-08},
    editor        = {Nordichi ’20},
}

@article{Koenig2020,
    title         = {The Algorithms Know Me and I Know Them: Using Student Journals to Uncover Algorithmic Literacy Awareness},
    author        = {Koenig, A.},
    year          = {2020},
    journal       = {Computers and Composition},
    volume        = {58},
    pages         = {102611},
}

@book{Zuboff2020,
    title         = {A era do capitalismo de vigilância: A luta por um futuro humano na nova fronteira do poder},
    author        = {Zuboff, S.},
    year          = {2020},
    publisher     = {Editora Intrínseca},
    address       = {Rio de Janeiro},
}

@inproceedings{Aleman2021,
    title         = {Screening {Bot}: a {Playground} for {Critical} {Algorithmic} {Literacy} {Engagement} with {Youth}},
    author        = {Aleman, Ezequiel and Nadolny, Larysa and Ferreira, Alejandro and Gabetti, Bruno and Ortíz, Guillermo and Zanoniani, Martín},
    year          = {2021},
    month         = oct,
    booktitle     = {Extended {Abstracts} of the 2021 {Annual} {Symposium} on {Computer}-{Human} {Interaction} in {Play}},
    publisher     = {Association for Computing Machinery},
    address       = {New York, NY, USA},
    pages         = {198--202},
    doi           = {10.1145/3450337.3483478},
    isbn          = {9781450383561},
    url           = {https://doi.org/10.1145/3450337.3483478},
    urldate       = {2024-08-01},
    editor        = {{Chi} {Play} '21},
}

@article{Astambayeva2021,
    title         = {Algorithmic methodological and mathematical literacy of the future primary education teacher: Perspective of learning technology},
    author        = {Astambayeva, Z. and others},
    year          = {2021},
    journal       = {World Journal on Educational Technology: Current Issues},
    volume        = {13},
    number        = {4},
    pages         = {758--774},
    doi           = {10.18844/wjet.v13i4.6263},
    url           = {https://un-pub.eu/ojs/index.php/wjet/article/view/6263},
}

@article{Devito2021,
    title         = {Adaptive Folk Theorization as a Path to Algorithmic Literacy on Changing Platforms},
    author        = {Devito, M. A.},
    year          = {2021},
    journal       = {Proceedings of the ACM on Human-Computer Interaction},
    publisher     = {Acm},
    address       = {New York},
    volume        = {5},
    number        = {Cscw2},
    pages         = {1--38},
    doi           = {10.1145/3476080},
}

@article{DogrueL2021,
    title         = {What is algorithm literacy? A conceptualization and challenges regarding its empirical measurement},
    author        = {DogrueL, Leyla},
    year          = {2021},
    journal       = {75898},
    booktitle     = {Algorithms and Communication},
    address       = {Berlin},
    series        = {Digital Communication Research},
    volume        = {9},
    pages         = {67--93},
    doi           = {https://doi.org/10.48541/dcr.v9.3},
    isbn          = {978-3-945681-09-1},
    issn          = {2198-7610},
    editor        = {Taddicken, Monika and Schumann, Christina},
}

@article{Kampa2021,
    title         = {Algorithmic literacy in medical students – results of a knowledge test conducted in Germany},
    author        = {Kampa, P. and Balzer, F.},
    year          = {2021},
    journal       = {Health Information \& Libraries Journal},
    volume        = {38},
    number        = {3},
    pages         = {224--230},
    doi           = {https://doi.org/10.1111/hir.12392},
    url           = {https://onlinelibrary.wiley.com/doi/abs/10.1111/hir.12392},
}

@article{Lupinacci2021,
    title         = {‘Absentmindedly scrolling through nothing’: liveness and compulsory continuous connectedness in social media},
    author        = {Lupinacci, Ludmila},
    year          = {2021},
    journal       = {Media, Culture \& Society},
    volume        = {43},
    number        = {2},
    pages         = {273--290},
    doi           = {10.1177/0163443720939454},
    url           = {https://doi.org/10.1177/0163443720939454},
    eprint        = {https://doi.org/10.1177/0163443720939454},
}

@article{Mbembe2021,
    title         = {Futures of Life and Futures of Reason},
    author        = {Mbembe, Achille},
    year          = {2021},
    month         = {1},
    journal       = {Public Cultures},
    volume        = {33},
    number        = {1},
    pages         = {11--33},
    doi           = {10.1215/08992363-8742136},
    issn          = {0899-2363},
    eprint        = {https://read.dukeupress.edu/public-culture/article-pdf/33/1 (93)/11/927025/11mbembe.pdf},
}

@article{Ridley2021,
    title         = {Algorithmic Literacy and the Role for Libraries},
    author        = {Ridley, M. and Pawlick-Potts, D.},
    year          = {2021},
    journal       = {Information Technology and Libraries},
    volume        = {40},
    number        = {2},
    doi           = {10.6017/ital.v40i2.12963},
    url           = {https://ital.corejournals.org/index.php/ital/article/view/12963},
    urldate       = {2024-01-08},
}

@book{Buckingham2022,
    title         = {Manifesto pela Educação Midiática},
    author        = {Buckingham, D.},
    year          = {2022},
    publisher     = {Edições Sesc São Paulo},
    address       = {São Paulo},
}

@book{Burgess2022,
    title         = {Everyday data cultures},
    author        = {Burgess, Jean and others},
    year          = {2022},
    publisher     = {John Wiley \& Sons},
    address       = {New York},
}

@article{DogrueL2022,
    title         = {Development and validation of an algorithm literacy scale for internet users},
    author        = {DogrueL, Leyla and Masur, Philipp and Joeckel, Sven},
    year          = {2022},
    journal       = {Communication Methods and Measures},
    publisher     = {Routledge},
    address       = {Londres},
    volume        = {16},
    number        = {2},
    pages         = {115--133},
    doi           = {10.1080/19312458.2021.1968361},
    url           = {https://doi.org/10.1080/19312458.2021.1968361},
}

@article{Garcia-Penalvo2022,
    title         = {Developing robust state-of-the-art reports: Systematic Literature Reviews},
    author        = {García-Peñalvo, Francisco José},
    year          = {2022},
    journal       = {Education in the Knowledge Society},
    volume        = {23},
    doi           = {https://doi.org/10.14201/eks.28600},
    url           = {https://revistas.usal.es/tres/index.php/eks/article/view/28600},
}

@incollection{Grosman2022,
    title         = {"The Beatles with the Lower Score, it Breaks my Heart": Framing a Media Education Response to Datafication and Algorithmic Recommendations in Digital Media Infrastructures},
    author        = {Grosman, Jérémy and Jacques, Jerry and Collard, Anne-Sophie},
    year          = {2022},
    booktitle     = {Learning to Live with Datafication.: Educational Case Studies and Initiatives from Across the World},
    publisher     = {Routledge},
    pages         = {135--152},
    editor        = {Pangrazio, Luci and Sefton-Green, Julian},
}

@article{How2022,
    title         = {Advancing Multidisciplinary STEM Education with Mathematics for Future-Ready Quantum Algorithmic Literacy},
    author        = {How, M.-L.},
    year          = {2022},
    journal       = {Mathematics},
    volume        = {10},
    number        = {7},
    pages         = {1146},
    doi           = {10.3390/math10071146},
    issn          = {2227-7390},
    url           = {https://www.mdpi.com/2227-7390/10/7/1146},
}

@incollection{Jeong2022,
    title         = {Critical algorithm literacy education in the age of digital platforms},
    author        = {Jeong, H.-S. and Oh, Y. J. and Kim, A.},
    year          = {2022},
    booktitle     = {Learning to Live with Datafication},
    publisher     = {Routledge},
    address       = {Londres},
    pages         = {153--168},
    url           = {https://www.taylorfrancis.com/books/9781003136842/chapters/10.4324/9781003136842-9},
    urldate       = {2024-01-08},
    editor        = {Pangrazio, L. and Sefton-Green, J.},
    edition       = {1},
}

@article{Kapsch2022,
    title         = {Exploring user agency and small acts of algorithm engagement in everyday media use},
    author        = {Kapsch, P. H.},
    year          = {2022},
    journal       = {Media International Australia},
    volume        = {183},
    number        = {1},
    pages         = {16--29},
    doi           = {10.1177/1329878x211067803},
    url           = {https://doi.org/10.1177/1329878X211067803},
}

@article{Konig2022,
    title         = {Challenges in enabling user control over algorithm-based services},
    author        = {König, P. D.},
    year          = {2020},
    journal       = {Computers and Composition},
    volume        = {58},
    pages         = {102611},
    doi           = {https://doi.org/10.1016/j.compcom.2020.102611},
    issn          = {8755-4615},
    url           = {https://link.springer.com/10.1007/s00146-022-01395-1},
    urldate       = {2024-01-08},
}

@article{Lv2022,
    title         = {Adolescents’ Algorithmic Resistance to Short Video APP’s Recommendation: The Dual Mediating Role of Resistance Willingness and Resistance Intention},
    author        = {Lv, X. and Chen, Y. and Guo, W.},
    year          = {2022},
    journal       = {Frontiers in Psychology},
    volume        = {13},
    pages         = {859597},
    doi           = {10.3389/fpsyg.2022.859597},
    issn          = {1664-1078},
    url           = {https://www.frontiersin.org/journals/psychology/articles/10.3389/fpsyg.2022.859597},
}

@book{Pangrazio2022,
    title         = {Learning to live with datafication: Educational case studies and initiatives from across the world},
    year          = {2022},
    publisher     = {Routledge},
    address       = {Londres},
    editor        = {Pangrazio, L. and Sefton-Green, J.},
}

@inproceedings{Parnell2022,
    title         = {Do we know and do we care? Algorithms and Attitude towards Conversational User Interfaces: Comparing Chatbots and Voice Assistants},
    author        = {Parnell, S. I. and Klein, S. H. and Gaiser, F.},
    year          = {2022},
    booktitle     = {CUI 2022: 4th Conference on Conversational User Interfaces, 2022, Glasgow United Kingdom. Proceedings of the 4th Conference on Conversational User Interfaces},
    location      = {Glasgow, United Kingdom},
    publisher     = {Acm},
    address       = {New York},
    pages         = {1--6},
    doi           = {10.1145/3543829.3544517},
    isbn          = {9781450397391},
    url           = {https://dl.acm.org/doi/10.1145/3543829.3544517},
    urldate       = {2024-01-08},
    editor        = {Cui 2022},
}

@article{Shin2022,
    title         = {How do people judge the credibility of algorithmic sources?},
    author        = {Shin, D.},
    year          = {2022},
    journal       = {AI \& Society},
    volume        = {37},
    number        = {1},
    pages         = {81--96},
    doi           = {10.1007/s00146-021-01158-4},
}

@article{Silva2022,
    title         = {Facets of algorithmic literacy: Information, experience, and individual factors predict attitudes toward algorithmic systems},
    author        = {Silva, D. E. and Chen, C. and Zhu, Y.},
    year          = {2022},
    journal       = {New Media \& Society},
    volume        = {26},
    number        = {5},
    pages         = {2992--3017},
    doi           = {10.1177/14614448221098042},
    url           = {https://doi.org/10.1177/14614448221098042},
}

@article{Sued2022,
    title         = {Entrenar al algoritmo: gobernanza, agencia y literacidad en el uso de YouTube},
    author        = {Sued, G. E.},
    year          = {2022},
    journal       = {Contratexto},
    publisher     = {Scielo},
    address       = {Lima},
    number        = {037},
    pages         = {159--182},
    issn          = {1025-9945},
    url           = {http://www.scielo.org.pe/scielo.php?script=sci_arttext&pid=S1025-99452022000100159&nrm=iso},
}

@article{Bell2023,
    title         = {Exploring the role of social media literacy in adolescents’ experiences with personalization: A Norwegian qualitative study},
    author        = {Bell, A. R. and others},
    year          = {2023},
    journal       = {Journal of Adolescent \& Adult Literacy},
    volume        = {66},
    number        = {4},
    pages         = {239--248},
    doi           = {https://doi.org/10.1002/jaal.1273},
    url           = {https://ila.onlinelibrary.wiley.com/doi/abs/10.1002/jaal.1273},
}

@article{Fletcher2023,
    title         = {International pro-competition regulation of digital platforms: healthy experimentation or dangerous fragmentation?},
    author        = {Fletcher, Amelia},
    year          = {2023},
    journal       = {Oxford Review of Economic Policy},
    volume        = {39},
    number        = {1},
    pages         = {12--33},
    doi           = {https://doi.org/10.1093/oxrep/grac047},
    issn          = {0266-903x},
    eprint        = {https://academic.oup.com/oxrep/article-pdf/39/1/12/49590354/grac047.pdf},
}

@article{Grohmann2023,
    title         = {Not just platform, nor cooperatives: Worker-owned technologies from below},
    author        = {Grohmann, Rafael},
    year          = {2023},
    journal       = {Communication, Culture \& Critique},
    volume        = {16},
    number        = {4},
    pages         = {274--282},
}

@article{ONU2023,
    title         = {Informe de Política para a Nossa Agenda Comum: Integridade da Informação nas Plataformas Digitais},
    author        = {{Organização das Nações Unidas (ONU)}},
    year          = {2023},
    url           = {https://brasil.un.org/sites/default/files/2023-10/ONU_Integridade_Informacao_Plataformas_Digitais_Informe-Secretario-Geral_2023.pdf},
    urldate       = {2023-11-13},
}

@book{Rogers2023,
    title         = {The Propagation of Misinformation in Social Media: A Cross-platform Analysis},
    author        = {Rogers, Richard},
    year          = {2023},
    publisher     = {Amsterdam University Press},
    address       = {Amsterdam},
    isbn          = {9789463720762},
    url           = {http://www.jstor.org/stable/jj.1231864},
}

@book{Siles2024,
    title         = {Vivir con algoritmos: plataformas digitales y cultura en Costa Rica},
    author        = {Siles, Ignacio},
    year          = {2024},
    publisher     = {Cicom},
    address       = {Costa Rica},
}
