
@online{boersma_2022,
	title = {Praat: doing phonetics by computer},
	author = {Boersma, P. and Weenink, D.},
	url = {https://www.fon.hum.uva.nl/praat/},
	urldate = {2022-01-01},
	year = {2022}
}

@book{barbosa_madureira_2015, 
	title = {Manual de fonética acústica experimental: aplicações a dados do português},
	author = {Barbosa, P. A. and Madureira, S.},  
	publisher = {Cortez Editora}, 
	address = {São Paulo, SP}, 
	year = {2015}
}

@book{reetz_jongman_2011, 
	title = {Phonetics: transcription, production, acoustics and perception},
	author = {Reetz, H. and Jongman, A.}, 
	publisher = {Blackwell}, 
	address = {Oxford}, 
	edition = {2},
	year = {2020}
}

@book{ladefoged_johnson_2014,  
	title = {A course in phonetics},
	author = {Ladefoged, P. and Johnson, K.}, 
	publisher = {Cengage Learning, Inc}, 
	edition = {7},
	address = {Belmont, CA}, 
	year = {2014}
}

@article{escudero_2009,
  author  = {Escudero, P. and Boersma, P. and Rauber, A. S. and Bion, R. A. H.}, 
  title   = {A cross-dialect acoustic description of vowels: Brazilian and
European Portuguese},
  journal = {Acoustical Society of America},
  number  = 3,
  pages   = {1379–1393},
  volume  = 126,
  year    = 2009
}

@online{fonologiaOrg,
	title = {Fonética e fonologia},
	author = {Silva, T. C.},
	url = {https://www.fonologia.org},
	urldate = {2022-01-01},
	year = {2021}
}

@book{ladefoged1975,  
	title = {A course in phonetics},
	author = {Ladefoged, P.}, 
	publisher = {Harcourt Brace Jovanovich}, 
	address = {New York}, 
	edition = {1},
	year = {1975}
}

@book{cristofaro_etal_2019,  
	title = {Fonética acústica: os sons do português brasileiro},
	author = {Silva, T. C. and Seara, I. and Silva, A. and Rauber, A. S. and Cantoni, M.}, 
	publisher = {Contexto}, 
	address = {São Paulo}, 
	year = {2019}
}

@book{kent_read,  
	title = {Análise acústica da fala},
	author = {Kent, R. D. and Read, C.}, 
	publisher = {Cortez}, 
	address = {São Paulo}, 
	year = {2015}
}
