@incollection{arendt2014,
  author    = {Arendt, Hannah},
editor = {Arendt, Hannah},
  title     = {A crise da educação},
  booktitle = {Entre o passado e o futuro},
  translator = {Barbosa, Mauro W.},
  year      = {2014},
  publisher = {Perspectiva},
  address   = {São Paulo}
}

@online{bbc2021,
  author    = {{BBC News Mundo}},
  title     = {O que é a leitura profunda e por que ela faz bem para o cérebro},
  year      = {2021},
  url       = {https://www.bbc.com/portuguese/geral-59121175},
  urldate   = {2023-08}
}

@book{carr2010,
  author    = {Carr, Nicholas},
  title     = {The Shallows: How the Internet is Changing the Way We Think, Read and Remember},
  year      = {2010},
  publisher = {Atlantic Books},
  address   = {London}
}

@article{citton2013,
  author    = {Citton, Yves},
  title     = {L’économie de l’attention},
  journal   = {RDL},
  number    = {11},
  pages     = {mai-juin},
  year      = {2013},
  url       = {https://www.yvescitton.net/wp-content/uploads/2013/10/Citton-EconomieAttention-RdL-11-2013.pdf},
  urldate   = {2023-08}
}

@online{citton2014,
  author    = {Citton, Yves},
  title     = {Introduction},
  year      = {2014},
  url       = {https://www.yvescitton.net/wp-content/uploads/2017/09/CITTON-EconomieAttention-Intro-2014.pdf},
  urldate   = {2023-08}
}

@online{crary,
  author    = {Crary, Jonathan},
  title     = {On the Ends of Sleep: Shadows in the Glare of a 24/7 World},
year = {2007},
  howpublished = {Quadern Portàtils},
  url       = {https://www.librarystack.org/on-the-ends-of-sleep-shadows-in-the-glare-of-a-247-world/},
  urldate   = {2023-02}
}

@article{lash2012,
  author    = {Lash, Scott},
  title     = {Formas tecnológicas de vida},
  journal   = {Rev. Estudos de Sociologia},
  volume    = {8},
  number    = {1},
  year      = {2012},
  note      = {Traduzido por Jonathas Ferreira},
  howpublished = {[original de 2001]}
}

@book{newport2016,
  author    = {Newport, Cal},
  title     = {Deep Work: Rules for Focused Success in a Distracted World},
  year      = {2016},
  publisher = {Grand Central Publishing},
  address   = {New York - Boston}
}

@article{noronha2019,
  author    = {Noronha, Ana C. C.},
  title     = {Considerações semióticas sobre o uso da tecnologia digital em salas de aula},
  journal   = {Estudos Semióticos},
  volume    = {15},
  number    = {2},
  pages     = {280-291},
  year      = {2019},
  doi       = {10.11606/issn.1980-4016.esse.2019.159675}
}

@thesis{noronha2020,
  author    = {Noronha, Ana C. C.},
  title     = {Semiótica, Educação e o uso da tecnologia digital em sala de aula},
  type      = {Tese},
  institution = {Faculdade de Filosofia, Ciências e Letras da Universidade de São Paulo},
  year      = {2020},
  address   = {São Paulo}
}

@book{pang2013,
  author    = {Pang, Alex Soojung-Kim},
  title     = {The Distraction Addiction: Getting the Information You Need and the Communication You Want, Without Enraging Your Family, Annoying Your Colleagues, and Destroying Your Soul},
  year      = {2013},
  publisher = {Little Brown and Company},
}

@online{porta2018,
  author    = {{Porta dos Fundos}},
  title     = {Excêntrico},
  howpublished = {Vídeo do YouTube},
  url       = {https://youtu.be/2a0TnUMNkxs},
  urldate   = {2023-03}
}

@book{sibilia2012,
  author    = {Sibilia, Paula},
  title     = {Redes ou Paredes: Escola em tempos de dispersão},
  year      = {2012},
  publisher = {Contraponto},
  address   = {Rio de Janeiro}
}

@inproceedings{sibilia2020,
  author    = {Sibilia, Paula},
  title     = {O mal-estar do ilimitado},
  booktitle = {Fronteras: 33o Congresso Latino-Americano de Psicanálise},
  year      = {2020},
  organization = {FEPAL}
}

@book{wolf2019,
  author    = {Wolf, Maryanne},
  title     = {Reader, Come Home: The Reading Brain in a Digital World},
  year      = {2019},
  publisher = {Harper Paperback},
  address   = {New York}
}
