
@phdthesis{altahri_issues_2013,
	address = {Salford, UK},
	type = {doctoral dissertation},
	title = {Issues and {Strategies} of {Subtitling} {Cultural} {References} {Harry} {Potter} {Movies} in {Arabic}},
	school = {University of Salford},
	author = {Altahri, A. R. M.},
	year = {2013},
}

@phdthesis{alharthi_challenges_2016,
	address = {Salford, UK},
	type = {Doctoral dissertation},
	title = {Challenges and strategies of subtitling humour: {A} case study of {American} sitcom {Seinfield}, with particular reference to {English} and {Arabic}},
	school = {University of Salford},
	author = {Alharthi, A. A. A.},
	year = {2016},
}

@article{amini_quality_2013,
	title = {Quality of interpreting from users' perspectives},
	volume = {2},
	number = {1},
	journal = {International Journal of English and Education},
	author = {Amini, M. and Ibrahim-González, N. and Ayob, L.},
	year = {2013},
	pages = {89--98},
}

@article{amir_dabbaghian_cultural-discourse_2014,
	title = {A {Cultural}-{Discourse} {Perspective} through the {Strategies} of {Subtitling} of {American} {Films} from {English} into {Persian} {A} case study of subtitling friends series},
	volume = {3},
	issn = {2717-0209},
	url = {http://www.ijashss.com/article_83549.html},
	number = {1},
	urldate = {2022-02-16},
	journal = {International Journal of Advanced Studies in Humanities and Social Science},
	author = {Amir Dabbaghian, A. and Pour Ibrahimi, Y.},
	month = jan,
	year = {2014},
	pages = {30--41},
}

@book{attardo_routledge_2017,
	address = {New York},
	series = {Routledge handbooks in linguistics},
	title = {The {Routledge} handbook of language and humor},
	publisher = {Routledge},
	editor = {Attardo, S.},
	year = {2017},
}

@article{attardo_script_1991,
	title = {Script theory revis(it)ed: joke similarity and joke representation model},
	volume = {4},
	url = {https://www.degruyter.com/document/doi/10.1515/humr.1991.4.3-4.293/html},
	doi = {10.1515/humr.1991.4.3-4.293},
	number = {3-4},
	urldate = {2022-02-16},
	journal = {Humor - International Journal of Humor Research},
	author = {Attardo, S. and Raskin, V.},
	year = {1991},
}

@article{bak_analysis_2016,
	title = {Analysis of {Henrik} {Gottlieb}’s translation strategies adopted by the internet group {Hatak} in the translation of the first episode of “{House} of {Cards}”},
	volume = {12},
	url = {http://dlibra.bg.ajd.czest.pl:8080/dlibra/docmetadata?id=3456&from=publication},
	doi = {10.16926/sn.2016.12.08},
	urldate = {2022-02-16},
	journal = {Prace Naukowe Akademii im. Jana Długosza w Częstochowie. Studia Neofilologiczne},
	author = {Bąk, K. and Gwóźdź, G.},
	year = {2016},
	pages = {107--119},
}

@phdthesis{bosch_translation_2016,
	address = {Ghent, Belgium},
	type = {master’s thesis},
	title = {The translation of culture-specific humour in the animated sitcom “{Family} {Guy}: {A} comparative analysis of {Dutch} and {Spanish}”},
	school = {Ghent University},
	author = {Bosch, B.},
	year = {2016},
}

@article{chaume_turn_2013,
	title = {The turn of audiovisual translation: {New} audiences and new technologies},
	volume = {2},
	url = {http://www.jbe-platform.com/content/journals/10.1075/ts.2.06cha},
	doi = {10.1075/ts.2.06cha},
	language = {en},
	urldate = {2022-02-16},
	journal = {Translation Spaces},
	author = {Chaume, F.},
	month = nov,
	year = {2013},
	pages = {105--123},
}

@article{cai_fansubbing_2015,
	title = {Fansubbing {Humor}: {A} {Mainland} {China} {Case} {Study}},
	volume = {5},
	url = {http://www.davidpublisher.org/index.php/Home/Article/index?id=19375.html},
	doi = {10.17265/2160-6579/2015.09.001},
	number = {9},
	urldate = {2022-02-16},
	journal = {Journalism and Mass Communication},
	author = {CAI, X.},
	month = aug,
	year = {2015},
}

@incollection{chen_personal_1993,
	address = {Changchun},
	title = {On the {Personal} {Essays} of {Lin} {Yu} {Tang}},
	booktitle = {The {Best}   of {Lin} {Yutang}’s {Personal} {Essays}},
	publisher = {Shidai Wenyi Chubanshi},
	author = {Chen, W. H. and Shu, J. H.},
	year = {1993},
	pages = {1--23},
}

@article{chen_sense_2013,
	title = {Sense of {Humor} in {China}: {The} {Role}   of {Individualism}, {Collectivism}, and {Facework}},
	volume = {56},
	url = {https://www.jstage.jst.go.jp/article/psysoc/56/1/56_57/_article},
	doi = {10.2117/psysoc.2013.57},
	number = {1},
	urldate = {2022-02-16},
	journal = {Psychologia},
	author = {Chen, G.-H. and Watkins, D. and Martin, R. A.},
	year = {2013},
	pages = {57--70},
}

@phdthesis{cheng_chinese_2014,
	address = {Canberra, Australia},
	type = {doctoral dissertation},
	title = {Chinese subtitles of {English}-language feature films in {Taiwan}: {A} systematic investigation of solution-types},
	url = {https://openresearch-repository.anu.edu.au/bitstream/1885/11789/1/Cheng_Y.J._2014.pdf},
	urldate = {2022-02-16},
	school = {Australian National University},
	author = {Cheng, Y.},
	year = {2014},
}

@article{chiaro_humor_2005,
	title = {Humor and translation: {Special} issue of humor},
	volume = {18},
	number = {2},
	journal = {International Journal of Humor Research},
	author = {Chiaro, D.},
	year = {2005},
	pages = {185--207},
}

@incollection{chiaro_verbally_2008,
	address = {Berlin},
	title = {Verbally expressed humor and translation},
	booktitle = {The {Primer} of {Humor} {Research}},
	publisher = {Mouton de Gruyter},
	author = {Chiaro, D.},
	editor = {Raskin, V.},
	year = {2008},
	pages = {569--608},
}

@article{denton_new_2012,
	title = {A {New} {Development} in {Audiovisual} {Translation} {Studies}: {Focus} on {Target} {Audience} {Perception}},
	volume = {1},
	url = {https://oajournals.fupress.net/index.php/bsfm-lea/article/view/7878},
	doi = {10.13128/LEA-1824-484X-12469},
	number = {1},
	urldate = {2022-02-16},
	journal = {LEA - Lingue e Letterature d'Oriente e d'Occidente},
	author = {Denton, J. and Ciampi, D.},
	year = {2012},
	pages = {399--422},
}

@incollection{diaz-cintas_introduction:_2008,
	address = {Amsterdam},
	title = {Introduction: {Audiovisual} translation comes of age},
	booktitle = {Between text and image: {Updating} research in screen translation},
	publisher = {John Benjamins},
	author = {Diaz-Cintas, J.},
	editor = {Chiaro, D. and Heiss, C. and Bucaria, C.},
	year = {2008},
}

@incollection{diaz-cintas_introduction-audiovisual_2009,
	address = {Bristol, Buffalo, Toronto},
	title = {Introduction-{Audiovisual} {Translation}: {An} overview of its potential},
	booktitle = {New {Trends} in {Audiovisual} {Translation}},
	publisher = {Multilingual Matters},
	author = {Diaz-Cintas, J.},
	editor = {Diaz-Cintas, J.},
	year = {2009},
	pages = {1--18},
}

@incollection{diaz-cintas_subtitling:_2013,
	address = {New York},
	title = {Subtitling: {Theory}, practice and research},
	booktitle = {The {Routledge} {Handbook} of {Translation} {Studies}},
	publisher = {Routledge},
	author = {Diaz-Cintas, J.},
	editor = {Millan, C. and Bartrina, F.},
	year = {2013},
	pages = {273--287},
}

@book{diaz-cintas_audiovisual_2007,
	address = {Manchester, UK ; Kinderhook, NY},
	series = {Translation practices explained},
	title = {Audiovisual translation: subtitling},
	number = {11},
	publisher = {St. Jerome Pub},
	author = {Díaz-Cintas, J. and Remael, A.},
	year = {2007},
}

@article{diaz-cintas_fansubs:_2006,
	title = {Fansubs: {Audiovisual} translation in an amateur environment},
	volume = {6},
	journal = {The Journal of Specialised Translation},
	author = {Díaz-Cintas, J. and Sanchez, P. M.},
	year = {2006},
	pages = {37--52},
}

@article{dore_editorial:_2019,
	title = {Editorial: {Multilingual} {Humour} in {Translation}},
	volume = {7},
	url = {https://www.europeanjournalofhumour.org/ejhr/article/view/384},
	doi = {10.7592/EJHR2019.7.1.dore1},
	number = {1},
	urldate = {2022-02-16},
	journal = {The European Journal of Humour Research},
	author = {Dore, M.},
	month = may,
	year = {2019},
	pages = {1--6},
}

@incollection{gambier_position_2013,
	address = {New York},
	title = {The position of audiovisual translation studies},
	booktitle = {The {Routledge} {Handbook} of {Translation} {Studies}},
	publisher = {Routledge},
	author = {Gambier, Y.},
	editor = {Millan, C. and Bartrina, F.},
	year = {2013},
	pages = {273--287},
}

@phdthesis{gao_role_2018,
	address = {Philadelphia, Pennsylvania},
	type = {master’s thesis},
	title = {The {Role} of {Fan}-{Subtitle} {Groups} in the {Process} of {Introducing} {US} {Television} {Programs} into {China}: {A} {Case} {Study}},
	school = {Drexel University},
	author = {Gao, Y.},
	year = {2018},
}

@article{garcia-escribano_effects_2017,
	title = {The effects of fansubs on {EFL} education for {Translation} and {Interpreting} students: an empirical approach},
	volume = {28},
	url = {http://www.jostrans.org/issue28/art_bolanos.pdf},
	urldate = {2022-02-16},
	journal = {JoSTrans : the Journal of Specialised Translation},
	author = {García-Escribano, A. B.},
	month = jul,
	year = {2017},
}

@article{ghaemi_strategies_2011,
	title = {Strategies {Used} in the {Translation} of {Interlingual} {Subtitling}},
	volume = {1},
	url = {https://jes.srbiau.ac.ir/article_5620.html},
	number = {Issue 1},
	urldate = {2022-02-16},
	journal = {Journal oF English Studies},
	author = {Ghaemi, F. and Benyamin, J.},
	month = feb,
	year = {2011},
	pages = {39--49},
}

@article{ghodsi_relevance-theoretic_2016,
	title = {A {Relevance}-theoretic {Analysis} of {Persian} {Verbal} {Humor} and {Online} {Joking}},
	volume = {3},
	url = {https://www.jallr.com/index.php/JALLR/article/view/450},
	number = {7},
	urldate = {2022-02-16},
	journal = {Journal of Applied Linguistics and Language Research},
	author = {Ghodsi, F. and Heidari-Shahreza, M. A.},
	month = nov,
	year = {2016},
	pages = {174--182},
}

@incollection{gottlieb_1992,
	address = {Amsterdam},
	title = {Subtitling - a new university discipline},
	url = {https://benjamins.com/catalog/z.56.26got},
	urldate = {2022-02-16},
	booktitle = {Teaching {Translation} and {Interpreting}},
	publisher = {John Benjamins Publishing Company},
	author = {Gottlieb, H.},
	editor = {Dollerup, C. and Loddegaard, A.},
	year = {1992},
	doi = {10.1075/z.56.26got},
	pages = {161},
}

@phdthesis{gottlieb_subtitles_1997,
	title = {Subtitles, translation \& idioms.},
	author = {Gottlieb, H.},
	year = {1997},
}

@article{han_untranslatability_2011,
	title = {On {Untranslatability} of {English} {Linguistic} {Humor}},
	volume = {1},
	url = {http://www.academypublication.com/issues/past/tpls/vol01/02/05.pdf},
	doi = {10.4304/tpls.1.2.149-152},
	number = {2},
	urldate = {2022-02-16},
	journal = {Theory and Practice in Language Studies},
	author = {Han, Q.},
	month = feb,
	year = {2011},
	pages = {149--152},
}

@incollection{hansen_translation_2010,
	address = {Amsterdam},
	title = {Translation ‘errors’},
	booktitle = {Hanbook of translation studies},
	publisher = {John Benjamins},
	author = {Hansen, G.},
	editor = {Gambier, Y. and Doorslaer, L. V.},
	year = {2010},
	pages = {385--388},
}

@phdthesis{hsieh_translation_2010,
	address = {Kaohsiung, Taiwan},
	type = {Master’s thesis},
	title = {Translation methods for humor in film subtitling},
	school = {National Kaohsiung First University of Science and Technology},
	author = {Hsieh, Y.},
	year = {2010},
}

@article{jiang_cultural_2019,
	title = {Cultural {Differences} in {Humor} {Perception}, {Usage}, and {Implications}},
	volume = {10},
	url = {https://www.frontiersin.org/article/10.3389/fpsyg.2019.00123/full},
	doi = {10.3389/fpsyg.2019.00123},
	urldate = {2022-02-16},
	journal = {Frontiers in Psychology},
	author = {Jiang, T. and Li, H. and Hou, Y.},
	month = jan,
	year = {2019},
	pages = {123},
}

@phdthesis{jin_comparative_2018,
	address = {Manchester, UK},
	type = {doctoral dissertation},
	title = {A comparative analysis of film subtitle translation from {English} to {Chinese}: a case study of 15 popular animation films = {Dian} ying zi mu {Ying} {Han} fan yi li lun de dui bi xing yan jiu : yi 15 bu liu xing dong hua dian ying shuang yu zi mu wei li},
	school = {University of Salford},
	author = {Jin, Z.},
	year = {2018},
	note = {3},
}

@article{yves_audiovisual_2018,
	title = {Audiovisual translation in {China}: {A} dialogue between {Yves} {Gambier} and {Haina} {Jin}},
	volume = {1},
	url = {http://jatjournal.org/index.php/jat/article/view/42},
	doi = {10.47476/jat.v1i1.42},
	number = {1},
	urldate = {2022-02-16},
	journal = {Journal of Audiovisual Translation},
	author = {Yves, G. and Jin, H.},
	month = nov,
	year = {2018},
	pages = {26--39},
}

@article{kianbakht_audiovisual_2015,
	title = {Audiovisual translation: {Humor} of {Woody} {Allen}’s “{Midnight} in {Paris}” subtitled into {Persian}},
	volume = {4},
	journal = {American Journal of Translation Studies},
	author = {Kianbakht, S.},
	year = {2015},
}

@incollection{lin_impressions_1936,
	address = {Berkeley},
	title = {Impressions on {Reaching} {America}},
	booktitle = {Land without {Ghosts}: {Chinese} {Impressions} of {America} from the {MidNineteenth} {Century} to the {Present}},
	publisher = {University of California Press},
	author = {Lin, Y. T.},
	editor = {Arkush, R. D. and Lee, L. O.},
	year = {1936},
	pages = {160--63},
}

@article{liu_foreign_2015,
	title = {Foreign {Language} {Education} {Planning} in {China} {Since} 1949: {A} {Recurrent} {Instrumentalist} {Discourse}},
	volume = {30},
	url = {https://repository.upenn.edu/wpel/vol30/iss1/4},
	number = {1},
	journal = {Working Papers in Educational Linguistics (WPEL)},
	author = {Liu, Y.},
	month = apr,
	year = {2015},
}

@book{lorscher_translation_1991,
	address = {Tübingen},
	title = {Translation performance, translation process, and translation strategies : a psycholinguistic investigation},
	publisher = {Gunter Narr},
	author = {Lörscher, W.},
	year = {1991},
}

@phdthesis{lutviana_failure_2012,
	address = {Indonesian},
	type = {master’s thesis},
	title = {The {Failure} {In} {Translating} {Humor}: {A} {Case} {Study} {In} {ThThe} failure in translating humour: {A} case study in the {Indonesian} translation of humour graphic novel {The} {Diary} of {A} {Wimpy} {Kid}},
	school = {State University of Malang},
	author = {Lutviana, R. and Subiyanto, A.},
	month = jun,
	year = {2012},
}

@article{martinez-sierra_translating_2006,
	title = {Translating {Audiovisual} {Humour}: {A} {Case} {Study}},
	volume = {13},
	url = {http://www.tandfonline.com/doi/abs/10.1080/09076760608668999},
	doi = {10.1080/09076760608668999},
	number = {4},
	urldate = {2022-02-17},
	journal = {Perspectives},
	author = {Martínez-Sierra, Juan José},
	month = apr,
	year = {2006},
	pages = {289--296},
}

@article{masaeli_linguistic_2016,
	title = {A linguistic analysis of {Persian} online jokes in light of {General} {Theory} of {Verbal} {Humour}},
	volume = {3},
	number = {7},
	journal = {Journal of Applied Linguistics and Language Research},
	author = {Masaeli, B. and Heidari-Shahreza, M. A.},
	year = {2016},
	pages = {230--239},
}

@incollection{michalik_use_2017,
	address = {Switzerland},
	title = {The {Use} of {Humor} in the {Multicultural} {Working} {Environment}},
	booktitle = {Multiculturalism, {Multilingualism} and the {Self}: {Literature} and {Culture} {Studies}},
	publisher = {Springer International Publishing},
	author = {Michalik, U. and Sznicer, I.},
	editor = {Mydla, J. and Poks, M. and Drong, L.},
	year = {2017},
	pages = {19--32},
}

@article{jing_problems_2019,
	title = {Problems and {Solutions} in {English}-{Chinese} {Translation} of {Song} {Lyrics} in {Mulan}},
	volume = {Volume 11},
	url = {http://www.jardcs.org/abstract.php?id=1498},
	number = {05-Special Issue},
	urldate = {2022-02-17},
	journal = {Journal of Advanced Research in Dynamic and Control Systems},
	author = {Jing, N. X. and Amini, M.},
	year = {2019},
	pages = {1202--1206},
}

@book{nord_text_1997,
	address = {Amsterdam},
	series = {Amsterdamer {Publikationen} zur {Sprache} und {Literatur}},
	title = {Text analysis in translation: theory, methodology, and didactic application of a model for translation-oriented text analysis},
	number = {94},
	publisher = {Rodopi},
	author = {Nord, C.},
	year = {1997},
}

@book{nord_translation_2001,
	address = {Shanghai},
	title = {Translation as a purposeful activity: {Functionalist} approaches explained},
	url = {https://www.routledge.com/Translating-as-a-Purposeful-Activity-Functionalist-Approaches-Explained/Nord/p/book/9781138573345},
	urldate = {2022-02-17},
	publisher = {Shanghai Foreign Language Education Press},
	author = {Nord, C.},
	year = {2001},
}

@article{nufus_acceptability_2014,
	title = {The acceptability humor translation of {English} to {Indonesian} in the movie {Penguins} of {Madagascar}: {Discover} their untold story thanksgiving},
	volume = {20},
	url = {http://journal.uinjkt.ac.id/index.php/al-turats/article/view/3749},
	doi = {10.15408/bat.v20i1.3749},
	number = {1},
	urldate = {2022-02-17},
	journal = {Buletin Al-Turas},
	author = {Nufus, D. Z.},
	year = {2014},
	pages = {99--116},
}

@article{pardo_translation_2013,
	title = {Translation {Studies}: {An} {Introduction} to the {History} and {Development} of ({Audiovisual}) {Translation}},
	volume = {13},
	number = {1},
	journal = {Linguax. Revista De Lenguas Aplicadas},
	author = {Pardo, B. S.},
	year = {2013},
	pages = {1--28},
}

@article{pedersen_how_2017,
	title = {How metaphors are rendered in subtitles},
	volume = {29},
	url = {https://benjamins.com/online/target/articles/target.16038.ped},
	doi = {10.1075/target.16038.ped},
	number = {3},
	urldate = {2022-02-17},
	journal = {Target. International Journal of Translation Studies},
	author = {Pedersen, J.},
	month = nov,
	year = {2017},
	pages = {416--439},
}

@incollection{pym_1992,
	address = {Amsterdam},
	title = {Translation error analysis and the interface with language teaching},
	booktitle = {The teaching of translation},
	publisher = {John Benjamins},
	author = {Pym, A.},
	editor = {Dollerup, C. and Loddegaard, A.},
	year = {1992},
	pages = {279--288},
}

@article{rahmatillah_translation_2013,
	title = {Translation {Errors} {In} {The} {Process} {Of} {Translation}},
	volume = {7},
	url = {http://jurnal.uii.ac.id/index.php/JEE/article/view/4466},
	doi = {10.20885/jee.vol7.iss1.art2},
	number = {1},
	urldate = {2022-02-17},
	journal = {Journal of English and Education},
	author = {Rahmatillah, K.},
	year = {2013},
	pages = {14--24},
}

@article{shipley_towards_2007,
	title = {Towards a humour translation checklist for students of translation},
	volume = {17},
	journal = {Interlingüística},
	author = {Shipley, T.},
	year = {2007},
	pages = {981--988},
}

@book{sun__2007,
	address = {Beijing},
	title = {中国的语言},
	publisher = {The Commercial Press},
	author = {Sun, H. and Hu, Z. and Huang, X.},
	year = {2007},
}

@phdthesis{usroh_subtitling_2017,
	address = {Indonesia},
	type = {thesis},
	title = {Subtitling strategies use in {American} {Ultra} (2015) movie by {Wiji} {Joko}},
	school = {University of Surakarta. Surakarta},
	author = {Usroh, L.},
	year = {2017},
}

@incollection{vandaele_humor_2010,
	address = {Amsterdam/Philadelphia},
	title = {Humor in translation},
	booktitle = {Handbook of translation studies},
	publisher = {John Benjamins},
	author = {Vandaele, J.},
	editor = {Gambier, Y. and Doorslaer, L. V.},
	year = {2010},
	pages = {147--152},
}

@article{venkatesh_effectiveness_2015,
	title = {Effectiveness of humor advertising on advertising success},
	volume = {1},
	number = {9},
	journal = {International Journal of Management and Social Science Research Review},
	author = {Venkatesh, S. and Senthilkumar, N.},
	year = {2015},
	pages = {171--179},
}

@phdthesis{wilcock_comparative_2013,
	address = {South Africa},
	type = {master’s thesis},
	title = {A comparative analysis of fansubbing and professional {DVD} subtitling},
	school = {University of Johannesburg},
	author = {Wilcock, S.},
	year = {2013},
}

@article{yap_problems_2018,
	title = {Problems and {Solutions} in {English} {Translations} of {Malay} {Short} {Stories}},
	url = {https://arpgweb.com/journal/7/special_issue/12-2018/6/&page=11},
	doi = {10.32861/jssr.spi6.1158.1166},
	number = {SPI6},
	urldate = {2022-02-17},
	journal = {The Journal of Social Sciences Research},
	author = {Yap, S. C. W and Adeela, A. B. and Amini, M. and Rafik-Galea, S.},
	month = dec,
	year = {2018},
	pages = {1158--1166},
}

@article{yap_secondary_2020,
	title = {Secondary world infrastructures and storyworld of the {Little} {Prince} novella},
	volume = {28},
	number = {1},
	journal = {Pertanika},
	author = {Yap, S. C. W. and Amini, M.},
	year = {2020},
	pages = {175--189},
}

@article{yaqubi_translation_2018,
	title = {Translation of {Onomatopoeia}: {Somewhere} between {Equivalence} and {Function}},
	volume = {2},
	url = {http://www.scholink.org/ojs/index.php/sll/article/view/1557},
	doi = {10.22158/sll.v2n3p205},
	number = {3},
	urldate = {2022-02-17},
	journal = {Studies in Linguistics and Literature},
	author = {Yaqubi, M. and Tahir, R. I. and Amini, M.},
	year = {2018},
	pages = {205},
}

@article{haikuo_film_2015,
	title = {Film translation in {China}: {Features} and technical constraints of dubbing and subtitling {English} into {Chinese}},
	volume = {61},
	url = {http://www.jbe-platform.com/content/journals/10.1075/babel.61.4.03hai},
	doi = {10.1075/babel.61.4.03hai},
	number = {4},
	urldate = {2022-02-17},
	journal = {Babel. Revue internationale de la traduction / International Journal of Translation},
	author = {Haikuo, Y.},
	month = dec,
	year = {2015},
	pages = {493--510},
}

@article{zabalbeascoa_translating_1996,
	title = {Translating {Jokes} for {Dubbed} {Television} {Situation} {Comedies}},
	volume = {2},
	url = {http://www.tandfonline.com/doi/abs/10.1080/13556509.1996.10798976},
	doi = {10.1080/13556509.1996.10798976},
	number = {2},
	urldate = {2022-02-17},
	journal = {The Translator},
	author = {Zabalbeascoa, P.},
	month = nov,
	year = {1996},
	pages = {235--257},
}

@article{zabalbeascoa_humor_2005,
	title = {Humor and translation—an interdiscipline},
	volume = {18},
	url = {https://www.degruyter.com/document/doi/10.1515/humr.2005.18.2.185/html},
	doi = {10.1515/humr.2005.18.2.185},
	number = {2},
	urldate = {2022-02-17},
	journal = {Humor},
	author = {Zabalbeascoa, P.},
	month = jan,
	year = {2005},
}

@incollection{zheng_approach_2012,
	address = {UK},
	series = {English in {China} today at the {Harbin} {Institute} of {Technology}: {Volume} {I}},
	title = {Approach to translation errors: {A} cultural perspective},
	publisher = {Cambridge Scholars Publishing},
	author = {Zheng, S.},
	editor = {Wolff, M. and Qiang, T.},
	year = {2012},
}