@incollection{jakobson1959,
    title         = {On linguistic aspects of translation},
    author        = {Roman Jakobson},
    year          = {1959},
    booktitle     = {On Translation},
    publisher     = {Harvard University Press},
    pages         = {232--239},
    editor        = {Reuben Arthur Brower},
}

@mastersthesis{frazier1975,
    title         = {The Autobiography of Miss Jane Pittman: An All-Audio Adaptation of the Teleplay for the Blind and Visually Handicapped},
    author        = {Gregory Frazier},
    year          = {1975},
    school        = {San Francisco State University},
}

@book{itc2000,
    title         = {Guidance on Standards for Audio Description},
    author        = {ITC (Independent Television Commission)},
    year          = {2000},
    publisher     = {Itc},
}

@book{chaume2004,
    title         = {Cine y traducción},
    author        = {Frederic Chaume},
    year          = {2004},
    publisher     = {Cátedra},
}

@book{aenor2005,
    title         = {Norma UNE 153020. Audiodescripción para personas con discapacidad visual. Requisitos para la audiodescripción y elaboración de audioguías},
    author        = {Aenor},
    year          = {2005},
    publisher     = {Aenor},
}

@article{hyks2005,
    title         = {Audio description and translation. Two related but different skills},
    author        = {Veronica Hyks},
    year          = {2005},
    journal       = {Translating Today},
    number        = {4},
    pages         = {6--8},
}

@inproceedings{lopez_vera2006,
    title         = {Translating audio description scripts: The way forward? Tentative first stage project results},
    author        = {López Vera, Juan Francisco},
    year          = {2006},
    booktitle     = {MuTra 2006 Audiovisual Translation Scenarios: Conference Proceedings},
    url           = {https://www.euroconferences.info/proceedings/2006_Proceedings/2006_Lopez_Vera_Juan_Francisco.pdf},
}

@incollection{bourne2007,
    title         = {From the visual to the verbal in two languages: A contrastive analysis of the audio description of *The Hours* in English and Spanish},
    author        = {Julian Bourne and Jiménez Hurtado, Catalina},
    year          = {2007},
    booktitle     = {Media for all: Subtitling for the deaf, audio description and sign language},
    publisher     = {Rodopi},
    pages         = {175--187},
    editor        = {Jorge Díaz Cintas and Pilar Orero and Aline Remael},
}

@mastersthesis{vanderheijden2007,
    title         = {Film en televisie toegankelijk voor blinden en slechtzienden},
    author        = {Mereijn van der Heijden},
    year          = {2007},
    school        = {Utrecht School of Arts},
}

@book{morisset2008,
    title         = {Charte de l’audiodescription. Principes et orientations},
    author        = {Laure Morisset and Frédéric Gonant},
    year          = {2008},
    publisher     = {Ministère des Affaires Sociales},
}

@book{audio_description_coalition2009,
    title         = {Standards for Audio Description and Code of Professional Conduct for Describers based on the training and experience of audio describers and trainers from across the United States},
    author        = {{Audio Description Coalition}},
    year          = {2009},
    publisher     = {Audio Description Coalition},
}

@book{california_audio_describers_alliance2009,
    title         = {Audio Description Standards},
    author        = {{California Audio Describers Alliance}},
    year          = {2009},
    publisher     = {California Audio Describers Alliance},
}

@incollection{remael2010,
    title         = {Audiovisual Translation},
    author        = {Aline Remael},
    year          = {2010},
    booktitle     = {Handbook of Translation Studies},
    publisher     = {John Benjamins},
    editor        = {Yves Gambier and Luc van Doorslaer},
}

@article{remael-vercauteren2010,
    title         = {The translation of recorded audio description from English into Dutch},
    author        = {Aline Remael and Gert Vercauteren},
    year          = {2010},
    journal       = {Perspectives: Studies in Translatology},
    number        = {18},
    pages         = {155--171},
    doi           = {10.1080/0907676x.2010.485684},
}

@book{chaume2012,
    title         = {Audiovisual Translation: Dubbing},
    author        = {Frederic Chaume},
    year          = {2012},
    publisher     = {St Jerome Publishing},
}

@incollection{ibanez-moreno2013,
    title         = {Audio description as a tool to improve lexical and phraseological competence in foreign language learning},
    author        = {Ibáñez Moreno, Ana and Anna Vermeulen},
    year          = {2013},
    booktitle     = {Translation in Language Teaching and Assessment},
    publisher     = {Cambridge Scholars Publishing},
    pages         = {41--64},
    editor        = {Dina Tsagari and Georgios Floros},
}

@article{navarrete2013,
    title         = {El doblaje como herramienta de aprendizaje en el aula de español y desde el entorno Clipflair},
    author        = {Marga Navarrete},
    year          = {2013},
    journal       = {MarcoELE},
    number        = {16},
}

@incollection{ohagan2013,
    title         = {The Impact of New Technologies on Translation Studies: A Technological Turn?},
    author        = {Minako O’Hagan},
    year          = {2013},
    booktitle     = {The Routledge Handbook of Translation Studies},
    publisher     = {Routledge},
    editor        = {Carmen Millán and Francesca Bartrina},
}

@book{talavan2013,
    title         = {La subtitulación en el aprendizaje de lenguas extranjeras},
    author        = {Noa Talaván},
    year          = {2013},
    publisher     = {Octaedro},
}

@article{borghetti2014,
    title         = {Interlingual subtitling for intercultural language education: A case study},
    author        = {Claudia Borghetti and Jennifer Lertola},
    year          = {2014},
    journal       = {Language and Intercultural Communication},
    number        = {14},
    doi           = {10.1080/14708477.2014.934380},
}

@book{remael2014,
    title         = {Pictures Painted in Words. ADLAB Audio Description Guidelines},
    author        = {Aline Remael and Nina Reviers and Gert Vercauteren},
    year          = {2014},
}

@book{snyder2014,
    title         = {The Visual Made Verbal: A Comprehensive Training Manual and Guide to the History and Applications of Audio Description},
    author        = {Joel Snyder},
    year          = {2014},
    publisher     = {American Council of the Blind},
}

@misc{isoiec2015,
    title         = {ISO/IEC TS 20071-21. Information technology — User interface component accessibility — Part 21: Guidance on audio descriptions},
    author        = {Iso/iec},
    year          = {2015},
}

@book{jankowska2015,
    title         = {Translating audio description scripts. Translation as a new strategy of creating audio description},
    author        = {Anna Jankowska},
    year          = {2015},
    publisher     = {Peter Lang},
}

@article{talavan_lertola2016,
    title         = {Active audio description to promote speaking skills in online environments},
    author        = {Noa Talaván and Jennifer Lertola},
    year          = {2016},
    journal       = {Sintagma},
    number        = {27},
}

@book{vanderplank2016,
    title         = {Captioned media in foreign language learning and teaching: Subtitles for the deaf and hard-of-hearing as tools for language learning},
    author        = {Robert Vanderplank},
    year          = {2016},
    publisher     = {Springer},
}

@incollection{fernandez-costales2017,
    title         = {Subtitling in CLIL: Promoting bilingual methodologies through audiovisual translation},
    author        = {Alberto Fernández-Costales},
    year          = {2017},
    booktitle     = {Bilingual education: Trends and key concepts},
    publisher     = {Ministerio de Educación, Cultura y Deporte},
    editor        = {Ministerio de Educación, Cultura y Deporte},
}

@incollection{ibanez-moreno2017,
    title         = {The ARDELE Project: Controlled empirical research on audio description as a didactic tool to improve (meta)linguistic competence in foreign language teaching and learning},
    author        = {Ibáñez Moreno, Ana and Anna Vermeulen},
    year          = {2017},
    booktitle     = {Fast-forwarding with Audiovisual Translation},
    publisher     = {Multilingual Matters},
    editor        = {Jorge Díaz-Cintas and Kristijan Nikolić},
}

@article{talavan_costal2017,
    title         = {iDub - The potential of intralingual dubbing in foreign language learning: How to assess the task},
    author        = {Noa Talaván and Tomás Costal},
    year          = {2017},
    journal       = {Language Value},
    number        = {9},
    doi           = {10.6035/LanguageV.2017.9.4},
}

@incollection{avila-cabrera2018,
    title         = {TeenTitles. Implementation of a methodology based on teenage subTitles to improve written skills},
    author        = {José Javier Ávila-Cabrera},
    year          = {2018},
    booktitle     = {Focusing on audiovisual translation research},
    publisher     = {Publicacions Universitat de València},
    pages         = {19--40},
    editor        = {John Sanderson and Botella-Tejera},
}

@article{calduch2018,
    title         = {Traducción audiovisual y aprendizaje del español como L2: El uso de la audiodescripción},
    author        = {Carme Calduch and Noa Talaván},
    year          = {2018},
    journal       = {Journal of Spanish Language Teaching},
    number        = {4},
    doi           = {10.1080/23247797.2017.1407173},
}

@article{chaume2018,
    title         = {An overview of audiovisual translation: Four methodological turns in a mature discipline},
    author        = {Frederic Chaume},
    year          = {2018},
    journal       = {Journal of Audiovisual Translation},
    number        = {1},
    pages         = {40--63},
    doi           = {10.47476/jat.v1i1.43},
}

@article{diaz-cintas2018a,
    title         = {Subtitling’s a carnival: New practices in cyberspace},
    author        = {Jorge Díaz-Cintas},
    year          = {2018},
    journal       = {The Journal of Specialised Translation},
    number        = {30},
}

@article{herrero2018,
    title         = {A pedagogical model for integrating film education and audio description in foreign language acquisition},
    author        = {Carmen Herrero and Manuela Escobar},
    year          = {2018},
    journal       = {Translation and Translanguaging in Multilingual Contexts},
    number        = {4},
    pages         = {30--54},
    doi           = {10.1075/ttmc.00003.her},
}

@article{navarrete2018,
    title         = {The use of audio description in foreign language education. A preliminary approach},
    author        = {Marga Navarrete},
    year          = {2018},
    journal       = {Translation and Translanguaging in Multilingual Contexts},
    number        = {4},
    pages         = {129--150},
    doi           = {10.1075/ttmc.00007.nav},
}

@article{sanchez-requena2018,
    title         = {Intralingual dubbing as a tool for developing speaking skills},
    author        = {Alicia Sánchez-Requena},
    year          = {2018},
    journal       = {Translation and Translanguaging in Multilingual Contexts},
    number        = {4},
    pages         = {101--128},
    doi           = {10.1075/ttmc.00006.san},
}

@article{sokoli2018,
    title         = {Exploring the possibilities of interactive audiovisual activities for language learning},
    author        = {Stravoula Sokoli},
    year          = {2018},
    journal       = {Translation and Translanguaging in Multilingual Contexts},
    number        = {4},
    doi           = {10.1075/bct.111.ttmc.00005.sok},
}

@article{agullo2019,
    title         = {Subtitling for the deaf and hard-of-hearing in immersive environments: results from a focus group},
    author        = {Belén Agulló and Anna Matamala},
    year          = {2019},
    journal       = {The Journal of Specialised Translation},
    number        = {32},
    pages         = {217--235},
}

@book{harmer2019,
    title         = {The Practice of English Language Teaching},
    author        = {Jeremy Harmer},
    year          = {2019},
    publisher     = {Pearson},
}

@incollection{perez-gonzalez2019,
    title         = {Rewiring the circuitry of audiovisual translation},
    author        = {Luis Pérez-González},
    year          = {2019},
    booktitle     = {Routledge Handbook of Audiovisual Translation},
    publisher     = {Routledge},
    pages         = {1--12},
    editor        = {Luis Pérez-González},
}

@article{talavan2019,
    title         = {Creative audiovisual translation applied to foreign language education: A preliminary approach},
    author        = {Noa Talaván},
    year          = {2019},
    journal       = {Journal of Audiovisual Translation},
    number        = {2},
    pages         = {53--74},
    doi           = {10.47476/jat.v2i1.57},
}

@article{schaeffer-lacroix2020,
    title         = {Integrating corpus-based audio description tasks into an intermediate-level German course},
    author        = {Eva Schaeffer-Lacroix},
    year          = {2020},
    journal       = {International Journal of Applied Linguistics},
    number        = {31},
    pages         = {1--20},
    doi           = {10.1111/ijal.12294},
}

@incollection{talavan2020,
    title         = {The didactic value of AVT in foreign language education},
    author        = {Noa Talaván},
    year          = {2020},
    booktitle     = {The Palgrave Handbook of Audiovisual Translation and Media Accessibility},
    publisher     = {Palgrave Macmillan},
    pages         = {567--591},
    editor        = {Łukasz Bogucki and Mikołaj Deckert},
}

@book{diaz-cintas2021,
    title         = {Subtitling. Concepts and Practices},
    author        = {Jorge Díaz Cintas and Aline Remael},
    year          = {2021},
    publisher     = {Routledge},
}

@book{mejias-climent2021,
    title         = {Enhancing Video Game Localization Through Dubbing},
    author        = {Laura Mejías-Climent},
    year          = {2021},
    publisher     = {Palgrave Macmillan},
}

@article{bausells-espin2022,
    title         = {Audio description as a pedagogical tool in the foreign language classroom: An analysis of student perceptions of difficulty, usefulness and learning progress},
    author        = {Adriana Bausells-Espín},
    year          = {2022},
    journal       = {Journal of Audiovisual Translation},
    number        = {5},
    pages         = {152--175},
    doi           = {10.47476/jat.v5i2.2022.208},
}

@incollection{mangiron2022,
    title         = {Audiovisual translation and multimedia and game localization},
    author        = {Carme Mangiron},
    year          = {2022},
    booktitle     = {The Routledge Handbook of Translation and Methodology},
    publisher     = {Routledge},
    pages         = {410--424},
    editor        = {Federico Zanettin and Christopher Rundle},
}

@incollection{neves2022,
    title         = {Translation and accessibility. The translation of everyday things},
    author        = {Josélia Neves},
    year          = {2022},
    booktitle     = {The Routledge Handbook of Translation and Methodology},
    publisher     = {Routledge},
    pages         = {441--456},
    editor        = {Federico Zanettin and Christopher Rundle},
}

@article{talavan_lertola_ibanez2022,
    title         = {Audio description and subtitling for the deaf and hard of hearing media accessibility in foreign language learning},
    author        = {Noa Talaván and Jennifer Lertola and Anna Ibáñez},
    year          = {2022},
    journal       = {Translation and Translanguaging in Multilingual Contexts},
    number        = {8},
    pages         = {1--29},
    doi           = {10.1075/ttmc.00082.tal},
}

@article{bartolini2024,
    title         = {The implementation of museum audio description in foreign language education: A pilot study},
    author        = {Chiara Bartolini and Eleonora Maldina},
    year          = {2024},
    journal       = {Parallèles},
    number        = {36},
    doi           = {10.17462/para.2024.01.08},
}

@article{belenguer-cortes2024,
    title         = {The role of accessibility in language teaching: Respeaking in the foreign language classroom},
    author        = {Belenguer Cortés, Luz},
    year          = {2024},
    journal       = {Parallèles},
    number        = {36},
    doi           = {10.17462/para.2024.01.09},
}

@incollection{garcia-munoz_vizcaino2024,
    title         = {Subtitling for the Deaf and Hard-of-Hearing as a Didactic Tool in the Classroom},
    author        = {García-Muñoz Vizcaíno, Sheila and Díaz Alarcón, Soledad},
    year          = {2024},
    booktitle     = {Empirical Studies in Didactic Audiovisual Translation},
    publisher     = {Routledge},
    pages         = {26--46},
    editor        = {Cristina Plaza-Lara and María del Mar Ogea-Pozo and Carla Botella-Tejera},
}

@article{navarrete2024,
    title         = {Converting semiotic signs into a linguistic code: Implications for language learners’ oral skills},
    author        = {Marga Navarrete},
    year          = {2024},
    journal       = {Parallèles},
    number        = {36},
    doi           = {10.17462/para.2024.01.06},
}

@misc{netflix2024,
    title         = {Audio Description Style Guide (v2.5)},
    author        = {Netflix},
    year          = {2024},
    publisher     = {Netflix},
}

@book{talavan_lertola_fernandez-costales2024,
    title         = {Didactic audiovisual translation and foreign language education},
    author        = {Noa Talaván and Jennifer Lertola and Alberto Fernández-Costales},
    year          = {2024},
    publisher     = {Routledge},
}

@incollection{romero2025linguistic,
    title         = {Linguistic variation and audio description. Dialect and register in L1 Spanish students},
    author        = {Alejandro Romero-Muñoz},
    year          = {2025},
    booktitle     = {La fuerza de la traducción creativa y cultural},
    publisher     = {Comares},
    note          = {in press},
    editor        = {Ana Tamayo and Marta Iravedra},
}
