@article{alvarez-gardyn2020,
	title = {Segregación {Educativa} en {Tiempos} de {Pandemia}: {Balance} de las {Acciones} {Iniciales} durante el {Aislamiento} {Social} por el {Covid}-19 en {Argentina}},
	volume = {9},
	url = {https://revistas.uam.es/riejs/article/view/riejs2020_9_3_002},
	doi = {10.15366/riejs2020.9.3.002},
	number = {3},
	urldate = {2021-06-19},
	journal = {Revista Internacional de Educación para la Justicia Social},
	author = {Álvarez, Marisa and Gardyn, Natalia and Iardelevsky, Alberto and Rebello, Gabriel},
	month = may,
	year = {2020},
	pages = {25-43}
}
@article{cabero-almenara2019,
	title = {{TIC} para la inclusión: una mirada desde {Latinoamérica}.},
	volume = {48},
	url = {https://www.unioviedo.es/reunido/index.php/AA/article/view/13283},
	doi = {10.17811/rifie.48.2.2019.139-146},
	number = {2},
	urldate = {2021-06-19},
	journal = {Aula Abierta},
	author = {Cabero-Almenara, Julio and Valencia-Ortiz, Rubicelia},
	month = may,
	year = {2019},
	pages = {139}
}
@article{carmona-santiago2019,
	title = {El impacto de las relaciones entre la familia y la escuela en la inclusión educativa de alumnos de etnia gitana.: {Una} revisión sistemática},
	volume = {9},
	number = {3},
	urldate = {2021-06-19},
	journal = {REMIE: Multidisciplinary Journal of Educational Research},
	author = {Carmona Santiago, José  and García Ruiz, Marta  and Máiquez, Mª Luisa and Rodrigo López, María José },
	year = {2019},
	pages = {319-348}
}
@article{carreno2019,
	title = {El aula invertida versus método tradicional: {En} la calidad del aprendizaje {The} {Flipped} classroom versus traditional method: {On} the quality of learning},
	volume = {6},
	url = {https://www.ctes.org.mx/index.php/ctes/article/view/692},
	number = {11},
	urldate = {2021-06-19},
	journal = {Revista Electrónica sobre Tecnología, Educación y Sociedad},
	author = {Carreño, Mireya Monroy and Carreño, Patricia Monroy},
	month = feb,
	year = {2019}
}
@article{cascales-martinez2018,
	title = {Aprendizaje basado en proyectos en educación infantil: cambio pedagógico y social},
	volume = {76},
	url = {https://rieoei.org/RIE/article/view/2861},
	doi = {10.35362/rie7602861},
	urldate = {2021-06-19},
	journal = {Revista Iberoamericana de Educación},
	author = {Cascales Martínez, Antonia and Carrillo-García, Mª Encarnación},
	month = jan,
	year = {2018},
	pages = {79-98}
}
@article{cadenagonzalez2019,
	title = {Uso de {TIC} en estrategia didáctica, para elevar el rendimiento escolar: {Estudio} de un caso. {Use} of {ICT} in didactic strategy, to increase school performance: {Study} of a case.},
	volume = {6},
	url = {https://www.ctes.org.mx/index.php/ctes/article/view/687},
	number = {11},
	urldate = {2021-06-19},
	journal = {Revista Electrónica sobre Tecnología, Educación y Sociedad},
	author = {Cadena González, Mayté  and Bojórquez, María Alejandra Sarmiento and Rosado, Juan Fernando Casanova and Ovalle, Thania del Carmen Tuyub},
	month = feb,
	year = {2019}
}
@article{ceballosmaron2020,
	title = {El {Efecto} del {Aislamiento} {Social} por el {Covid}-19 en la {Conciencia} {Emocional} y en la {Comprensión} {Lectora}. {Estudio} sobre la {Incidencia} en {Alumnos} con {Trastornos} de {Aprendizaje} y {Menor} {Acceso} a las {Nuevas} {Tecnologías}},
	volume = {9},
	url = {https://revistas.uam.es/riejs/article/view/12127},
	number = {3},
	urldate = {2021-06-19},
	journal = {Revista Internacional de Educación para la Justicia Social},
	author = {Ceballos Marón, Natalia Andrea  and Sevilla Vallejo, Santiago },
	month = may,
	year = {2020},
}
@article{cervantesholguin2020,
	title = {Resistir la {Covid}-19. {Intersecciones} en la {Educación} de {Ciudad} {Juárez}, {México}},
	volume = {9},
	url = {https://revistas.uam.es/riejs/article/view/riejs2020_9_3_001},
	doi = {10.15366/riejs2020.9.3.001},
	number = {3},
	urldate = {2021-06-19},
	journal = {Revista Internacional de Educación para la Justicia Social},
	author = {Cervantes Holguín, Evangelina and Gutiérrez Sandoval, Pavel Roel},
	month = may,
	year = {2020},
	pages = {7-23}
}
@article{condor-herrera2020,
	title = {Educar en tiempos de {COVID}-19},
	volume = {9},
	url = {http://cienciamerica.uti.edu.ec/openjournal/index.php/uti/article/view/281},
	doi = {10.33210/ca.v9i2.281},
	number = {2},
	urldate = {2021-06-19},
	journal = {CienciAmérica},
	author = {Cóndor-Herrera, Omar},
	month = may,
	year = {2020},
	pages = {31-37}
}
@article{espinosa2020,
	title = {Covid-19, {Educación} y {Derechos} de la {Infancia} en {España}},
	volume = {9},
	url = {https://revistas.uam.es/riejs/article/view/riejs2020_9_3_013},
	doi = {10.15366/riejs2020.9.3.013},
	number = {3},
	urldate = {2021-06-19},
	journal = {Revista Internacional de Educación para la Justicia Social},
	author = {Espinosa, Mª Ángeles},
	month = oct,
	year = {2020},
	pages = {245-258}
}
@article{barbozacid2020,
	title = {Atención psicosocial y la pandemia de {COVID}-19: reflexiones sobre la atención a niños y adolescentes que viven en contextos socialmente vulnerables},
	volume = {10},
	url = {https://hipatiapress.com/hpjournals/index.php/remie/article/view/5887},
	doi = {10.17583/remie.2020.5887},
	number = {2},
	urldate = {2021-06-19},
	journal = {Multidisciplinary Journal of Educational Research},
	author = {Barboza Cid, Maria Fernanada  and Fernandes, Amanda Dourado Souza Akahosi and Morato, Giovana Garcia and Minatel, Martha Morais},
	month = jun,
	year = {2020},
	pages = {178-201}
}
@article{caberoalmenara2017,
	title = {Las {Tecnologías} de la {Información} y {Comunicación} para la inclusión: reformulando la brecha digital},
	url = {https://www.upo.es/revistas/index.php/IJERI/article/view/2665},
	number = {9},
	urldate = {2021-06-19},
	journal = {IJERI: International Journal of Educational Research and Innovation},
	author = {Cabero Almenara, Julio  and Ruiz-Palmero, Julio},
	year = {2017},
	keywords = {Educational Research and Innovation, Innovación educativa, Investigación educativa},
	pages = {16-30}
}
@book{gallegoortega2016,
	address = {Madrid},
	title = {La alteridad en educación: {Teoría} e investigación},
	publisher = {Pirámide},
	author = {Gallego Ortega, José Luis  and Fuentes, Antonio Rodríguez},
	month = jan,
	year = {2016}
}
@article{garciapedraza2015,
	title = {Desafíos a la igualdad en el siglo {XXI}: dificultades y retos del modelo de escuela comprensiva},
	volume = {0},
	url = {http://revistas.uned.es/index.php/REEC/article/view/14445},
	doi = {10.5944/reec.26.2015.14445},
	number = {26},
	urldate = {2021-06-19},
	journal = {Revista Española de Educación Comparada},
	author = {García Pedraza, Rubén},
	month = dec,
	year = {2015},
	pages = {135}
}
@misc{globaldigital2020,
	title = {Digital 2020: {El} uso de las redes sociales abarca casi la mitad de la población mundial},
	url = {https://wearesocial.com/es/blog/2020/01/digital-2020-el-uso-de-las-redes-sociales-abarca-casi-la-mitad-de-la-poblacion-mundial},
	urldate = {2021-06-19},
	journal = {We Are Social ES},
	author = {{Global Digital}},
	month = jan,
	year = {2020}
}
@article{fernandezbatanero2019,
	title = {Knowledge and degree of training of primary education teachers in relation to {ICT} taught to students with disabilities},
	volume = {50},
	url = {https://onlinelibrary.wiley.com/doi/abs/10.1111/bjet.12675},
	doi = {10.1111/bjet.12675},
	number = {4},
	urldate = {2021-06-19},
	journal = {British Journal of Educational Technology},
	author = {Fernández‐Batanero, José María and Cabero, Julio and López, Eloy},
	month = jul,
	year = {2019},
	pages = {1961-1978}
}
@article{hernandez2017,
	title = {Impacto de las {TIC} en la educación: {Retos} y {Perspectivas}},
	volume = {5},
	url = {http://revistas.usil.edu.pe/index.php/pyr/article/view/149},
	doi = {10.20511/pyr2017.v5n1.149},
	number = {1},
	urldate = {2021-06-19},
	journal = {Propósitos y Representaciones},
	author = {Hernandez, Ronald M.},
	month = apr,
	year = {2017},
	pages = {325-347}
}
@article{lopezdaza2020,
	title = {Estado de excepción y restricción al derecho a la educación en {Colombia} por la {COVID}-19},
	volume = {19},
	url = {https://revistas.udem.edu.co/index.php/opinion/article/view/3342},
	doi = {10.22395/ojum.v19n40a8},
	number = {40},
	urldate = {2021-06-19},
	journal = {Opinión Jurídica},
	author = {López Daza, Germán Alfonso and Gómez García, Carlos Fernando},
	month = oct,
	year = {2020},
	pages = {163-186}
}
@article{marindiaz2020,
	title = {Visiones del uso de las {TIC} para la educación inclusiva desde la perspectiva docente: el caso de {Grecia}},
	volume = {13},
	url = {https://periodicos.ufmg.br/index.php/textolivre/article/view/25117},
	doi = {10.35699/1983-3652.2020.25117},
	number = {3},
	urldate = {2021-06-19},
	journal = {Texto Livre: Linguagem e Tecnologia},
	author = {Marín Díaz, Verónica and Vagena, Evangelia and García, Sebastían Rubio},
	month = jul,
	year = {2020},
	pages = {181-199}
}
@article{martinezlopez2020,
	title = {Brecha digital educativa. {Cuando} el territorio es importante},
	volume = {4},
	url = {https://revistas.ucm.es/index.php/SOCI/article/view/69629},
	doi = {10.5209/soci.69629},
	urldate = {2021-06-19},
	journal = {Sociedad e Infancias},
	author = {Martínez López, Olga},
	month = jun,
	year = {2020},
	pages = {267-270}
}
@article{moraaristega2021,
	title = {Enseñar y aprender en tiempos de {Covid}-19},
	volume = {4},
	url = {http://www.journalprosciences.com/index.php/ps/article/view/281},
	doi = {10.29018/issn.2588-1000vol4iss34.2020pp79-86},
	number = {34},
	urldate = {2021-06-19},
	journal = {Pro Sciences: Revista de Producción, Ciencias e Investigación},
	author = {Mora Aristega, Angélica Márgara  and Aristega, Julio Ernesto Mora and Angulo, Reyes Johan Calderón and Masacón, Magdalena Rosario Huilcapi},
	year = {2021},
	pages = {79-86}
}
@article{moralesromo2017,
	title = {{LAS} {TIC} {Y} {LOS} {ESCOLARES} {DEL} {MEDIO} {RURAL}, {ENTRE} {LA} {BRECHA} {DIGITAL} {Y} {LA} {EDUCACIÓN} {INCLUSIVA}},
	volume = {69},
	url = {https://recyt.fecyt.es/index.php/BORDON/article/view/Bordon.2017.52401},
	doi = {10.13042/Bordon.2017.52401},
	number = {3},
	urldate = {2021-06-19},
	journal = {Bordón. Revista de Pedagogía},
	author = {Morales Romo, Noelia},
	month = jun,
	year = {2017},
	pages = {41}
}
@incollection{morenoguerrero2018,
	address = {Madrid},
	editor = {María Luz Cacheiro González},
	editortype = {coord.},
	title = {Las {TIC} en el proceso de enseñanza y aprendizaje},
	booktitle = {Educación y tecnología: estrategias didácticas para la integración de las {TIC}},
	publisher = {Editorial UNED},
	author = {Moreno Guerrero, Antonio José },
	year = {2018},
	pages = {9-39}
}
@article{morenoguerrero2020,
	title = {Influencia del contexto en el uso de dispositivos {TIC} en la {Formación} {Profesional} {Básica}},
	volume = {9},
	url = {https://www.uco.es/servicios/ucopress/ojs/index.php/edmetic/article/view/12195},
	doi = {10.21071/edmetic.v9i1.12195},
	number = {1},
	urldate = {2021-06-19},
	journal = {EDMETIC},
	author = {Moreno Guerrero, Antonio José and López Belmonte, Jesús and Pozo Sánchez, Santiago and Fuentes Cabrera, Arturo},
	year = {2020},
	pages = {149-169}
}
@incollection{muntaner2019,
	address = {Madrid},
	editior = {El Homrani, M. and Arias, S.M. and Ávalos, I.},
	editortype = {coord.},
	title = {La inclusión una apuesta social y educativa},
	booktitle = {La inclusión: una apuesta educativa y social},
	publisher = {Wolters Kluwer},
	author = {Muntaner, Joan Jordi},
	year = {2019},
	pages = {41-57}
}
@article{murillo2020,
	title = {The {Covid}-19 and the {Educational} {Gaps}},
	volume = {14},
	url = {http://www.scielo.cl/scielo.php?script=sci_abstract&pid=S0718-73782020000100011&lng=en&nrm=iso&tlng=en},
	doi = {10.4067/S0718-73782020000100011},
	number = {1},
	urldate = {2021-06-19},
	journal = {Revista latinoamericana de educación inclusiva},
	author = {Murillo, F. Javier and Duk, Cynthia and Murillo, F. Javier and Duk, Cynthia},
	month = jun,
	year = {2020},
	pages = {11-13}
}
@misc{onu2020,
	title = {{UNSDG} {\textbar} {Policy} {Brief}: {The} {Impact} of {COVID}-19 on children},
	url = {https://unsdg.un.org/resources/policy-brief-impact-covid-19-children, https://unsdg.un.org/resources/policy-brief-impact-covid-19-children},
	urldate = {2021-06-19},
	author = {{ONU}},
	year = {2020}
}
@article{reales2005,
	title = {La educación como agente del cambio social en {John} {Dewey}},
	url = {https://dialnet.unirioja.es/servlet/articulo?codigo=2302577},
	number = {10},
	urldate = {2021-06-19},
	journal = {Historia Caribe},
	author = {Reales, Eleucilio Niebles},
	year = {2005},
	pages = {25-34}
}
@article{rodiciogarcia2020,
	title = {La {Brecha} {Digital} en {Estudiantes} {Españoles} ante la {Crisis} de la {Covid}-19},
	volume = {9},
	url = {https://revistas.uam.es/riejs/article/view/riejs2020_9_3_006},
	doi = {10.15366/riejs2020.9.3.006},
	number = {3},
	urldate = {2021-06-19},
	journal = {Revista Internacional de Educación para la Justicia Social},
	author = {Rodicio-García, Mª Luisa and Ríos-de-Deus, Mª Paula and Mosquera-González, Mª José and Penado Abilleira, María},
	month = jul,
	year = {2020},
	pages = {103-125}
}
@article{rodriguezgarcia2018,
	title = {The digital competence of the future teacher: bibliometric analysis of scientific productivity indexed in {Scopus}},
	url = {https://www.upo.es/revistas/index.php/IJERI/article/view/2960},
	number = {10},
	urldate = {2021-06-19},
	journal = {IJERI: International Journal of Educational Research and Innovation},
	author = {Rodríguez-García, Antonio-Manuel and Reche, María Pilar Cáceres and García, Santiago Alonso},
	month = jul,
	year = {2018},
	pages = {317-333}
}
@article{rodriguez+hidalgo2018,
	title = {Didáctica del {Aula} {Invertida} y la {Enseñanza} de {Física} en la {Universidad} {Técnica} de {Ambato}},
	volume = {4},
	url = {http://45.238.216.13/ojs/index.php/mikarimin/article/view/1340},
	number = {3},
	urldate = {2021-06-19},
	journal = {Mikarimin. Revista Científica Multidisciplinaria},
	author = {Rodríguez, Víctor Manuel Pérez and Hidalgo, Edisson Patricio Jordán  and Espinosa, Leonidas Gustavo Salinas },
	year = {2018},
	pages = {111-126}
}
@article{rodriguezjimenez+navasparejo2019,
	title = {El uso de la gamificación para el fomento de la educación inclusiva},
	volume = {2},
	url = {https://revistas.uma.es/index.php/NEIJ/article/view/6557},
	doi = {10.24310/IJNE2.1.2019.6557},
	number = {1},
	urldate = {2021-06-19},
	journal = {International Journal of New Education},
	author = {Rodríguez Jiménez, Carmen  and Navas-Parejo, Magdalena Ramos and Villalba, María Jesús Santos and Campoy, Juan Miguel Fernández},
	month = jul,
	year = {2019}
}
@article{rojaslondono2020,
	title = {{COVID}-19 {La} transformación de la educación en el {Ecuador} mediante la inclusión de herramientas tecnológicas para un aprendizaje significativo},
	volume = {7},
	url = {http://revistas.uap.edu.pe/ojs/index.php/HAMUT/article/view/2134},
	doi = {10.21503/hamu.v7i2.2134},
	number = {2},
	urldate = {2021-06-19},
	journal = {HAMUT'AY},
	author = {Rojas Londoño, Orlando David  and Mora, José Luis Díaz},
	month = sep,
	year = {2020},
	pages = {64-74}
}
@article{salesciges2019,
	title = {Redefiniendo el territorio de la escuela: espacios educativos para la transformación social.},
	volume = {21},
	url = {https://institucional.us.es/revistas/fuente/22/Redefiniendo_el_territorio.pdf},
	doi = {10.12795/revistafuentes.2019.v21.i2.03},
	number = {2},
	urldate = {2021-06-19},
	journal = {Revista Fuentes},
	author = {Sales Ciges, Auxiliadora and Moliner García, Odet and Traver Martí, Joan Andrés},
	year = {2019},
	pages = {177-188}
}
%CÁCERES-RECHE, M. P.; GARCÍA-GÓMEZ, G.; RAMOS-NAVAS-PAREJO, M. y CARMONA-GARCÍA, M. La Inclusión Educativa y TIC: Retos para la Educación del Siglo XXI. En Hinojo-Lucena, F. J.; Trujillo-Torres, J M.; Sola-Reche, J.M.; Alonso-García, S. (Eds.) Innovación Docente e Investigación Educativa en la Sociedad del Conocimiento. Madrid: Dykinson, 2020, p.57-72.
@incollection{caceresreche2020,
  title = {{La Inclusión Educativa} y {TIC}: {Retos} para la {Educación} del {Siglo XXI}},
  author = {Cáceres-Reche, M. P. and García-Gómez, G. and Ramos-Navas-Parejo, M. and Carmona-García, M.},
  booktitle = {Innovación {Docente} e {Investigación Educativa} en la {Sociedad} del {Conocimiento}},
  editor = {Hinojo-Lucena, F. J. and  Trujillo-Torres, J M. and Sola-Reche, J.M. and Alonso-García, S.},
  editortype = {organizer},
  address = {Madrid},
  publisher = {Dykinson},
  year = {2020},
  pages = {57-72}
}
@article{acosta2020,
	title = {La brecha digital de género como factor limitante del desarrollo femenino},
	volume = {5},
	doi = {10.29057/est.v5i10.528},
	number = {10},
	journal = {Boletín Científico INVESTIGIUM},
	author = {Acosta, S. and Pedraza, E.},
	year = {2020},
	pages = {22-27}
}
@techreport{ardini2020,
   author = {Ardini, C. and Herrera, M. and González, A. and Secco, N. E.},
   title = {Docencia en tiempos de coronavirus: una mirada al trabajo docente y la experiencia educativa en entornos virtuales en el marco del {ASPO} por la pandemia {COVID-19}},
   year = {2020},
   institution = {Facultad de Ciencias de la Comunicación, Universidad Nacional de Córdoba},
   address = {Argentina}
 }