@misc{mccarthy2007,
    title         = {What is artificial intelligence?},
    author        = {John McCarthy},
    year          = {2007},
    note          = {Accessed on: 21 April 2024},
    howpublished  = {\url{http://jmc.stanford.edu/artificial-intelligence/what-is-ai/index.html}},
}

@article{rodriguez-ines2010,
    title         = {Electronic corpora and other information and communication technology tools},
    author        = {Patricia Rodríguez-Inés},
    year          = {2010},
    journal       = {The Interpreter and Translator Trainer},
    volume        = {4},
    number        = {2},
    pages         = {251--282},
}

@article{florez2011,
    title         = {Free/open-source software for the translation classroom},
    author        = {Silvia Flórez and Alcina Amparo},
    year          = {2011},
    journal       = {The Interpreter and Translator Trainer},
    volume        = {5},
    number        = {2},
    pages         = {325--357},
    doi           = {10.1080/13556509.2011.10798824},
    url           = {https://doi.org/10.1080/13556509.2011.10798824},
}

@article{doherty2014,
    title         = {The design and evaluation of a statistical machine translation syllabus for translation students},
    author        = {Stephen Doherty and Dorothy Kenny},
    year          = {2014},
    journal       = {The Interpreter and Translator Trainer},
    volume        = {8},
    number        = {2},
    pages         = {295--315},
    doi           = {10.1080/1750399x.2014.937571},
    url           = {https://doi.org/10.1080/1750399X.2014.937571},
}

@article{gaspari2015,
    title         = {A survey of machine translation competences: Insights for translation technology educators and practitioners},
    author        = {Federico Gaspari and Hala Almaghout and Stephen Doherty},
    year          = {2015},
    journal       = {Perspectives},
    volume        = {23},
    number        = {3},
    pages         = {333--358},
    doi           = {10.1080/0907676x.2014.979842},
    url           = {https://doi.org/10.1080/0907676X.2014.979842},
}

@misc{emt2017,
    title         = {European Master’s in Translation Competence Framework},
    author        = {{EMT}},
    year          = {2017},
    note          = {Accessed: 2024-11-01},
    howpublished  = {\url{https://ec.europa.eu/info/sites/info/files/emt_competence_fwk_2017_en_web.pdf}},
}

@article{popenici2017,
    title         = {Exploring the impact of artificial intelligence on teaching and learning in higher education},
    author        = {Stephan A. D. Popenici and Sharon Kerr},
    year          = {2017},
    journal       = {Research and Practice in Technology Enhanced Learning},
    volume        = {12},
    number        = {1},
    pages         = {1--13},
    doi           = {10.1186/s41039-017-0062-8},
    url           = {https://doi.org/10.1186/s41039-017-0062-8},
}

@phdthesis{mahadin2018,
    title         = {Translator training and market demands in Jordan: A qualitative stakeholder study},
    author        = {Dana K. Mahadin},
    year          = {2018},
    address       = {Leicester, UK},
    note          = {PhD thesis, 377 pages},
    school        = {University of Leicester, School of Arts},
}

@article{moorkens2018,
    title         = {What to expect from neural machine translation: A practical in-class translation evaluation exercise},
    author        = {Joss Moorkens},
    year          = {2018},
    journal       = {The Interpreter and Translator Trainer},
    volume        = {12},
    number        = {4},
    pages         = {375--387},
    doi           = {10.1080/1750399x.2018.1501639},
    url           = {https://doi.org/10.1080/1750399X.2018.1501639},
}

@article{floridi2020,
    title         = {GPT-3: Its nature, scope, limits, and consequences},
    author        = {Luciano Floridi and Massimo Chiriatti},
    year          = {2020},
    journal       = {Minds and Machines},
    volume        = {30},
    number        = {4},
    pages         = {681--694},
    doi           = {10.1007/s11023-020-09548-1},
    url           = {https://doi.org/10.1007/s11023-020-09548-1},
}

@inproceedings{alam2021ai_education,
    title         = {Possibilities and Apprehensions in the Landscape of Artificial Intelligence in Education},
    author        = {Alam, A.},
    year          = {2021},
    booktitle     = {2021 International Conference on Computational Intelligence and Computing Applications (ICCICA)},
    publisher     = {Ieee},
    pages         = {1--8},
    doi           = {10.1109/iccica52458.2021.9697272},
    url           = {https://doi.org/10.1109/iccica52458.2021.9697272},
}

@inproceedings{ouyang2021review,
    title         = {Artificial Intelligence in Education: A Review},
    author        = {Ouyang, F. and Jiao, P.},
    year          = {2021},
    booktitle     = {2021 International Conference on Educational Technology and Development},
    publisher     = {Ieee},
    pages         = {145--151},
    editor        = {J. G. G. J. G. G.},
}

@article{bolanos-garcia-escribano2021,
    title         = {Latest advancements in Audiovisual translation education},
    author        = {Alejandro Bolaños-García-Escribano and Jorge Díaz-Cintas and Serenella Massidda},
    year          = {2021},
    journal       = {The Interpreter and Translator Trainer},
    volume        = {15},
    number        = {1},
    pages         = {1--12},
    doi           = {10.1080/1750399x.2021.1880308},
    url           = {https://doi.org/10.1080/1750399X.2021.1880308},
}

@article{vieira2021,
    title         = {{‘Click next’: On the merits of more student autonomy and less direct instruction in CAT teaching}},
    author        = {Lucas Nunes Vieira and Xiaochun Zhang and Guoxing Yu},
    year          = {2021},
    journal       = {The Interpreter and Translator Trainer},
    volume        = {15},
    number        = {4},
    pages         = {411--429},
    doi           = {10.1080/1750399x.2021.1891515},
    url           = {https://doi.org/10.1080/1750399X.2021.1891515},
}

@article{wang2021,
    title         = {Factors affecting the adoption of AI-based applications in higher education: An analysis of teachers’ perspectives using structural equation modeling},
    author        = {Youmei Wang and Chenchen Liu and Yun-Fang Tu},
    year          = {2021},
    journal       = {Educational Technology \& Society},
    volume        = {24},
    number        = {3},
    pages         = {116--129},
    url           = {https://www.jstor.org/stable/27032860},
}

@article{celik2022,
    title         = {The promises and challenges of artificial intelligence for teachers: A systematic review of research},
    author        = {Ismail Celik and Muhterem Dindar and Hani Muukkonen and Sanna Jarvela},
    year          = {2022},
    journal       = {TechTrends},
    volume        = {66},
    number        = {4},
    pages         = {616--630},
    doi           = {10.1007/s11528-022-00715-y},
    url           = {https://doi.org/10.1007/s11528-022-00715-y},
}

@misc{europeanunion2022,
    title         = {European Master’s in Translation (EMT) Competence Framework},
    author        = {{European Union}},
    year          = {2022},
    note          = {Accessed on: 1 November 2024},
    howpublished  = {\url{https://commission.europa.eu/system/files/2022-11/emt_competence_fwk_2022_en.pdf}},
}

@inproceedings{kocmi2022,
    title         = {Findings of the 2022 conference on machine translation (WMT22)},
    author        = {Tom Kocmi and Rachel Bawden and Ondřej Bojar and Anton Dvorkovich and Christian Federmann and Mark Fishel and Thamme Gowda and Yvette Graham and Roman Grundkiewicz and Barry Haddow and Rebecca Knowles and Philipp Koehn and Christof Monz and Makoto Morishita and Masaaki Nagata and Toshiaki Nakazawa and Michal Novak and Martin Popel and Maja Popović},
    year          = {2022},
    booktitle     = {Proceedings of the Seventh Conference on Machine Translation (WMT22)},
    address       = {Abu Dhabi, United Arab Emirates (Hybrid)},
    pages         = {1--45},
}

@article{mahadinolimat2022,
    title         = {Jordanian translators' use of machine translation and glossary of COVID-19 terminology with reference to Arabic},
    author        = {Dana K. Mahadin and Sameer Naser Olimat},
    year          = {2022},
    journal       = {New Voices in Translation Studies},
    volume        = {26},
    number        = {1},
    pages         = {25--54},
    doi           = {10.14456/nvts.2022.3},
    url           = {https://doi.org/10.14456/nvts.2022.3},
}

@article{mirbabaie2022,
    title         = {The rise of artificial intelligence- Understanding the AI identity threat at the workplace},
    author        = {Milad Mirbabaie and Felix Brünker and R. J. Nicholas and Möllmann Frick and Stefan Stieglitz},
    year          = {2022},
    journal       = {Electronic Markets},
    volume        = {32},
    pages         = {73--99},
    doi           = {10.1007/s12525-021-00496-x},
    url           = {https://doi.org/10.1007/s12525-021-00496-x},
}

@incollection{sanchez-castany2022,
    title         = {Teaching translation technologies: An analysis of a corpus of syllabi for translation and interpreting undergraduate degrees in Spain},
    author        = {Roser Sánchez-Castany},
    year          = {2022},
    booktitle     = {The Human Translator in the 2020s},
    publisher     = {Routledge},
    address       = {London},
    pages         = {27--43},
    editor        = {Gary Massey and Elsa Huertas-Barros and David Katan},
}

@article{stokel-walker2022,
    title         = {AI bot ChatGPT writes smart essays - Should professors worry?},
    author        = {Chris Stokel-Walker},
    year          = {2022},
    journal       = {Nature},
    doi           = {10.1038/d41586-022-04397-7},
    url           = {https://doi.org/10.1038/d41586-022-04397-7},
    note          = {Accessed on: 5 May 2024},
}

@article{tao2022,
    title         = {Introduction to the special issue Translation technology teaching: views and visions},
    author        = {Youlan Tao and Huashu Wang},
    year          = {2022},
    journal       = {The Interpreter and Translator Trainer},
    volume        = {16},
    number        = {3},
    pages         = {271--274},
    doi           = {10.1080/1750399x.2022.2101851},
    url           = {https://doi.org/10.1080/1750399X.2022.2101851},
}

@article{toutain2023gestion,
    title         = {Inteligencia artificial y la transformación de la formación en gestión},
    author        = {Toutain, O. and Jabbouri, R. and Truong, Y.},
    year          = {2023},
    journal       = {Management International},
    volume        = {27},
    number        = {2},
    pages         = {119--132},
}

@misc{meltwater2023,
    title         = {Global Digital Trends 2023},
    author        = {{Meltwater}},
    year          = {2023},
    note          = {Accessed: 2024-11-05},
    howpublished  = {\url{https://www.meltwater.com/en/2023-global-digital-trends}},
}

@article{ali2023,
    title         = {Let the devil speak for itself: Should ChatGPT be allowed or banned in hospitality and tourism schools?},
    author        = {Faizan Ali},
    year          = {2023},
    journal       = {Journal of Global Hospitality and Tourism},
    volume        = {2},
    number        = {1},
    pages         = {1--6},
    doi           = {10.5038/2771-5957.2.1.1016},
    url           = {https://www.doi.org/10.5038/2771-5957.2.1.1016},
}

@article{baidoo-anu2023,
    title         = {Education in the era of generative artificial intelligence (AI): Understanding the potential benefits of ChatGPT in promoting teaching and learning},
    author        = {David Baidoo-Anu and Ansah Leticia Owusu},
    year          = {2023},
    journal       = {Journal of AI},
    volume        = {7},
    number        = {1},
    pages         = {52--62},
    doi           = {10.2139/ssrn.4337484},
    url           = {http://dx.doi.org/10.2139/ssrn.4337484},
}

@article{chan2023,
    title         = {Students’ voices on generative AI: Perceptions, benefits, and challenges in higher education},
    author        = {Cecilia Ka Yuk Chan and Wenjie Hu},
    year          = {2023},
    journal       = {International Journal of Educational Technology in Higher Education},
    volume        = {20},
    number        = {43},
    doi           = {10.1186/s41239-023-00411-8},
    url           = {https://doi.org/10.1186/s41239-023-00411-8},
}

@article{choi2023,
    title         = {Influence of pedagogical beliefs and perceived trust on teachers’ acceptance of educational artificial intelligence tools},
    author        = {Seongyune Choi and Yeonju Jang and Hyeoncheol Kim},
    year          = {2023},
    journal       = {International Journal of Human-Computer Interaction},
    volume        = {39},
    number        = {4},
    pages         = {910--922},
    doi           = {10.1080/10447318.2022.2049145},
    url           = {https://doi.org/10.1080/10447318.2022.2049145},
}

@article{cotton2023,
    title         = {Chatting and cheating: Ensuring academic integrity in the era of ChatGPT},
    author        = {Debby R.E. Cotton and Peter A. Cotton and Reuben J. Shipway},
    year          = {2023},
    journal       = {Innovations in Education and Teaching International},
    volume        = {61},
    number        = {2},
    pages         = {228--239},
    doi           = {10.1080/14703297.2023.2190148},
    url           = {https://doi.org/10.1080/14703297.2023.2190148},
}

@article{day2023,
    title         = {A preliminary investigation of fake peer-reviewed citations and references generated by ChatGPT},
    author        = {Terence Day},
    year          = {2023},
    journal       = {The Professional Geographer},
    volume        = {75},
    number        = {6},
    pages         = {1024--1027},
    doi           = {10.1080/00330124.2023.2190373},
    url           = {https://doi.org/10.1080/00330124.2023.2190373},
}

@article{dwivedi2023,
    title         = {So what if ChatGPT wrote it? Multidisciplinary perspectives on opportunities, challenges and implications of generative conversational AI for research},
    author        = {Yogesh K. Dwivedi and Nir Kshetri and Laurie Hughes and Emma Louise Slade and Anand Jeyaraj and Arpan Kumar Kar and Abdullah M. Baabdullah and Alex Koohang and Vishnupriya Raghavan and Manju Ahuja and Hanaa Albanna and Mousa Ahmad Albashrawi and Adil S. Al-Busaidi and Janarthanan Balakrishnan and Yves Barlette and Sriparna Basu and Indranil Bose and Laurence Brooks and Dimitrios Buhalis and Lemuria Carter and Soumyadeb Chowdhury and Tom Crick and Scott W. Cunningham and Gareth H. Davies and Robert M. Davison and Rahul Dé and Denis Dennehy and Yanqing Duan and Rameshwar Dubey and Rohita Dwivedi and John S. Edwards and Carlos Flavián and Robin Gauld and Varun Grover and Mei-Chih Hu and Marijn Janssen and Paul Jones and Iris Junglas and Sangeeta Khorana and Sascha Kraus and Kai R. Larsen and Paul Latreille and Sven Laumer and F. Tegwen Malik and Abbas Mardani and Marcello Mariani and Sunil Mithas and Emmanuel Mogaji and Jeretta Horn Nord and Siobhan O’Connor and Fevzi Okumus and Margherita Pagani and Neeraj Pandey and Savvas Papagiannidis and Ilias O. Pappas and Nishith Pathak and Jan Pries-Heje and Ramakrishnan Raman and Nripendra P. Rana and Sven-Volker Rehm and Samuel Ribeiro-Navarrete and Alexander Richter and Frantz Rowe and Suprateek Sarker and Bernd Carsten Stahl and Manoj Kumar Tiwari and Wil van der Aalst and Viswanath Venkatesh and Giampaolo Viglia and Michael Wade and Paul Walton and Jochen Wirtz and Ryan Wright},
    year          = {2023},
    journal       = {International Journal of Information Management},
    volume        = {71},
    number        = {1},
    doi           = {10.1016/j.ijinfomgt.2023.102642},
    url           = {https://doi.org/10.1016/j.ijinfomgt.2023.102642},
}

@misc{elsevier2023,
    title         = {Generative AI policies for journals},
    author        = {{Elsevier}},
    year          = {2023},
    note          = {Accessed on: 29 November 2024},
    howpublished  = {\url{https://www.elsevier.com/about/policies-and-standards/generative-ai-policies-for-journals}},
}

@misc{europeanparliament2023,
    title         = {EU AI Act: First regulation on artificial intelligence},
    author        = {{European Parliament}},
    year          = {2023},
    note          = {Accessed on: 1 December 2024},
    howpublished  = {\url{https://www.europarl.europa.eu/news/en/headlines/society/20230601STO93804/eu-ai-act-first-regulation-on-artificial-intelligence}},
}

@misc{gao2023,
    title         = {Unleashing the power of ChatGPT for translation: An empirical study},
    author        = {Yuan Gao and Ruil Wang and Feng Hou},
    year          = {2023},
    note          = {Accessed on: 4 December 2024},
    howpublished  = {\url{https://arxiv.org/pdf/2304.02182v1/1000}},
}

@article{gentile2023,
    title         = {Do we still need teachers? Navigating the paradigm shift of the teacher’s role in the AI era},
    author        = {Manuel Gentile and Giuseppe Citta and Salvatore Perna and Mario Allegra},
    year          = {2023},
    journal       = {Frontiers in Education},
    number        = {8},
    doi           = {10.3389/feduc.2023.1161777},
    url           = {https://doi.org/10.3389/feduc.2023.1161777},
}

@article{george2023,
    title         = {A review of ChatGPT AI's impact on several business sectors},
    author        = {A. Shaji George and A. S. George},
    year          = {2023},
    journal       = {Partners Universal International Innovation Journal},
    volume        = {1},
    number        = {1},
    pages         = {9--23},
}

@misc{hendy2023,
    title         = {How good are GPT models at machine translation? A comprehensive evaluation},
    author        = {Amr Hendy and Mohamed Abdelrehin and Amr Sharaf and Vika Raunak and Mohamed Gabr and Hitokaz Matsushita and Young Jin Kim and Mohamed Afifiy and Hany Hasan Awadalla},
    year          = {2023},
    note          = {Accessed on: 10 November 2024},
    howpublished  = {\url{https://doi.org/10.48550/arXiv.2302.09210}},
}

@article{hong2023,
    title         = {The impact of ChatGPT on foreign language teaching and learning: Opportunities in education and research},
    author        = {Wilson Hong and Cheong Hin},
    year          = {2023},
    journal       = {Journal of Educational Technology and Innovation},
    volume        = {5},
    number        = {1},
    doi           = {10.61414/jeti.v5i1.103},
    url           = {https://doi.org/10.61414/jeti.v5i1.103},
}

@article{kasneci2023,
    title         = {ChatGPT for good? On opportunities and challenges of large language models for education},
    author        = {Enkelejda Kasneci and Kathrin Sessler and Stefan Küchemann and Maria Bannert and Daryna Dementieva and Frank Fischer and Urs Gasser and Georg Groh and Stephan Günnemann and Eyke Hüllermeier and Stephan Krusche and Gitta Kutyniok and Tilman Michaeli and Claudia Nerdel and Jürgen Pfeffer and Oleksandra Poquet and Michael Sailer and Albrecht Schmidt and Tina Seidel and Matthias Stadler and Jochen Weller and Jochen Kuhn and Gjergji Kasneci},
    year          = {2023},
    journal       = {Learning and Individual Differences},
    volume        = {103},
    pages         = {1--14},
    doi           = {10.1016/j.lindif.2023.102274},
    url           = {https://doi.org/10.1016/j.lindif.2023.102274},
}

@article{kitamura2023,
    title         = {ChatGPT is shaping the future of medical writing but still requires human judgment},
    author        = {Felipe C. Kitamura},
    year          = {2023},
    journal       = {Radiology},
    volume        = {307},
    number        = {2},
    pages         = {e230171},
    doi           = {10.1148/radiol.230171},
    url           = {https://doi.org/10.1148/radiol.230171},
}

@article{lo2023,
    title         = {What is the impact of ChatGPT on education? A rapid review of the literature},
    author        = {Chung Kwan Lo},
    year          = {2023},
    journal       = {Education Sciences},
    volume        = {13},
    number        = {4},
    pages         = {410},
    doi           = {10.3390/educsci13040410},
    url           = {https://doi.org/10.3390/educsci13040410},
}

@misc{lu2023,
    title         = {Error Analysis Prompting Enables Human-like Translation Evaluation in Large Language Models: A Case Study on ChatGPT},
    author        = {Qingyu Lu and Baopu Qiu and Liang Ding and Kanjian Zhang and Tom Kocmi and Dacheng Tao},
    year          = {2023},
    note          = {Accessed on: 20 December 2024},
    howpublished  = {\url{https://doi.org/10.48550/arXiv.2303.13809}},
}

@article{lund2023,
    title         = {Chatting about ChatGPT: How may AI and GPT Impact Academia and Libraries?},
    author        = {Brady D. Lund and Ting Wang},
    year          = {2023},
    journal       = {Library Hi Tech News},
    volume        = {40},
    number        = {3},
    pages         = {26--29},
    doi           = {10.1108/lhtn-01-2023-0009},
    url           = {https://doi.org/10.1108/LHTN-01-2023-0009},
}

@article{mahadinolimat2023,
    title         = {In their own words: How has Covid-19 affected Jordanian translators’ wellbeing?},
    author        = {Dana K. Mahadin and Sameer Naser Olimat},
    year          = {2023},
    journal       = {The Translator},
    volume        = {29},
    number        = {1},
    pages         = {489--505},
    doi           = {10.1080/13556509.2022.2159284},
    url           = {https://doi.org/10.1080/13556509.2022.2159284},
}

@article{oconnor2023,
    title         = {Open artificial intelligence platforms in nursing education: Tools for academic progress or abuse?},
    author        = {Siobhan O’Connor},
    year          = {2023},
    journal       = {Nurse Education in Practice},
    volume        = {66},
    pages         = {103537},
    doi           = {10.1016/j.nepr.2022.103537},
    url           = {https://doi.org/10.1016/j.nepr.2022.103537},
}

@article{owan2023,
    title         = {Exploring the potential of artificial intelligence tools in educational measurement and assessment},
    author        = {Valentine Joseph Owan and Kingsley Bekom Abang and Delight Omoji Idika and Eugene Onor Etta and Bassey Asuquo Bassey},
    year          = {2023},
    journal       = {Eurasia Journal of Mathematics, Science and Technology Education},
    volume        = {19},
    number        = {8},
    doi           = {10.29333/ejmste/13428},
    url           = {https://doi.org/10.29333/ejmste/13428},
}

@misc{peng2023,
    title         = {Towards making the most of ChatGPT for machine translation},
    author        = {Keqin Peng and Liang Ding and Qihuang Zhong and Li Shen and Xuebo Liu and Min Zhang and Yuanxin Ouyang and Dacheng Tao},
    year          = {2023},
    note          = {Accessed on: 20 June 2024},
    howpublished  = {\url{https://doi.org/10.48550/arXiv.2303.13780}},
}

@misc{pym2023,
    title         = {GPT in the training of translators},
    author        = {Anthony Pym},
    year          = {2023},
    note          = {Accessed on: 20 June 2024},
    howpublished  = {\url{https://www.youtube.com/watch?v=b9U_FUaneso}},
}

@article{rahman2023,
    title         = {ChatGPT and academic research: A review and recommendations based on practical examples},
    author        = {Mohammad Rahman and Harold Jan Terano and Mohammad Nfizur Rahman and Aidin Salamzadeh and Mohammad Saidur Rahaman},
    year          = {2023},
    journal       = {Journal of Education, Management and Development Studies},
    volume        = {3},
    number        = {1},
    pages         = {1--12},
    doi           = {10.52631/jemds.v3i1.175},
    url           = {https://doi.org/10.52631/jemds.v3i1.175},
}

@article{kaplan-rakowski2023,
    title         = {Generative AI and teachers’ perspectives on its implementation in education},
    author        = {Regina Kaplan-Rakowski and Kimberly Grotewold and Peggy Hartwick and Kevin Papin},
    year          = {2023},
    journal       = {Journal of Interactive Learning Research},
    volume        = {34},
    number        = {2},
    pages         = {313--338},
}

@article{kramm2023,
    title         = {AI amplifies the tough question: What is higher education really for?},
    author        = {Neil Kramm and Sioux McKenna},
    year          = {2023},
    journal       = {Teaching in Higher Education},
    volume        = {28},
    number        = {8},
    pages         = {2173--2178},
    doi           = {10.1080/13562517.2023.2263839},
    url           = {https://doi.org/10.1080/13562517.2023.2263839},
}

@article{rudolph2023,
    title         = {ChatGPT: Bullshit spewer or the end of traditional assessments in higher education?},
    author        = {Jurgen Rudolph and Samson Tan and Shannon Tan},
    year          = {2023},
    journal       = {Journal of Applied Learning and Teaching},
    volume        = {6},
    number        = {1},
    pages         = {1--22},
}

@article{sahari2023,
    title         = {A cross sectional study of ChatGPT in translation: Magnitude of use, attitudes, and uncertainties},
    author        = {Yousef Sahari and Abdu M. Talib Al-Kadi and Jama Kaid Mohammed Ali},
    year          = {2023},
    journal       = {Journal of Psycholinguistic Research},
    volume        = {52},
    number        = {6},
    pages         = {2937--2954},
    doi           = {10.1007/s10936-023-10031-y},
    url           = {https://doi.org/10.1007/s10936-023-10031-y},
}

@inproceedings{smolansky2023,
    title         = {Educator and student perspectives on the impact of generative AI on assessments in higher education},
    author        = {Adele Smolansky and Andrew Cram and Corina Raduescu and Sandris Zeivots and Elaine Huber and Rene F. Kizilcec},
    year          = {2023},
    booktitle     = {Proceedings of the Tenth ACM Conference on Learning at Scale},
    doi           = {10.1145/3573051.3596191},
}

@misc{taylorfrancis2023,
    title         = {Taylor \& Francis Clarifies the Responsible use of AI Tools in Academic Content Creation},
    author        = {{Taylor \& Francis}},
    year          = {2023},
    note          = {Accessed on: 1 July 2024},
    howpublished  = {\url{https://newsroom.taylorandfrancisgroup.com/taylor-francis-clarifies-the-responsible-use-of-ai-tools-in-academic-content-creation/}},
}

@misc{unesco2023,
    title         = {ChatGPT and artificial intelligence in higher education: Quick start guide},
    author        = {{Unesco}},
    year          = {2023},
    note          = {Accessed on: 15 December 2024},
    howpublished  = {\url{https://www.iesalc.unesco.org/wp-content/uploads/2023/04/ChatGPT-and-Artificial-Intelligence-in-higher-education-Quick-Start-guide_EN_FINAL.pdf}},
}

@misc{wang2023,
    title         = {Document-level machine translation with large language models},
    author        = {Longyue Wang and Chenyang Lyu and Tianbo Ji and Zhirui Zhang and Dian Yu and Shumming Shi and Zhaopeng Tu},
    year          = {2023},
    url           = {https://arxiv.org/abs/2304.02210},
    note          = {Accessed on: 15 December 2024},
    howpublished  = {preprint, arXiv:2304.02210},
}

@article{abu-rayyash2024,
    title         = {AI meets comedy: Viewers' reactions to GPT-4 generated humor translation},
    author        = {Hussein Abu-Rayyash},
    year          = {2024},
    journal       = {Ampersand},
    volume        = {12},
    pages         = {100162},
    doi           = {10.1016/j.amper.2023.100162},
    url           = {https://doi.org/10.1016/j.amper.2023.100162},
}

@incollection{portillo2024iaele,
    title         = {La inteligencia artificial en la enseñanza del español como lengua extranjera (ELE)},
    author        = {Portillo Cárdenas, A. and Cárdenas Rica, Mª L.},
    year          = {2024},
    booktitle     = {Estrategias para la transferencia de conocimiento y la innovación educativa: usos y aplicaciones de tecnologías innovadoras en la docencia},
    publisher     = {Dykinson S.L.},
    pages         = {938--956},
    editor        = {Farfán Montero, J. and Guede Cid, R. and Velasco Furlong, L.},
}

@inproceedings{farrell2024,
    title         = {Survey on the use of generative artificial intelligence by professional translators},
    author        = {Michael Farrell},
    year          = {2024},
    month         = nov,
    booktitle     = {Proceedings of 46th Conference Translating and the Computer},
    address       = {Luxembourg},
    note          = {November 18--20, 2024},
}

@misc{sahari2024,
    title         = {Evaluating the translation of figurative language: A comparative study of ChatGPT and human translators},
    author        = {Yousef Sahari and Fawaz Qasem and Eisa Asiri and Ibrahim Alasmri and Ahmad Assiri and Hassan Mahdi},
    year          = {2024},
    note          = {Accessed on: 10 October 2024},
    howpublished  = {\url{https://doi.org/10.21203/rs.3.rs-3921149/v1}},
}

@incollection{xu2025,
    title         = {Translation Pedagogy in the AI Era: Design and Application of a ChatGPT-Powered Platform for Training and Feedback},
    author        = {Simin Xu and Yifeng Sun and Yanfang Su and Kanglong Liu},
    year          = {2025},
    booktitle     = {Translation and Interpreting in the Age of Artificial Intelligence},
    publisher     = {Routledge},
    address       = {London/New York},
    editor        = {Sanjun Sun and Kanglong Liu and Riccardo Moratto},
}

@incollection{shi2025,
    title         = {ChatGPT in professional translation: A double-edged sword—insights from Chinese translators on capabilities, concerns, and future prospects},
    author        = {Yining Shi and Han Xu and Ho Ling Kwok and Kanglong Liu},
    year          = {2025},
    booktitle     = {Translation and Interpreting in the Age of Artificial Intelligence},
    publisher     = {Routledge},
    address       = {London/New York},
    editor        = {Sanjun Sun and Kanglong Liu and Riccardo Moratto},
}
