@incollection{alexander_2004,
	address = {DE},
	edition = {5},
	title = {A {Historical} {Perspective} on {Reading} {Research} and {Practice}},
	volume = {1},
	url = {http://www.reading.org/publications/bbv/books/bk502/abstracts/bk502-2-Alexander.html},
	urldate = {2021-04-26},
	booktitle = {Theoretical {Models} and {Processes} of {Reading}},
	publisher = {International Reading Association},
	author = {Alexander, Patricia A. and Fox, Emily},
	editor = {Ruddell, Robert B. and Unrau, Norman J.},
	editortype = {organizer},
	year = {2004},
	doi = {10.1598/0872075028.2},
	pages = {33--68}
}

@article{andrade_transtorno_2018,
	title = {Transtorno do déficit de atenção com hiperatividade},
	volume = {8},
	url = {https://residenciapediatrica.com.br/detalhes/344/transtorno\%20do\%20deficit\%20de\%20atencao\%20com\%20hiperatividade},
	doi = {10.25060/residpediatr-2018.v8s1-11},
	number = {1},
	journal = {Resid Pediatr.},
	author = {Andrade, Paula Faria Souza Mussi de and Vasconcelos, Marcio Moacyr},
	year = {2018}
}

@book{antunes_glossario_2001,
	address = {Petrópolis},
	title = {Glossário de bolso para educadores},
	publisher = {Vozes},
	author = {Antunes, Celso},
	year = {2001}
}

@book{brasil_base_2017,
	address = {Brasília},
	title = {Base {Nacional} {Comum} {Curricular}},
	url = {http://basenacionalcomum.mec.gov.br/wp-content/uploads/2018/02/bncc-20dez-site.pdf},
	author = {{Brasil}},
	year = {2017}
}

@misc{behar_artigo:_2020,
	title = {Artigo: {O} {Ensino} {Remoto} {Emergencial} e a {Educação} a {Distância} – {Coronavírus}},
	url = {https://www.ufrgs.br/coronavirus/base/artigo-o-ensino-remoto-emergencial-e-a-educacao-a-distancia/},
	urldate = {2021-04-26},
	journal = {Jornal da UFRGS},
	author = {Behar, Patrícia A.},
	year = {2020}
}

@article{borgesdalberio_inclusao_2012,
	title = {Inclusão versus integração: a problemática das políticas e da formação docente},
	volume = {59},
	url = {https://rieoei.org/RIE/article/view/1376},
	doi = {10.35362/rie5931376},
	number = {3},
	urldate = {2021-04-26},
	journal = {Revista Iberoamericana de Educación},
	author = {Dalberio, Maria Célia Borges and Pereira, Helena de Ornellas Sivieri and Aquino, Orlando Fernández},
	month = jul,
	year = {2012},
	pages = {1--11}
}

@misc{casatti_um_nodate,
	title = {Um guia para sobreviver à pandemia do ensino remoto},
	url = {https://icmc.usp.br/noticias/4917},
	urldate = {2021-04-26},
	author = {Casatti, Denise}
}

@article{carvalho_disturbios_2007,
	title = {Distúrbios de aprendizagem na visão do professor},
	volume = {24},
	url = {http://pepsic.bvsalud.org/pdf/psicoped/v24n75/v24n75a03.pdf},
	number = {75},
	journal = {Revista Psicopedagógica},
	author = {Carvalho, Fabrícia Bignotto de and Crenitte, Patrícia Abreu Pinheiro and Ciasca, Sylvia Maria},
	year = {2007},
	pages = {229--239}
}

@book{coscarelli_letramento_2007,
	address = {Belo Horizonte},
	title = {Letramento digital: aspectos sociais e possibilidades pedagógicas},
	publisher = {Autêntica},
	author = {Coscarelli, Carla Vianna and Ribeiro, Ana Elisa},
	year = {2007}
}

@incollection{coscarelli_multiletramentos_2019,
	address = {Salvador},
	editor = {Obdala Ferraz},
	editortype = {organizer},
	title = {Multiletramentos e empoderamento na educação},
	booktitle = {Educação, (multi)letramentos e tecnologias: tecendo redes de conhecimento sobre letramentos, cultura digital, ensino e aprendizagem na cibercultura},
	publisher = {EDUFBA},
	author = {Coscarelli, Carla Vianna},
	year = {2019},
	pages = {61--78}
}

@book{furtado_os_2000,
	address = {Lisboa},
	title = {Os livros e as leituras: novas ecologias da informação},
	publisher = {Livros e Leituras},
	author = {Furtado, José Afonso},
	year = {2000}
}

@book{gee_anti-education_2013,
	address = {New York City},
	title = {The anti-education era: creating smarter students through digital learning},
	publisher = {Palgrave Macmillan},
	author = {Gee, James Paul},
	year = {2013}
}

@article{goncalves_inclusao_2019,
	title = {A inclusão de estudantes com {TDAH} nas turmas de ensino regular: a experiência de um {Centro} de {Ensino} {Fundamental} do {Distrito} {Federal}},
	volume = {6},
	url = {http://www.periodicos.se.df.gov.br/index.php/comcenso/article/view/478},
	number = {1},
	urldate = {2021-04-26},
	journal = {Revista Com Censo: Estudos Educacionais do Distrito Federal},
	author = {Gonçalves, Valdirene Luiz},
	year = {2019},
	pages = {43--52}
}

@incollection{goulart__2011,
	address = {Belo Horizonte},
	editor = {Coscarelli, Carla Viana and Ribeiro, Ana Elisa},
	editortype = {organizer},
	title = { {Letramento} e novas tecnologias: questões para a prática pedagógica},
	booktitle = {Letramento digital: aspectos sociais e possibilidades pedagógicas},
	publisher = {CEALE; Autêntica},
	author = {Goulart, Cecília},
	year = {2011},
	pages = {41--58}
}

@phdthesis{lopes_inclusao_2011,
	address = {Brasília},
	type = {Monografia de {Especialização} em {Desenvolvimento} {Humano}, {Educação} e {Inclusão}},
	title = {Inclusão, {Ensino} e {Aprendizagem} do aluno com {TDAH}},
	school = {Universidade de Brasília},
	author = {Lopes, Maria da Luz C.},
	year = {2011}
}

@article{markoff_entrepreneurs_2006,
	title = {Entrepreneurs {See} a {Web} {Guided}  by  {Common}  {Sense}},
	url = {https://www.nytimes.com/2006/11/12/business/12web.html},
	journal = {New York Times},
	author = {Markoff, John},
	month = nov,
	year = {2006}
}

@misc{brasil_politica_2008,
	title = {Política {Nacional} de {Educação} {Especial} na {Perspectiva} da {Educação} {Inclusiva} {Documento} elaborado pelo {Grupo} de {Trabalho} nomeado pela {Portaria} {Ministerial} nº 555, de 5 de junho de 2007, prorrogada pela {Portaria} nº 948, de 09 de outubro de 2007.},
	url = {http://portal.mec.gov.br/arquivos/pdf/politicaeducespecial.pdf},
	publisher = {Ministério da Educação},
	author = {{Brasil}},
	year = {2008}
}

@article{silva_neto_educacao_2018,
	title = {Educação inclusiva: uma escola para todos},
	volume = {31},
	url = {https://periodicos.ufsm.br/educacaoespecial/article/view/24091},
	doi = {10.5902/1984686X24091},
	number = {60},
	urldate = {2021-04-26},
	journal = {Revista Educação Especial},
	author = {{Silva Neto}, Antenor De Oliveira and Ávila, Éverton Gonçalves and Sales, Tamara Regina Reis and Amorim, Simone Silveira and Nunes, Andréa Karla Ferreira and Santos, Vera Maria},
	month = mar,
	year = {2018},
	pages = {81}
}

@book{stainback_inclusao_1999,
	address = {Porto Alegre, RS},
	title = {Inclusão um guia para educadores},
	publisher = {Artmed},
	author = {Stainback, Susan Bray and Stainback, William C.},
	year = {1999}
}

@techreport{oliveira_trabalho_2020,
	address = {Belo Horizonte},
	title = {Trabalho docente em tempos de pandemia – {Relatório} {Técnico}},
	url = {http://abet-trabalho.org.br/wp-content/uploads/2020/07/cnte_relatorio_da_pesquisa_covid_gestrado_v02.pdf},
	institution = {Faculdade de Educação/UFMG},
	author = {Oliveira, Dalila Andrade and Vieira, Lívia Maria Fraga,  and Duarte, Adriana Maria Cancella (Org.)},
	year = {2020},
	pages = {01--24}
}

@article{menezes_tecnologias_2019,
	title = {Tecnologias digitais no ensino de línguas: passado, presente e futuro},
	url = {https://revista.abralin.org/index.php/abralin/article/view/1323},
	doi = {10.25189/rabralin.v18i1.1323},
	urldate = {2021-04-26},
	journal = {Revista da ABRALIN},
	author = {Menezes, Vera},
	month = aug,
	year = {2019}
}

@article{paletta_o_2014,
	title = {O desenvolvimento da {WEB} 3.0: {Linked} {Data} e {DBPEDIA}},
	volume = {0},
	url = {http://ojs.letras.up.pt/index.php/prismacom/article/view/1869},
	number = {25},
	urldate = {2021-04-26},
	journal = {PRISMA.COM},
	author = {Paletta, Francisco Carlos and Mucheroni, Marcos Luiz},
	month = mar,
	year = {2014},
	pages = {73--90}
}

@misc{reis_alunos_2011,
	title = {Alunos {Diagnosticados} com {TDAH}: reflexões sobre a prática pedagógica utilizada no processo educacional},
	url = {http://www.uems.br/portal/biblioteca/repositorio/2011-12-15_13-12-05.pdf},
	urldate = {2020-08-23},
	author = {Reis, G. V.},
	year = {2011},
	note = {publisher: Universidade Estadual de Mato Grosso do Sul}
}

@incollection{coscarelliribeiro_2005,
	address = {Belo Horizonte},
	editor = {Coscarelli, Carla Viana and Ribeiro, Ana Elisa},
	editortype = {organizer},
	title = {Ler na tela – {Letramento} e novos suportes de leitura e escrita},
	booktitle = {Letramento digital: {Aspectos} sociais e possibilidades pedagógicas},
	publisher = {Ceale; Autêntica},
	author = {Ribeiro, Ana Elisa},
	year = {2005}
}

@book{rohde_transtorno_1999,
	address = {Porto Alegre},
	title = {Transtorno de deficit de atencãao hiperatividade: o que e? como ajudar?},
	publisher = {Artes Medicas Sul},
	author = {Rohde, Luis Augusto P},
	year = {1999}
}

@book{rojo_letramentos_2019,
	address = {São Paulo},
	title = {Letramentos, mídias, linguagens},
	publisher = {Parábola Editorial},
	author = {Rojo, Roxane and Moura, Eduardo},
	year = {2019}
}

@book{rojo_letramentos_2009,
	address = {São Paulo},
	title = {Letramentos múltiplos, escola, e inclusão social},
	publisher = {Parábola Editorial},
	author = {Rojo, Roxane},
	year = {2009}
}

@book{rojo_multiletramentos_2012,
	address = {São Paulo},
	title = {Multiletramentos na escola},
	publisher = {Parábola},
	editor = {Rojo, Roxane and Moura, Eduardo (Org.)},
	editortype = {organizer},
	year = {2012}
}

@incollection{rojo_generos_2013,
	address = {São Paulo},
	editor = {Roxane Rojo},
	editortype = {organizer},
	title = {Gêneros discursivos do {Círculo} de {Bakhtin} e multiletramentos},
	booktitle = {Escol@ {Conectada}: {Os} multiletramentos e as {TDICS}},
	publisher = {Parábola},
	author = {Rojo, Roxane},
	year = {2013},
	pages = {13--36}
}

@book{soares_letramento._1998,
	address = {Belo Horizonte},
	title = {Letramento. {Um} tema em três gêneros},
	publisher = {Autêntica},
	author = {Soares, Magda},
	year = {1998}
}

@book{sternberg_psicologia_2008,
	address = { Porto Alegre},
	title = {Psicologia {Cognitiva}},
	publisher = {ArtMed},
	author = {Sternberg, Robert J.},
	year = {2008}
}

@book{tori_educacao_2010,
	address = {São Paulo},
	title = {Educação sem {Distância}},
	publisher = {Editora Senac},
	author = {Tori, Romero},
	year = {2010}
}

@article{soares_praticas_2002,
	title = {Práticas de leitura e escrita: letramento na cibercultura},
	volume = {23},
	url = {https://www.scielo.br/pdf/es/v23n81/13935.pdf},
	number = {81},
	urldate = {2021-04-26},
	journal = {Educação e Sociedade},
	author = {Soares, Magda},
	year = {2002},
	pages = {143--160}
}

@misc{amorim_TDAH,
	title = {Sintomas {TDAH} {Tipo} {Desatento} - {Distração} lentificação esquecimentos},
	url = {https://dda-deficitdeatencao.com.br/tdah-sintomas/sintomas-tdah-tipo-desatento-distraido.html},
	urldate = {2021-04-27},
	journal = {Instituto Paulista de Déficit de Atenção}
}

@article{costa_estrategias_2015,
	title = {Estratégias de {Ensino} e {Recursos} {Pedagógicos} para o {Ensino} de {Alunos} com {TDAH} em {Aulas} de {Educação} {Física}},
	volume = {21},
	url = {http://www.scielo.br/scielo.php?script=sci_abstract&pid=S1413-65382015000100111&lng=pt&nrm=iso&tlng=pt},
	doi = {10.1590/S1413-65382115000100008},
	number = {1},
	urldate = {2021-04-27},
	journal = {Revista Brasileira de Educação Especial},
	author = {Costa, Camila Rodrigues and Moreira, Jaqueline Costa Castilho and Seabra Júnior, Manoel Osmar and Costa, Camila Rodrigues and Moreira, Jaqueline Costa Castilho and Seabra Júnior, Manoel Osmar},
	month = mar,
	year = {2015},
	pages = {111--126}
}

@book{pain_diagnostico_1985,
	address = {Porto Alegre},
	title = {Diagnóstico e tratamento dos problemas de aprendizagem},
	publisher = {Artes Médicas},
	author = {Paín, Sara},
	year = {1985}
}

@book{girafa_reinvencao_2012,
	address = {Porto Alegre},
	title = {({Re})invenção pedagógica? {Reflexões} acerca do uso de tecnologias digitais na educação},
	publisher = {EdiPUCRS},
	author = {Girafa, Lucia Maria Martins  and Faria, Elaine Turk and Ferreira, Anderson Jackle and Wehmeyer, Cláudia de Oliveira Tacques and Ribas, Elisângela and Machado, Letícia Rocha},
	year = {2012}
}

@book{melo_midia_2008,
	address = {Belo Horizonte},
	title = {Mídia e {Educação}},
	publisher = {Ed. Autêntica},
	author = {Melo, José M. and Tosta, Sandra P.},
	year = {2008}
}

@misc{rojo_pedagogia_2016,
	title = {Pedagogia dos multiletramentos},
	url = {https://www.youtube.com/watch?v=IRFrh3z5T5w},
	author = {Rojo, Roxane},
	year = {2016},
	editor = {Escrevendo o futuro}
}

@article{borges_are_2014,
	title = {Are {ESL}/{EFL} {Software} {Programs} {Effective} for {Language} {Learning}?},
	volume = {0},
	url = {https://periodicos.ufsc.br/index.php/desterro/article/view/2175-8026.2014n66p19},
	doi = {10.5007/2175-8026.2014n66p19},
	number = {66},
	urldate = {2021-04-27},
	journal = {Ilha do Desterro A Journal of English Language, Literatures in English and Cultural Studies},
	author = {Borges, Vládia Cabral},
	month = jul,
	year = {2014},
	pages = {019}
}

@book{freire_educaco_1995,
	address = {São Paulo, SP},
	title = {A educação na cidade},
	publisher = {Cortez Editora},
	author = {Freire, Paulo},
	year = {1995}
}