@article{agredamontoro2016,
  author = {Agreda-Montoro, Míriam and Alonso-García, Santiago, and Rodríguez-García, Antonion},
  title = {El concepto de diversidad entendido por los futuros docentes},
  journal = {Revista Sonda: Investigación y Docencia en las Artes y Letras},
  volume = {5},
  year = {2016},
  pages = {8-17}
}
@article{albala2020,
  author = {Albala, Miguel Angel and Guido, Juan Igancio},
  title = {La brecha socioeducativa derivada del Covid-19: posibles abordajes desde el marco de la justicia social},
  journal = {Revista Latinoamericana de Estudios Educativos},
  volume = {50},
  year = {2020},
  pages = {173-194}
}
@article{arnaiz2011,
  author = {Arnaiz, Pilar},
  title = {Luchando contra la exclusión: Buenas prácticas y éxito escolar},
  journal = {Innovación Educativa},
  volume = {21},
  year = {2011},
  pages = {23-35}
}
@article{berastegui2020,
  author = {Berástegui, Ana},
  title = {La educación especial en tiempos de la COVID-19},
  journal = {Journal of Parents and Teachers},
  volume = {382},
  year = {2020},
  pages = {19-24},
  doi = {10.14422pym.i382.y2020.003}
}
@article{cabrera2020,
	title = {Efectos del coronavirus en el sistema de enseñanza: aumenta la desigualdad de oportunidades educativas en {España}.},
	volume = {13},
	url = {https://ojs.uv.es/index.php/RASE/article/view/17125},
	doi = {10.7203/RASE.13.2.17125},
	number = {2},
	urldate = {2021-05-19},
	journal = {Revista de Sociología de la Educación-RASE},
	author = {Cabrera, Leopoldo},
	month = apr,
	year = {2020},
	pages = {114--139}
}

@article{cabreraperez2020,
	title = {¿{Se} incrementa la desigualdad de oportunidades educativas en la {Enseñanza} {Primaria} con el cierre escolar por el coronavirus?},
	url = {https://hipatiapress.com/hpjournals/index.php/rise/article/view/5613},
	doi = {10.17583/rise.2020.5613},
	language = {es},
	number = {Special Issue: COVID- 19 Crisis and Socioeducative Inequalities},
	journal = {International Journal of Sociology of Education},
	author = {Cabrera, Leopoldo and Pérez, Carmen Nieves and Santana, Francisco},
	month = jun,
	year = {2020},
	pages = {27--52}
}
@incollection{campossoto2017,
  title = {Funcionalidad de las TIC en el proceso de enseñanza y aprendizaje en niños diagnosticados con TDAH},
  author = {Campos-Soto, María Natalia and López-Núñez, Juan Antonio and Marín, Juan Antonio},
  booktitle = {Innovación docente y uso de las TIC en educación},
  editor = {Ruiz-Palmero, Julio and Sánchez-Rodríguez, José and Sánchez-Rivas, Enrique},
  editortype = {organizer},
  address = {Málaga},
  publisher = {UMA Editorial},
  year = {2017},
  pages = {93-102}
}
%COTEC. Covid-19 y Educación: problemas, respuestas y escenarios. Documento técnico de análisis de la situación educativa derivada de la emergencia sanitaria. Madrid: COTEC, 2020
@techreport{cotec2020,
    title     = {Covid-19 y Educación: problemas, respuestas y escenarios. {Documento} técnico de análisis de la situación educativa derivada de la emergencia sanitaria},
    institution = {COTEC},
    address  = {Madrid},
    year      = {2020}
}
@incollection{denzin2005,
  title = {The discipline and practice of qualitative research},
  author = {Denzin, Norman and Lincoln, Yvonna},
  booktitle = {The SAGE handbook of qualitative research},
  editor = {Denzin, Norman and Lincoln, Yvonna},
  editortype = {organizer},
  address = {Thousand Oaks},
  publisher = {SAGE Publications},
  year = {2005},
  pages = {1-32}
}
@article{diez2020,
  author = {Díez, Enrique and Gajardo, Katherine},
  title = {Educar y Evaluar en Tiempos de Coronavirus: la Situación en España},
  journal = {Multidisciplinary Journal of Educational Research},
  volume = {10},
  number = {2},
  year = {2020},
  pages = {102-134},
  doi = {10.447/remie.2020.5604}
}
@article{echeita2020,
  author = {Echeita, Gerardo},
  title = {La Pandemia del {Covid-19}. ¿{Una} oportunidad para pensar en cómo hacer más inclusivos nuestros sistemas educativos?},
  journal = {Revista Internacional de Educación para la Justicia Social},
  volume = {9},
  number = {1},
  year = {2020},
  pages = {7-16}
}
@article{fernandezdomingues2020,
  author = {Fernández, Jaime and Domínguez, Judith and Martínez, Patricia},
  title = {De la educación presencial a la educación a distancia en época de pandemia por {Covid 19}. {Experiencias} de los docentes},
  journal = {Revista Electrónica Sobre Cuerpos Académicos y Grupos de Investigación},
  volume = {7},
  number = {14},
  year = {2020},
  pages = {87-110}
}
@article{fernandez2020,
	title = {Alumnado que no sigue las actividades educativas: {El} caso de una escuela de alta complejidad durante el confinamiento por {COVID}-19},
	volume = {4},
	url = {https://revistas.ucm.es/index.php/SOCI/article/view/69266},
	doi = {10.5209/soci.69266},
	journal = {Sociedad e Infancias},
	author = {Fernández-Rodrigo, Laura},
	month = jun,
	year = {2020},
	pages = {191--194}
}
@online{fernandezenguita2020,
	title = {Una pandemia imprevisible ha traído la brecha previsible},
	url = {https://blog.enguita.info/2020/03/una-pandemia-imprevisible-ha-traido-la.html},
	author = {FERNÁNDEZ-ENGUITA, Mariano},
	year = {2020}
}
@book{freire1970,
  author = {Freire, Paulo},
  title = {Pedagogía del oprimido},
  publisher = {Siglo XXI},
  address = {Madrid},
  year = {1970}
}
@article{garciapenalvo2020,
	title = {La evaluación online en la educación superior en tiempos de la {COVID}-19},
	volume = {21},
	url = {https://revistas.usal.es/index.php/eks/article/view/eks20202112/22274},
	doi = {10.14201/eks.23013},
	number = {0},
	urldate = {2021-05-19},
	journal = {Education in the Knowledge Society (EKS)},
	author = {García-Peñalvo, Francisco José and Corell, Alfredo and Abella-García, Víctor and Grande, Mario},
	month = may,
	year = {2020},
	pages = {26}
}
@article{gonzalescortesmanas2020,
  author = {Gonzáles, B. A. and Cortés, P. G. and Mañas, M. O.},
  title = {La inclusión educativa através de la narrativa-biográfica. {Experiencias} del profesorado de pedagogía terapeútica},
  journal = {Revista Infancia, Educación y Aprendizaje},
  volume = {6},
  number = {1},
  year = {2020},
  pages = {19-36}
}
@article{gonzalez2020,
  author = {González, B. A.},
  title = {Aprendizaje manipulativo y el uso del portafolio para la atención a la diversidad desde el área de {Lengua Castellana} y {Literatura}},
  journal = {Cuadernos de Pedagogía},
  year = {2020},
  pages = {1-4}
}
@article{manasgonzalescortes2020,
  author = {Mañas, M. O. and González, B. A. and Cortés, P.},
  title = {Historias de vida de personas diagnosticadas con discapacidad intelectual. {Acoso} y exclusión en la escuela como  moduladores  de  la identidad},
  journal = {Revista Educación, política y sociedad},
  volume = {5},
  number = {1},
  year = {2020},
  pages = {60-84}
}
@article{marin2020,
	title = {Visiones del uso de las {TIC} para la educación inclusiva desde la perspectiva docente: el caso de {Grecia}},
	volume = {13},
	url = {https://periodicos.ufmg.br/index.php/textolivre/article/view/25117},
	doi = {10.35699/1983-3652.2020.25117},
	number = {3},
	urldate = {2021-05-19},
	journal = {Texto Livre: Linguagem e Tecnologia},
	author = {Marín Díaz, Verónica and Vagena, Evangelia and García, Sebastían Rubio},
	month = jul,
	year = {2020},
	pages = {181--199}
}
@article{menendez2020,
  author = {Menéndez, David and Figares, José Luis A.},
  title = {Retos educativos durante el confinamiento: {La} experiencia con alumnos con necesidades educativas especiales},
  journal = {Revista Internacional de Educación para la Justicia Social},
  volume = {9},
  number = {3},
  year = {2020}
}
@article{moreno2020,
  author = {Moreno, Sandra},
  title = {La innovación educativa en los tiempos del {Coronavirus}},
  journal = {Salutem Scientia Spiritus},
  volume = {6},
  number = {1},
  year = {2020},
  pages = {14-26}
}
@article{morina2010,
  author = {Moriña, Anabel},
  title = {Vulnerables al silencio. {Historias} escolares de jóvenes con discapacidad},
  journal = {Revista de Educación},
  volume = {353},
  year = {2010},
  pages = {667-690}
}
@article{munoz2020,
  author = {Muñoz, José Luis and Lluch, Laia},
  title = {Educación y {Covid-19}: {Colaboración} de las {Familias} y {Tareas Escolares}},
  journal = {Revista Internacional de Educación para la Justicia Social},
  volume = {9},
  number = {3},
  year = {2020},
  pages = {1-17}
}
@article{mur2016,
  author = {Mur, Lorenzo},
  title = {La nueva brecha digital. {El} futuro de las nuevas tecnologías en {Primaria} desde la formación del profesorado},
  journal = {Revista Electrónica Interuniversitaria de Formación del Profesorado (REIFOP)},
  volume = {19},
  number = {2},
  year = {2016},
  pages = {301-313},
  doi = {10.6018/reifop.19.2.189561}
}
@article{murillo2020,
  author = {Murillo, Francisco and Duk, Cynthia},
  title = {The {Covid-19} and the {Educational Gaps}},
  journal = {Revista latinoamericana de educación inclusiva},
  volume = {14},
  number = {1},
  year = {2020},
  pages = {11-13}
}
@proceedings{onu2015,
	title		 = {Transformar nuestro mundo: {la Agenda} 2030 para el {Desarrollo Sostenible}. {Resolución} de {la Asamblea General} A/71/1, aprobada el 25 de septiembre de 2015},
	organization = {ONU},
	author = {ONU},
	year	 	 = {2015}
}
@proceedings{ocde2020,
    title       = {A helping hand: {Education} responding to the coronavirus pandemic},
    organization = {OCDE},
    author = {{OCDE}},
    url         = {https://oecdedutoday.com/education- responding-coronavirus-pandemic/},
    year        = {2020}
}
@article{penate2020,
  author = {Peñate, Lina},
  title = {Todos somos importantes, pero el docente es imprescindible},
  journal = {Revista Internacional de Educación para la Justicia Social},
  volume = {9},
  number = {3},
  year = {2020},
  pages = {1-4}
}
@misc{realdecreto,
    title     = {{REAL DECRETO} 463/2020, de 14 de marzo, por el que se declara el estado de alarma para la gestión de la situación de crisis sanitaria ocasionada por el {COVID-19} ({BOE} de 23 de mayo de 2020)}
}
@article{renilla2010,
  author = {Renilla, María and Pedrero, Alberto and Sánchez, Antonio},
  title = {Autismo y {TIĆ}s},
  journal = {{International Journal of Developmental and Educational Psychology}},
  volume = {4},
  number = {1},
  year = {2010},
  pages = {169-177}
}
@article{rogero2020,
	title = {La ficción de educar a distancia},
	volume = {13},
	url = {https://ojs.uv.es/index.php/RASE/article/view/17126},
	doi = {10.7203/RASE.13.2.17126},
	number = {2},
	journal = {Revista de Sociología de la Educación-RASE},
	author = {Rogero-García, Jesús},
	month = apr,
	year = {2020},
	pages = {174--182}
}
@article{rodriguez2020,
  author = {Rodríguez, Paz},
  title = {Alumnos de {Necesidades Educativas Especiales}, en {Casa} por el {Covid-19}. {Experiencias} que nos {Descubren Vidas}},
  journal = {Revista Internacional de Educación para la Justicia Social},
  volume = {9},
  number = {3},
  year = {2020},
  pages = {1-13}
}
@article{ruiz2020,
	title = {Competencias digitales de los docentes en la modalidad de clases en línea: estudio de caso en el contexto de crisis sanitaria},
	volume = {13},
	url = {https://periodicos.ufmg.br/index.php/textolivre/article/view/25592},
	doi = {10.35699/1983-3652.2020.25592},
	number = {3},
	journal = {Texto Livre: Linguagem e Tecnologia},
	author = {Ruiz-Ramirez, Jessica Alejandra and Tamayo-Preval, Dayannis and Montiel-Cabello, Hugo},
	month = nov,
	year = {2020},
	pages = {47--62}
}
@book{ruiz2009,
	address = {Bilbao},
	edition = {4},
	title = {Metodología de la investigación cualitativa.},
	url = {https://lectura.unebook.es/viewer/9788498306736},
	publisher = {Universidad de Deusto},
	author = {Ruiz Olabuénaga, José Ignacio},
	year = {2009},
}
@incollection{ryan2003,
  title = {Data management y analysis methods},
  author = {Ryan, Gery and Bernard, Rusell},
  booktitle = {Collecting and interpreting qualitative materials},
  editor = {Denzin, Norman and Lincoln, Yvonna},
  editortype = {organizer},
  address = {Thousand Oaks},
  publisher = {SAGE Publications},
  year = {2003},
  pages = {259-309}
}
@incollection{sadio2020,
  title = {Una experiencia biográfica de uso de las {TIC} en {Educación Primaria} y {Secundaria}},
  author = {Sadio, Fernando and Ortiz, María Angustias and Moreno, Antonio José and Bernabé, María del Mar and Lópes, Jesús},
  booktitle = {Desafíos de {Investigación Educativa} durante la {Pandemia COVID19}},
  editor = {Aznar Días, Inmaculada and Cáceres Reche, María Pilas and Marín, José Antonio and Moreno, Antonio José},
  editortype = {organizer},
  address = {Madrid},
  publisher = {Dykinson S.L.},
  year = {2020},
  pages = {604-616}
}
@book{stake1998,
	address = {Madrid},
	title = {Investigación con estudio de casos},
	language = {English},
	publisher = {Morata},
	author = {Stake, Robert E},
	year = {1998}
}
@article{tosso2020,
  author = {Tosso, Melani and Sáinz, Mercedes and Casado, Cristina},
  title = {Desigualdades Educativas Derivadas del {Covid-19} desde una Perspectiva Feminista. {Análisis} de los Discursos de Profesionales de la Educación Madrileña},
  journal = {Revista Internacional de Educación para la Justicia Social},
  volume = {9},
  number = {3},
  year = {2020},
  pages = {157-180}
}
@proceedings{unesco2016,
    title       = {Educación 2030: {Declaración} de {Incheon} y {Marco} de {Acción} para la realización del {Objetivo} de {Desarrollo Sostenible} 4},
    author = {UNESCO},
    organization = {UNESCO},
    address  = {Paris},
    year      = {2016}
}
@proceedings{unicef2020,
	title = {La educación frente al {COVID}-19},
	url = {https://www.unicef.es/educa/biblioteca/la-educacion-frente-al-covid-19},
	author = {UNICEF},
	organization = {UNICEF},
	year = {2020}
}
@article{vega2020,
  author = {Vega, Vladimir and Navarro, Mercedes and Pérez, Luis and Guerrero, David},
  title = {Impacto de la {Covid-19} en el {Aprendizaje de Estudiantes con Discapacidad}},
  journal = {Revista Orbis},
  volume = {46},
  year = {2020},
  pages = {5-17}
}
@book{yin2009,
	address = {Los Angeles, Calif},
	edition = {4th ed},
	series = {Applied social research methods},
	title = {Case study research: design and methods},
	number = {v. 5},
	publisher = {Sage Publications},
	author = {Yin, Robert K.},
	year = {2009}
}