@article{cortesalfaro2020acoso,
  title        = {Acoso escolar, ciberacoso y las nuevas tecnolog{\'\i}as de la informaci{\'o}n y la comunicaci{\'o}n},
  author       = {Alfaro, Alba Cort{\'e}s},
  year         = 2020,
  journal      = {Revista Cubana De Medicina General Integral},
  volume       = 36,
  number       = 3,
  pages        = {1--9}
}
@article{alonso2021tecnologia,
  title        = {Tecnolog{\'\i}a educativa para la agenda 2030: Objetivos de Desarrollo Sostenible (ODS) ante la pandemia},
  author       = {Alonso-Garc{\'\i}a, Santiago and Romero-Rodr{\'\i}guez, Jos{\'e} Mar{\'\i}a and Mar{\'\i}n-Mar{\'\i}n, Jos{\'e} Antonio and Sadio-Ramos, Fernando Jos{\'e}},
  year         = 2021,
  journal      = {Texto Livre: Linguagem e Tecnologia},
  publisher    = {Universidade Federal de Minas Gerais},
  volume       = 14,
  number       = 2
}
@article{alvarez2010neurociencias,
  title        = {Neurociencias y comunidad: La oportunidad del neurodesarrollo},
  author       = {{\'A}lvarez, Miguel {\'A}ngel and Wong, Alina},
  year         = 2010,
  journal      = {PSIENCIA. Revista Latinoamericana de Ciencia Psicol{\'o}gica},
  publisher    = {Asociaci{\'o}n para el Avance de la Ciencia Psicol{\'o}gica},
  volume       = 2,
  number       = 1,
  pages        = {30--33}
}
@misc{american2014dsm,
  title        = {DSM-5: Manual diagn{\'o}stico y estad{\'\i}stico de los trastornos mentales},
  author       = {American Psychiatric Association and others},
  year         = 2014,
  publisher    = {Biblioteca Hern{\'a}n Malo Gonz{\'a}lez}
}
@phdthesis{avalos2022,
  title        = {Elaboración y validación de un instrumento de tamizaje para la evaluación y el diagnóstico de menores en riesgo de exclusión social},
  author       = {Ávalos Ruiz, Inmaculada},
  year         = 2022,
  school       = {Universidad de Granada}
}
@article{avalosfernandez2022validacion,
  title        = {Validaci{\'o}n de un instrumento de cribado para la detecci{\'o}n de alumnado en riesgo de exclusi{\'o}n social: CAREs},
  author       = {{\'A}valos Ruiz, Inmaculada and Fern{\'a}ndez Cruz, Manuel and others},
  year         = 2022,
  publisher    = {Universitat Aut{\`o}noma de Barcelona}
}
@article{cuestacambra2020smartphone,
  title        = {Smartphone: en comunicaci{\'o}n, algo m{\'a}s que una adicci{\'o}n},
  author       = {Cambra, Ubaldo Cuesta and D{\'\i}az, Victoria Cuesta and Mart{\'\i}nez, Luz Mart{\'\i}nez and Gonz{\'a}lez, Jos{\'e} Ignacio Ni{\~n}o},
  year         = 2020,
  journal      = {Revista Latina de Comunicaci{\'o}n Social},
  number       = 75,
  pages        = {367--381}
}
@book{cardenal2018,
  title        = {Adaptación española del Inventario de Evaluación de la Personalidad para Adolescentes (PAI-A)},
  author       = {CARDENAL, V. and ORTIZ-TALLO, M. and SANTAMARÍA, P. and CAMPOS, M. M.},
  year         = 2018,
  publisher    = {TEA Ediciones},
  address      = {Madrid}
}
@article{cerisola2017impacto,
  title        = {Impacto negativo de los medios tecnol{\'o}gicos en el neurodesarrollo infantil},
  author       = {Cerisola, Alfredo},
  year         = 2017,
  journal      = {Pediátrica Panam{\'a}},
  volume       = 201708,
  number       = 46,
  pages        = 2
}
@article{choliz2016aditec,
  title        = {ADITEC, evaluaci{\'o}n y prevenci{\'o}n de la adicci{\'o}n a internet, m{\'o}vil y videojuegos},
  author       = {Ch{\'o}liz, M and Marco, C and Ch{\'o}liz, C},
  year         = 2016,
  journal      = {TEA Ediciones}
}
@article{dealvarado2019trastornos,
  title        = {Los trastornos de aprendizaje y el impacto de las nuevas tecnolog{\'\i}as},
  author       = {de Alvarado, Sheila Mariza Elias Omarji},
  year         = 2019,
  journal      = {Al{\'e}theia},
  volume       = 7,
  number       = 1,
  pages        = {25--29}
}
@article{diaz2019uso,
  title        = {Uso problem{\'a}tico de las TIC en adolescentes},
  author       = {D{\'\i}az-Vicario, Anna and Mercader Juan, Cristina and Gair{\'\i}n Sall{\'a}n, Joaqu{\'\i}n},
  year         = 2019,
  journal      = {Revista electr{\'o}nica de investigaci{\'o}n educativa},
  volume       = 21
}
@article{fungfallas2020impacto,
  title        = {Impacto del tiempo de pantalla en la salud de ni{\~n}os y adolescentes},
  author       = {Fallas, Michelle Pamela Fung and Mora, Erick Jos{\'e} Rojas and Castro, Liseth Gabriela Delgado},
  year         = 2020,
  journal      = {Revista M{\'e}dica Sinergia},
  volume       = 5,
  number       = {06},
  pages        = {1--10}
}
@article{galan2017abordaje,
  title        = {Abordaje integral en los trastornos del neurodesarrollo},
  author       = {Gal{\'a}n-L{\'o}pez, Itzel Graciela and Lascarez-Mart{\'\i}nez, Silvia and G{\'o}mez-Tello, Mar{\'\i}a Fernanda and Galicia-Alvarado, Marlene Alejandra},
  year         = 2017,
  journal      = {Revista del Hospital Ju{\'a}rez de M{\'e}xico},
  volume       = 84,
  number       = 1,
  pages        = {19--25}
}
@phdthesis{rubiogonzalez2016consumo,
  title        = {Consumo de alcohol y contextos de desarrollo en la adolescencia},
  author       = {Gonz{\'a}lez, Antonia Rubio},
  year         = 2016,
  school       = {Universidad de Huelva}
}
@article{guzman2017nuevas,
  title        = {Nuevas tecnolog{\'\i}as: Puentes de comunicaci{\'o}n en el trastorno del espectro autista (TEA)},
  author       = {Guzm{\'a}n, Guido and Putrino, Natalia and Mart{\'\i}nez, Felipe and Quiroz, Nicol{\'a}s},
  year         = 2017,
  journal      = {Terapia psicol{\'o}gica},
  publisher    = {SciELO Chile},
  volume       = 35,
  number       = 3,
  pages        = {247--258}
}
@inproceedings{kassis2017understanding,
  title        = {Understanding depression in adolescents: A dynamic psychosocial web of risk and protective factors},
  author       = {Kassis, Wassilis and Artz, Sibylle and White, Jennifer},
  year         = 2017,
  booktitle    = {Child \& Youth Care Forum},
  volume       = 46,
  number       = 5,
  pages        = {721--743},
  url          = {https://link.springer.com/article/10.1007/s10566-017-9404-3},
  organization = {Springer}
}
@article{lagosansiedad2014,
  title        = {Ansiedad escolar seg{\'u}n g{\'e}nero y edad en una muestra de adolescentes chilenos},
  author       = {Lagos San Mart{\'\i}n, N and Garc{\'\i}a Fern{\'a}ndez, JM and Ingl{\'e}s, CJ and G{\'o}mez N{\'u}{\~n}ez, MI and Mart{\'\i}nez Monteagudo, MC},
  year         = 2014,
  journal      = {Intersecciones Educativas},
  volume       = 5,
  pages        = {9--20},
  url          = {https://rua.ua.es/dspace/bitstream/10045/48556/1/2014_Garcia-Fernandez_etal_Intersecciones-Educativas.pdf}
}
@article{sanchez2020,
  title        = {Ansiedad y depresi{\'o}n en ni{\~n}os y adolescentes},
  author       = {P. Sánchez Mascaraque and Daniel S. Cohen},
  year         = 2020,
  journal      = {Adolescere. Revista de Formación Continuada de la Sociedad Española de Medicina de la Adolescencia},
  volume       = 8,
  number       = 1,
  pages        = {16--27},
  url          = {https://www.adolescere.es/revista/pdf/volumen-VIII-n1-2020/2020-n1-2-Tema-de-revision-Ansiedad-y-depresion-en-ninos-y-adolescentes.pdf}
}
@article{matali2021,
  title        = {?` C{\'o}mo gestionamos el impacto de las nuevas tecnolog{\'\i}as?},
  author       = {Matal{\'\i}, Josep Llu{\'\i}s and Flores, Elena},
  year         = 2021,
  journal      = {Una mirada a la salud mental de los adolescentes},
  pages        = {75--90}
}
@phdthesis{morales2008estadistica,
  title        = {Estad{\'\i}stica aplicada a las Ciencias Sociales},
  author       = {Morales Vallejo, Pedro},
  year         = 2008,
  school       = {Universidad Pontificia Comillas}
}
@article{moreno2018adolescencia,
  title        = {La adolescencia en Espa{\~n}a: salud, bienestar, familia, vida acad{\'e}mica y social},
  author       = {Moreno, Carmen and Ramos, Pilar and Rivera, Francisco and S{\'a}nchez-Queija, Inmaculada and Jim{\'e}nez-Iglesias, Antonia and Garc{\'\i}a-Moya, Irene and Moreno-Maldonado, Concepci{\'o}n and Paniagua, Carmen and Villafuerte-D{\'\i}az, Ana and Ciria-Barreiro, Esther and others},
  year         = 2018,
  journal      = {Resultados del estudio HBSC}
}
@article{moscardi2020efectos,
  title        = {Los efectos positivos de jugar videojuegos y su aplicaci{\'o}n en entornos no l{\'u}dicos},
  author       = {Moscardi, Ramiro},
  year         = 2020,
  journal      = {Cuadernos del Centro de Estudios de Dise{\~n}o y Comunicaci{\'o}n},
  number       = 110
}
@article{paredesotero2020enemigo,
  title        = {El enemigo invisible: la sensibilizaci{\'o}n ante las enfermedades mentales a trav{\'e}s de los videojuegos},
  author       = {Otero, Guillermo Paredes},
  year         = 2020,
  journal      = {Barataria. Revista Castellano-Manchega De Ciencias Sociales},
  number       = 29,
  pages        = {69--83}
}
@article{perez2021theory,
  title        = {Theory of mind in neurodevelopmental disorders: Beyond autistic spectrum disorder.},
  author       = {P{\'e}rez-Vigil, A and Ilzarbe, D and Garcia-Delgar, B and Morer, A and Pomares, M and Puig, O and Lera-Miguel, S and Rosa, M and Romero, M and Escalona, Calvo and others},
  year         = 2021,
  journal      = {Neurologia (Barcelona, Spain)}
}
@article{pin2019sueno,
  title        = {El sue{\~n}o del ni{\~n}o con trastornos del neurodesarrollo},
  author       = {Pin Arboledas, Gonzalo},
  year         = 2019,
  journal      = {MEDICINA (Buenos Aires)},
  publisher    = {SciELO Argentina},
  volume       = 79,
  number       = 1,
  pages        = {44--50}
}
@book{pinuel2006ave,
  title        = {AVE: Acoso y violencia escolar},
  author       = {Pi{\~n}uel, I{\~n}aki and O{\~n}ate, Araceli},
  year         = 2006,
  publisher    = {TEA Madrid, Spain:}
}
@article{plaza2021evolucion,
  title        = {Evoluci{\'o}n del uso de las TIC por parte de los adolescentes en los {\'u}ltimos a{\~n}os: luces y sombras},
  author       = {de la Hoz, Jes{\'u}s Plaza},
  year         = 2021,
  journal      = {Aloma: revista de psicologia, ci{\`e}ncies de l'educaci{\'o} i de l'esport Blanquerna},
  volume       = 39,
  number       = 1,
  pages        = {39--47}
}
@article{reyes2021trastornos,
  title        = {Trastornos del neurodesarrollo: formaci{\'o}n docente para la identificaci{\'o}n y atenci{\'o}n en el aula},
  author       = {Reyes, Magali Huerta and Mendoza, Santiago Castineyra},
  year         = 2021,
  journal      = {Revista Mexicana de Medicina Forense y Ciencias de la Salud},
  volume       = 6,
  number       = 2
}
@article{rocabelijar2019adiccion,
  title        = {Adicci{\'o}n a las Tecnolog{\'\i}as: Adolescencia, familias y Trabajo Social. Revisi{\'o}n te{\'o}rica del fen{\'o}meno},
  author       = {Belijar, Carlota Roca},
  year         = 2019,
  journal      = {AZARBE, Revista Internacional de Trabajo Social y Bienestar},
  number       = 8,
  pages        = {71--80}
}
@article{rodriguez1juventud,
  title        = {Juventud, Tecnolog{\'i}a Y Convivencia: Ciberbullying, Problema De Acoso Escolar},
  author       = {Rodr{\'\i}guez, Mg Adriana Marcela P{\'e}rez},
  journal      = {1. REFLEXIONES SOBRE LA CALIDAD EDUCATIVA: DEFINICI{\'O}N Y EVALUACI{\'O}N DE SUS EJES 2--6 Edwin Antonio Montiel Quintanilla},
  volume       = 2665,
  pages        = 70
}
@article{russi2021,
  title        = {1. Neurodesarrollo cerebral. Los cambios en el cerebro del adolescente},
  author       = {Russi, M{\textordfeminine} Eugenia},
  year         = 2021,
  journal      = {Una mirada a la salud mental de los adolescentes},
  pages        = 17
}
@article{valencia2021problematica,
  title        = {Problem{\'a}tica de estudio e investigaci{\'o}n de la adicci{\'o}n a las redes sociales online en j{\'o}venes y adolescentes},
  author       = {Valencia Ortiz, Rubicelia and Cabero Almenara, Julio and Garay Ruiz, Urtza and Fern{\'a}ndez Robles, B{\'a}rbara},
  year         = 2021,
  journal      = {Revista Tecnolog{\'\i}a, Ciencia y Educaci{\'o}n, 18, 99-125.},
  publisher    = {Estudios Financieros}
}
@article{vicente2019adiccion,
  title        = {Adicci{\'o}n al m{\'o}vil e internet en adolescentes y su relaci{\'o}n con problemas psicopatol{\'o}gicos y variables protectoras},
  author       = {Vicente-Escudero, Jos{\'e} Luis and Saura-Garre, Pedro and L{\'o}pez-Soler, Concepci{\'o}n and Mart{\'\i}nez, Antonia and Alc{\'a}ntara, Mavi},
  year         = 2019,
  journal      = {Escritos de Psicolog{\'\i}a (Internet)},
  publisher    = {SciELO Espana},
  volume       = 12,
  number       = 2,
  pages        = {103--112}
}
@article{huertareyes2021trastornos,
  title={Trastornos del neurodesarrollo: formaci{\'o}n docente para la identificaci{\'o}n y atenci{\'o}n en el aula},
  author={Reyes, Magali Huerta and Mendoza, Santiago Castineyra},
  journal={Revista Mexicana de Medicina Forense y Ciencias de la Salud},
  volume={6},
  number={2},
  year={2021}
}
