@misc{unesco2006,
    title         = {Padrões de competência em TIC para professores: módulos de padrão de competências},
    author        = {Unesco},
    year          = {2006},
    publisher     = {Unesco},
    address       = {Paris},
    url           = {https://unesdoc.unesco.org/ark:/48223/pf0000156209_por},
    urldate       = {2022-05-24},
}

@misc{iste2008,
    title         = {ISTE Standards for Teachers},
    author        = {{International Society for Technology in Education}},
    shortauthor   = {ISTE},
    year          = {2008},
    publisher     = {{ISTE}},
    url           = {https://iste.org/standards},
    urldate       = {2020-09-10},
}

@article{mendes2008,
    title         = {Revisão integrativa: método de pesquisa para a incorporação de evidências na saúde e na enfermagem},
    author        = {Mendes, Karina Dal Sasso and Silveira, Renata Cristina de Campos Pereira and Galvão, Cristina Maria},
    year          = {2008},
    journal       = {Texto \& Contexto - Enfermagem},
    volume        = {17},
    number        = {4},
    pages         = {758--764},
    doi           = {10.1590/s0104-07072008000400018},
    url           = {https://doi.org/10.1590/S0104-07072008000400018},
    urldate       = {2020-09-03},
}

@misc{unesco2008,
    title         = {Padrões de competência em TIC para professores: diretrizes de implementação},
    author        = {Unesco},
    year          = {2008},
    publisher     = {Unesco},
    url           = {https://unesdoc.unesco.org/ark:/48223/pf0000156209_por},
    urldate       = {2018-10-22},
}

@article{calvani2009,
    title         = {Assessing digital competence in secondary education. Issues, models and instruments},
    author        = {Calvani, Antonio and Fini, Antonio and Ranieri, Maria},
    year          = {2009},
    journal       = {Issues in Information and Media Literacy: Education, Practice and Pedagogy},
    pages         = {153--172},
    url           = {https://ijet.itd.cnr.it/article/view/299},
    urldate       = {2020-05-11},
}

@article{krumsvik2009,
    title         = {Situated learning in the network society and the digitised school},
    author        = {Krumsvik, Rune Johan},
    year          = {2009},
    journal       = {European Journal of Teacher Education},
    volume        = {32},
    number        = {2},
    pages         = {167--185},
    doi           = {10.1080/02619760802457224},
    url           = {https://www.tandfonline.com/doi/abs/10.1080/00313831.2012.726273},
    urldate       = {2022-05-10},
}

@techreport{redecker2009,
    title         = {Learning 2.0: The impact of web 2.0 innovations on education and training in Europe},
    author        = {Redecker, Christine and Ala-Mutka, Kirsti and Bacigalupo, Margherita and Ferrari, Anusca and Punie, Yves},
    year          = {2009},
    address       = {Seville, Spain},
    url           = {https://publications.jrc.ec.europa.eu/repository/handle/JRC55629},
    urldate       = {2020-04-25},
    institution   = {Institute for Prospective and Technological Studies, Joint Research Centre},
    type          = {Scientific and Technical Report},
}

@article{rodriguezillera2009,
    title         = {Los relatos digitales e seus interesses educativos},
    author        = {Rodríguez-Illera, J. and Londoño, G.},
    year          = {2009},
    journal       = {Educação, Formação & Tecnologias},
    volume        = {2},
    number        = {1},
    pages         = {5--18},
    url           = {http://eft.educom.pt/index.php/eft/article/view/81/62},
    urldate       = {2022-05-25},
}

@article{krumsvik2011,
    title         = {Digital competence in the Norwegian teacher education and schools},
    author        = {Krumsvik, Rune Johan},
    year          = {2011},
    journal       = {Högre utbildning},
    volume        = {1},
    number        = {1},
    pages         = {39--51},
    url           = {https://hogreutbildning.se/index.php/hu/article/view/874},
    urldate       = {2022-05-10},
}

@misc{ocde2011,
    title         = {Informe habilidades y competencias del siglo XXI para los aprendices del nuevo milenio en los países de la OCDE},
    author        = {Ocde},
    year          = {2011},
    url           = {http://recursostic.educacion.es/blogs/europa/media/blogs/europa/informes/HabiLidades_y_competencias_siglo21_OCDE.pdf},
    urldate       = {2022-05-24},
}

@misc{unesco2011,
    title         = {ICT Competency Framework for Teachers},
    author        = {Unesco},
    year          = {2011},
    publisher     = {United Nations Educational, Scientific and Cultural Organization},
    address       = {Paris},
    url           = {http://unesdoc.unesco.org/images/0021/002134/213475e.pdf},
    urldate       = {2018-10-14},
}

@misc{comissaoeuropeia2012,
    title         = {Repensar a educação: investir nas competências para melhores resultados socioeconómicos},
    author        = {Comissão Europeia},
    year          = {2012},
    url           = {https://eur-lex.europa.eu/legal-content/PT/ALL/?uri=CELEX:52012DC0669},
}

@techreport{ferrari2012,
    title         = {Digital competence in practice: an analysis of frameworks},
    author        = {Ferrari, Anusca},
    year          = {2012},
    url           = {https://ifap.ru/library/book522.pdf},
    urldate       = {2019-09-10},
    institution   = {European Commission, Joint Research Centre},
    type          = {Technical Report},
}

@incollection{redecker2012,
    title         = {Assessment for 21st Century Learning and Skills},
    author        = {Redecker, Christine and Punie, Yves and Ferrari, Anusca},
    year          = {2012},
    booktitle     = {21st Century Learning for 21st Century Skills},
    publisher     = {Springer},
    series        = {Lecture Notes in Computer Science},
    volume        = {7563},
    pages         = {292--305},
    doi           = {10.1007/978-3-642-33263-0_23},
    url           = {https://link.springer.com/chapter/10.1007/978-3-642-33263-0_23},
    urldate       = {2020-04-25},
}

@techreport{ferrari2013,
    title         = {DIGCOMP: a framework for developing and understanding digital competence in Europe},
    author        = {Ferrari, Anusca},
    year          = {2013},
    address       = {Seville},
    url           = {https://publications.jrc.ec.europa.eu/repository/bitstream/JRC83167/lb-na-26035-enn.pdf},
    urldate       = {2022-05-24},
    institution   = {Jrc-ipts},
}

@article{hall2014,
    title         = {Defining a self-evaluation digital literacy framework for secondary educators: the DigiLit Leicester project},
    author        = {Hall, Richard and Atkins, Lucy and Fraser, Josie},
    year          = {2014},
    journal       = {Research in Learning Technology},
    volume        = {22},
    number        = {21440},
    doi           = {10.3402/rlt.v22.21440},
    url           = {https://journal.alt.ac.uk/index.php/rlt/article/view/1444},
    urldate       = {2020-09-03},
}

@article{galvao2014,
    title         = {Revisões sistemáticas da literatura: passos para sua elaboração},
    author        = {Galvão, Taís Freire and Pereira, Mauricio Gomes},
    year          = {2014},
    journal       = {Epidemiologia e Serviços de Saúde},
    volume        = {23},
    number        = {1},
    pages         = {183--184},
    doi           = {10.5123/s1679-49742014000100018},
    url           = {https://doi.org/10.5123/S1679-49742014000100018},
    urldate       = {2020-09-03},
}

@article{instefjord2014,
    title         = {Appropriation of Digital Competence in Teacher Education},
    author        = {Instefjord, Elen},
    year          = {2014},
    journal       = {Nordic Journal of Digital Literacy},
    volume        = {9},
    number        = {4},
    pages         = {313--329},
    doi           = {10.18261/issn1891-943x-2014-04-06},
    url           = {https://www.idunn.no/doi/10.18261/ISSN1891-943X-2014-04-06},
    urldate       = {2022-05-31},
}

@article{krumsvik2014,
    title         = {Teacher educators' digital competence},
    author        = {Krumsvik, Rune Johan},
    year          = {2014},
    journal       = {Scandinavian Journal of Educational Research},
    volume        = {58},
    number        = {3},
    pages         = {269--280},
    doi           = {10.1080/00313831.2012.726273},
    url           = {https://www.tandfonline.com/doi/abs/10.1080/00313831.2012.726273},
    urldate       = {2022-05-10},
}

@article{cantabrana2015,
    title         = {El desarrollo de la competencia digital docente a partir de una experiencia piloto de formación en alternancia en el Grado de Educación},
    author        = {Cantabrana, José Luis Lázaro and Cervera, Mercè Gisbert},
    year          = {2015},
    journal       = {Educar},
    volume        = {51},
    number        = {2},
    pages         = {321--348},
    doi           = {10.5565/rev/educar.729},
    url           = {https://raco.cat/index.php/Educar/article/view/295238},
    urldate       = {2022-05-24},
}

@article{gewerc2015,
    title         = {Conocimiento profesional y competencia digital en la formación del profesorado. El caso del Grado de Maestro en Educación Primaria},
    author        = {Gewerc, Adriana and Montero, Lourdes},
    year          = {2015},
    journal       = {Revista Latinoamericana de Tecnología Educativa},
    volume        = {14},
    number        = {1},
    pages         = {31--43},
    url           = {https://relatec.unex.es/article/view/1829},
    urldate       = {2022-05-24},
}

@article{tomte2015,
    title         = {Educating Teachers for the New Millennium? - Teacher training, ICT and digital competence},
    author        = {Tømte, Cathrine Edelhard},
    year          = {2015},
    journal       = {Nordic Journal of Digital Literacy},
    volume        = {10},
    pages         = {138--154},
    doi           = {10.18261/ISSN1891-943X-2015-Jubileumsnummer-10},
    url           = {https://www.idunn.no/doi/10.18261/ISSN1891-943X-2015-Jubileumsnummer-10},
    urldate       = {2021-04-27},
}

@article{delmoral2016,
    title         = {Relatos digitales: activando las competencias comunicativa, narrativa y digital en la formación inicial del profesorado},
    author        = {del Moral, María Esther and Villalustre, Lourdes and Neira, María Del Rosario},
    year          = {2016},
    journal       = {Ocnos: Revista de Estudios sobre Lectura},
    volume        = {15},
    pages         = {22--41},
    doi           = {10.18239/ocnos_2016.15.1.976},
    url           = {https://www.redalyc.org/articulo.oa?id=259145814002},
    urldate       = {2022-05-24},
}

@article{estevemon2016a,
    title         = {ETeach3D: Designing a 3D virtual environment for evaluating the digital competence of preservice teachers},
    author        = {Esteve-Mon, Francesc M. and Cela-Ranilla, Jose María and Gisbert-Cervera, Mercè},
    year          = {2016},
    journal       = {Journal of Educational Computing Research},
    volume        = {54},
    number        = {6},
    pages         = {816--839},
    doi           = {10.1177/0735633116637191},
    url           = {https://www.researchgate.net/publication/299338327_ETeach3D_Designing_a_3D_Virtual_Environment_for_Evaluating_the_Digital_Competence_of_Preservice_Teachers},
    urldate       = {2021-03-17},
}

@article{estevemon2016b,
    title         = {La competencia digital de los futuros docentes: ¿cómo se ven los actuales estudiantes de educación?},
    author        = {Esteve-Mon, Francesc M. and Gisbert-Cervera, Mercè and Lázaro-Cantabrana, José Luis},
    year          = {2016},
    journal       = {Perspectiva Educacional, Formación de Profesores},
    volume        = {55},
    number        = {2},
    pages         = {38--54},
    doi           = {10.4151/07189729-vol.55-iss.2-art.412},
    url           = {http://perspectivaeducacional.cl/index.php/peducacional/article/view/412},
    urldate       = {2021-03-17},
}

@techreport{europeancommission2016,
    title         = {DigComp 2.0: The Digital Competence Framework for Citizens},
    author        = {European Commission},
    year          = {2016},
    url           = {https://ec.europa.eu/jrc/en/publication/eur-scientific-and-technical-research-reports/digcomp-20-digital-competence-framework-citizens-update-phase-1-conceptual-reference-model},
    urldate       = {2022-05-24},
    institution   = {Joint Research Centre},
}

@article{floreslueg2016,
    title         = {Percepción de estudiantes de Pedagogía sobre el desarrollo de su competencia digital a lo largo de su proceso formativo},
    author        = {Flores-Lueg, Carolina and Roig Vila, Rosabel},
    year          = {2016},
    journal       = {Estudios Pedagógicos (Valdivia)},
    volume        = {42},
    number        = {3},
    pages         = {129--148},
    doi           = {10.4067/s0718-07052016000400007},
    url           = {http://www.scielo.cl/scielo.php?script=sci_arttext&pid=S0718-07052016000400007},
    urldate       = {2020-09-03},
}

@article{gisbert2016,
    title         = {Digital Learners: la competencia digital de los estudiantes universitarios},
    author        = {Gisbert, Mercè and Esteve, Francesc},
    year          = {2016},
    journal       = {La Cuestión Universitaria},
    number        = {7},
    pages         = {48--59},
    url           = {http://polired.upm.es/index.php/lacuestionuniversitaria/article/view/3359},
    urldate       = {2022-05-24},
}

@article{instefjord2016,
    title         = {Preparing pre-service teachers to integrate technology: an analysis of the emphasis on digital competence in teacher education curricula},
    author        = {Instefjord, Elen and Munthe, Elaine},
    year          = {2016},
    journal       = {European Journal of Teacher Education},
    volume        = {39},
    number        = {1},
    pages         = {77--93},
    doi           = {10.1080/02619768.2015.1100602},
    url           = {http://dx.doi.org/10.1080/02619768.2015.1100602},
    urldate       = {2022-05-24},
}

@article{porlan2016,
    title         = {Evaluation and development of digital competence in future primary school teachers at the University of Murcia},
    author        = {Porlán, Isabel Gutiérrez and Sánchez, José Serrano},
    year          = {2016},
    journal       = {Journal of New Approaches in Educational Research},
    volume        = {5},
    number        = {1},
    pages         = {51--56},
    doi           = {10.7821/naer.2016.1.152},
    url           = {https://naerjournal.ua.es/article/view/v5n1-8},
    urldate       = {2020-07-10},
}

@article{quiroz2016,
    title         = {Indicadores para evaluar la competencia digital docente en la formación inicial en el contexto Chileno-Uruguayo},
    author        = {Quiroz, Juan Silva and Miranda, Paloma and Gisbert, Mercè and Morales, Julia and Onetto, Alicia},
    year          = {2016},
    journal       = {Revista Latinoamericana de Tecnología Educativa - RELATEC},
    volume        = {15},
    number        = {3},
    pages         = {55--67},
    doi           = {10.17398/1695-288x.15.3.55},
    url           = {https://doi.org/10.17398/1695-288X.15.3.55},
    urldate       = {2020-02-21},
}

@article{rokenes2016,
    title         = {Prepared to teach ESL with ICT? A study of digital competence in Norwegian teacher education},
    author        = {Røkenes, Fredrik Mørk and Krumsvik, Rune Johan},
    year          = {2016},
    journal       = {Computers & Education},
    volume        = {97},
    pages         = {1--20},
    doi           = {10.1016/j.compedu.2016.02.014},
    url           = {https://www.sciencedirect.com/science/article/abs/pii/S0360131516300471},
    urldate       = {2022-05-25},
}

@misc{intef2017,
    title         = {Marco común de competencia digital docente},
    author        = {Intef},
    year          = {2017},
    url           = {http://educalab.es/documents/10180/12809/MarcoComunCompeDigiDoceV2.pdf},
    urldate       = {2022-05-24},
}

@article{rodriguezgarcia2017,
    title         = {La formación del profesorado en competencia digital: clave para la educación del siglo XXI},
    author        = {Rodríguez-García, Antonio Manuel and Heredia, Nazaret Martínez and Sánchez, Francisco Raso},
    year          = {2017},
    journal       = {Revista Internacional de Didáctica y Organización Educativa},
    volume        = {3},
    number        = {2},
    url           = {http://www.re-doe.com/index.php?journal=reidoe&page=article&op=view&path%5B%5D=88},
    urldate       = {2022-05-25},
}

@article{spiteri2017,
    title         = {Maltese primary teachers' digital competence: implications for continuing professional development},
    author        = {Spiteri, Marthese and Chang Rundgren, Shu-Nu},
    year          = {2017},
    journal       = {European Journal of Teacher Education},
    volume        = {40},
    number        = {4},
    pages         = {521--534},
    doi           = {10.1080/02619768.2017.1342242},
    url           = {https://www.tandfonline.com/doi/full/10.1080/02619768.2017.1342242},
    urldate       = {2021-04-27},
}

@misc{europeancommission2018,
    title         = {Proposal for a council recommendation on key competences for lifelong learning},
    author        = {European Commission},
    year          = {2018},
    url           = {https://ec.europa.eu/education/sites/education/files/annex-recommendation-key-competences-lifelong-learning.pdf},
    urldate       = {2022-05-24},
    howpublished  = {Education and Training: Key Competences},
}

@article{fraile2018,
    title         = {Development of digital competence in secondary education teachers' training},
    author        = {Fraile, María Napal and Peñalva-Vélez, Alicia and Lacambra, Ana María Mendióroz},
    year          = {2018},
    journal       = {Education Sciences},
    volume        = {8},
    number        = {3},
    pages         = {104},
    doi           = {10.3390/educsci8030104},
    url           = {https://www.mdpi.com/2227-7102/8/3/104},
    urldate       = {2020-09-03},
}

@article{llorente2018,
    title         = {Desarrollo de la competencia digital en la formación inicial del profesorado de Educación Infantil},
    author        = {Llorente, Aristizabal Pilar and Iglesias, Esther Cruz},
    year          = {2018},
    journal       = {Pixel-Bit},
    number        = {52},
    pages         = {97--110},
    doi           = {10.12795/pixelbit.2018.i52.07},
    url           = {https://recyt.fecyt.es/index.php/pixel/article/view/62525},
    urldate       = {2022-05-30},
}

@book{lucas2018,
    title         = {DigCompEdu: quadro europeu de competência digital para educadores},
    author        = {Lucas, Margarida and Moreira, António},
    year          = {2018},
    publisher     = {Ua},
    address       = {Aveiro},
    url           = {https://ria.ua.pt/handle/10773/24983},
    urldate       = {2020-07-13},
}

@article{pettersson2018,
    title         = {On the issues of digital competence in educational contexts: a review of literature},
    author        = {Pettersson, Fanny},
    year          = {2018},
    journal       = {Education and Information Technologies},
    volume        = {23},
    number        = {3},
    pages         = {1005--1021},
    doi           = {10.1007/s10639-017-9649-3},
    url           = {https://link.springer.com/article/10.1007/s10639-017-9649-3},
    urldate       = {2019-03-11},
}

@article{rodriguez2018,
    title         = {Alfabetización informacional y competencia digital en estudiantes de magisterio},
    author        = {Rodríguez, María Dolores Moreno and Méndez, Vicente Gabarda and Martín, Ana María Rodríguez},
    year          = {2018},
    journal       = {Profesorado, Revista de Currículum y Formación del Profesorado},
    volume        = {22},
    number        = {3},
    pages         = {253--270},
    url           = {https://recyt.fecyt.es/index.php/profesorado/article/view/70006},
    urldate       = {2022-05-25},
}

@article{caena2019,
    title         = {Aligning teacher competence frameworks to 21st century challenges: The case for the European Digital Competence Framework for Educators (DigCompEdu)},
    author        = {Caena, Francesca and Redecker, Christine},
    year          = {2019},
    journal       = {European Journal of Education},
    volume        = {54},
    number        = {3},
    pages         = {356--369},
    doi           = {10.1111/ejed.12345},
    url           = {https://publications.jrc.ec.europa.eu/repository/handle/JRC117352},
    urldate       = {2020-05-11},
}

@article{engen2019,
    title         = {Comprendiendo los aspectos culturales y sociales de las competencias digitales docentes},
    author        = {Engen, Bard Ketil},
    year          = {2019},
    journal       = {Comunicar},
    volume        = {61},
    number        = {61},
    pages         = {33--43},
    doi           = {10.3916/c61-2019-03},
    url           = {https://www.scipedia.com/public/Engen_2019a},
    urldate       = {2022-05-24},
}

@article{escudero2019,
    title         = {Análisis de la autopercepción sobre el nivel de competencia digital docente en la formación inicial de maestros/as},
    author        = {Escudero, Virginia Girón and Gutiérrez, Ramón Cózar and Somoza, José Antonio González-Calero},
    year          = {2019},
    journal       = {Revista Electrónica Interuniversitaria de Formación del Profesorado},
    volume        = {22},
    number        = {3},
    pages         = {193--218},
    doi           = {10.6018/reifop.373421},
    url           = {https://revistas.um.es/reifop/article/view/373421},
    urldate       = {2021-03-17},
}

@article{nowak2019,
    title         = {The Development of Digital Competence of Students of Teacher Training Studies - Polish Cases},
    author        = {Nowak, Beata Maria},
    year          = {2019},
    journal       = {International Journal of Higher Education},
    volume        = {8},
    number        = {6},
    pages         = {262--266},
    doi           = {10.5430/ijhe.v8n6p262},
    url           = {https://eric.ed.gov/?id=EJ1234477},
    urldate       = {2021-10-25},
}

@article{rodriguezgarcia2019,
    title         = {Competencia digital, educación superior y formación del profesorado: un estudio de metaanálisis en la Web of Science},
    author        = {Rodríguez-García, Antonio Manuel and Sánchez, Francisco Raso and Ruiz-Palmero, Julio},
    year          = {2019},
    journal       = {Pixel-Bit: Revista de Medios y Educación},
    number        = {54},
    pages         = {65--81},
    doi           = {10.12795/pixelbit.2019.i54.04},
    url           = {https://doi.org/10.12795/pixelbit.2019.i54.04},
    urldate       = {2022-05-25},
}

@article{silva2019a,
    title         = {Competências digitais na educação: uma discussão acerca do conceito},
    author        = {Silva, Ketia Kellen Araújo da and Behar, Patricia Alejandra},
    year          = {2019},
    journal       = {Educação em Revista},
    volume        = {35},
    doi           = {10.1590/0102-4698209940},
    url           = {https://doi.org/10.1590/0102-4698209940},
    urldate       = {2021-03-12},
}

@article{celaya2020,
    title         = {¿Estamos técnicamente preparados para el flipped classroom? Un análisis de las competencias digitales de los profesores en España},
    author        = {Celaya, Luis Alberto Andía and Campión, Raúl Santiago and Eguizabal, José Manuel Sota},
    year          = {2020},
    journal       = {Contextos Educativos},
    number        = {25},
    doi           = {10.18172/con.4218},
    url           = {http://dx.doi.org/10.18172/con.4218},
    urldate       = {2022-05-24},
}

@article{falloon2020,
    title         = {From digital literacy to digital competence: the teacher digital competency (TDC) framework},
    author        = {Falloon, Garry},
    year          = {2020},
    journal       = {Educational Technology Research and Development},
    volume        = {68},
    pages         = {2449--2472},
    doi           = {10.1007/s11423-020-09767-4},
    url           = {https://doi.org/10.1007/s11423-020-09767-4},
    urldate       = {2022-05-24},
}

@article{guillengamez2020a,
    title         = {Comparative research in the digital competence of the pre-service education teacher: face-to-face vs blended education and gender},
    author        = {Guillén-Gámez, Francisco D. and Mayorga-Fernández, María José and del Moral, María Teresa},
    year          = {2020},
    journal       = {Journal of e-Learning and Knowledge Society},
    volume        = {16},
    number        = {3},
    pages         = {1--9},
    doi           = {10.20368/1971-8829/1135214},
    url           = {https://doi.org/10.20368/1971-8829/1135214},
    urldate       = {2022-05-24},
}

@article{guillengamez2020b,
    title         = {Um estudo sobre o uso real da competência digital na prática da licenciatura em Educação},
    author        = {Guillén-Gámez, Francisco D. and Mayorga-Fernández, María José and Álvarez-García, Francisco J.},
    year          = {2020},
    journal       = {Technology, Knowledge and Learning},
    volume        = {25},
    pages         = {667--684},
    doi           = {10.1007/s10758-018-9390-z},
    url           = {https://doi.org/10.1007/s10758-018-9390-z},
    urldate       = {2022-05-24},
}

@article{loureiro2020,
    title         = {Competência digital docente: linhas de orientação dos referenciais},
    author        = {Loureiro, Ana Claudia and Meirinhos, Manuel and Osório, Antônio José},
    year          = {2020},
    journal       = {Texto Livre: Linguagem e Tecnologia},
    volume        = {13},
    number        = {2},
    pages         = {163--181},
    doi           = {10.35699/1983-3652.2020.24401},
    url           = {https://doi.org/10.35699/1983-3652.2020.24401},
    urldate       = {2022-05-31},
}

@article{mcgarr2020,
    title         = {Exploring the digital competence of pre-service teachers on entry onto an initial teacher education programme in Ireland},
    author        = {McGarr, Oliver and McDonagh, Adrian},
    year          = {2020},
    journal       = {Irish Educational Studies},
    pages         = {1--14},
    doi           = {10.1080/03323315.2020.1800501},
    url           = {https://doi.org/10.1080/03323315.2020.1800501},
    urldate       = {2022-05-24},
}

@article{olofsson2020,
    title         = {Um estudo sobre o uso da tecnologia digital e suas condições para entender o que pode significar 'competência digital adequada' em uma iniciativa de política nacional},
    author        = {Olofsson, Anders D. and Fransson, Göran and Lindberg, Ola},
    year          = {2020},
    journal       = {Educational Studies},
    volume        = {46},
    number        = {6},
    pages         = {727--743},
    doi           = {10.1080/03055698.2019.1651694},
    url           = {https://www.tandfonline.com/doi/full/10.1080/03055698.2019.1651694},
    urldate       = {2022-05-24},
}

@article{garcia2021,
    title         = {Análise da competência digital de educadores (DigCompEdu) em professores estagiários: o contexto de Melilla, Espanha},
    author        = {García, José Manuel García-Vandewalle and García-Carmona, Marina and Torres, Juan Manuel Trujillo and Fernández, Pablo Moya},
    year          = {2021},
    journal       = {Technology, Knowledge and Learning},
    doi           = {10.1007/s10758-021-09546-x},
    url           = {https://doi.org/10.1007/s10758-021-09546-x},
    urldate       = {2022-05-24},
}

@article{holguinalvarez2021,
    title         = {Competencias Digitales y Resiliencia: Una revisión teórica enfocada en el Profesorado},
    author        = {Holguin-Alvarez, Jhon and Rodríguez Rojas, Milagritos and Romero-Hermoza, Rosa M. and Ledesma-Pérez, Fernando and Cruz-Montero, Juana},
    year          = {2021},
    journal       = {Apuntes Universitarios},
    volume        = {11},
    number        = {4},
    pages         = {269--295},
    doi           = {10.17162/au.v11i4.773},
    url           = {https://apuntesuniversitarios.upeu.edu.pe/index.php/revapuntes/article/view/773},
    urldate       = {2022-05-24},
}

@misc{mineduc2021,
    title         = {Centro de Educación y Tecnología del Ministerio de Educación},
    author        = {MINEDUC, Ministerio de Educación de Chile},
    year          = {2021},
    url           = {https://www.innovacion.mineduc.cl/inicio},
    urldate       = {2022-05-24},
}

@article{novella2021,
    title         = {The ethical dimension of digital competence in teacher training},
    author        = {Novella-García, Carlos and Cloquell-Lozano, Alexis},
    year          = {2021},
    journal       = {Education and Information Technologies},
    volume        = {26},
    number        = {3},
    pages         = {3529--3541},
    doi           = {10.1007/s10639-021-10436-z},
    url           = {https://doi.org/10.1007/s10639-021-10436-z},
    urldate       = {2022-05-24},
}

@phdthesis{silva2022,
    title         = {Competências digitais docentes e storytelling: implicações para a formação continuada},
    author        = {Silva, Monalisa Pivetta da},
    year          = {2022},
    address       = {Florianópolis},
    pages         = {283},
    url           = {http://sistemabu.udesc.br/pergamumweb/vinculos/0000ab/0000ab2a.pdf},
    urldate       = {2023-08-25},
    school        = {Universidade do Estado de Santa Catarina, Centro de Ciências Humanas e da Educação},
    type          = {PhD thesis},
}

@misc{brasil2023,
    title         = {Lei nº 14.533, de 11 de janeiro de 2023. Institui a Política Nacional de Educação Digital e altera as Leis nºs 9.394, de 20 de dezembro de 1996 (Lei de Diretrizes e Bases da Educação Nacional), 9.448, de 14 de março de 1997, 10.260, de 12 de julho de 2001, e 10.753, de 30 de outubro de 2003},
    author        = {Brasil},
    year          = {2023},
    url           = {https://www.planalto.gov.br/ccivil_03/_ato2023-2026/2023/lei/l14533.htm},
    urldate       = {2025-01-22},
    howpublished  = {Diário Oficial da União, Brasília, DF, 11 jan. 2023},
}

@misc{brasil2024,
    title         = {Lei nº 14.945, de 31 de julho de 2024. Altera a Lei nº 9.394, de 20 de dezembro de 1996 (Lei de Diretrizes e Bases da Educação Nacional), para definir diretrizes para o ensino médio, e modifica outras legislações},
    author        = {Brasil},
    year          = {2024},
    url           = {https://www.planalto.gov.br/ccivil_03/_ato2023-2026/2024/lei/L14945.htm},
    urldate       = {2025-01-29},
    howpublished  = {Diário Oficial da União, Brasília, DF, 31 jul. 2024},
}

@misc{brasil2025,
    title         = {Programa Nacional do Livro e do Material Didático (PNLD)},
    author        = {Brasil, Ministério da Educação, Fundo Nacional de Desenvolvimento da Educação},
    year          = {2025},
    url           = {https://portal.mec.gov.br/component/content/article?id=12391:pnld},
    urldate       = {2025-01-30},
}


@misc{unesco2009,
  author = {UNESCO},
  title = {Padrões de competência em TIC para professores: diretrizes de implementação},
  year = {2009},
  publisher = {UNESCO},
  url = {http://unesdoc.unesco.org/images/0015/001562/156209por.pdf},
}

@misc{mineduc2008,
  author = {Ministerio de Educación de Chile},
  title = {Centro de Innovación},
  year = {2008},
  howpublished = {Ministerio de Educación de Chile},
  url = {https://www.innovacion.mineduc.cl/inicio},
}

@techreport{brande2016,
  author = {Brande, Lieve Van den and Carretero, Stephanie and Vuorikari, Riina and Punie, Yves},
  title = {DigComp 2.0: o quadro de competências digitais para os cidadãos},
  institution = {Comissão Europeia, Centro Comum de Investigação},
  year = {2016},
  doi = {10.2791/607218},
  url = {https://data.europa.eu/doi/10.2791/607218},
}

@techreport{redecker2017,
  author = {Redecker, Christine and Punie, Yves},
  title = {European Framework for the Digital Competence of Educators: DigCompEdu},
  institution = {Publications Office of the European Union},
  year = {2017},
  address = {Luxembourg},
  url = {https://publications.jrc.ec.europa.eu/repository/handle/JRC107466},
}
