
@article{aguilar_plasticidad_2003,
	title = {Plasticidad cerebral. {Parte} 1},
	volume = {41},
	number = {1},
	journal = {Rev med IMSS},
	author = {Aguilar, F.},
	year = {2003},
	pages = {55--64},
}

@article{aria_bibliometrix_2017,
	title = {bibliometrix : {An} {R}-tool for comprehensive science mapping analysis},
	volume = {11},
	issn = {17511577},
	shorttitle = {bibliometrix},
	url = {https://linkinghub.elsevier.com/retrieve/pii/S1751157717300500},
	doi = {10.1016/j.joi.2017.08.007},
	language = {en},
	number = {4},
	urldate = {2022-09-13},
	journal = {Journal of Informetrics},
	author = {Aria, M. and Cuccurullo, C.},
	month = nov,
	year = {2017},
	pages = {959--975},
}

@article{barrios_tao_neurociencias_2016,
	title = {Neurociencias, educación y entorno sociocultural},
	volume = {19},
	issn = {01231294, 20275358},
	url = {http://educacionyeducadores.unisabana.edu.co/index.php/eye/article/view/5839/4390},
	doi = {10.5294/edu.2016.19.3.5},
	number = {3},
	urldate = {2022-09-13},
	journal = {Educación y Educadores},
	author = {Barrios Tao, H.},
	month = nov,
	year = {2016},
	pages = {395--415},
}

@article{benavidez__importancia_2019,
	title = {La importancia de las emociones para la neurodidáctica},
	volume = {14},
	issn = {1659-2107},
	url = {https://revistas.ucr.ac.cr/index.php/wimblu/article/view/35935},
	doi = {10.15517/wl.v14i1.35935},
	abstract = {Este artículo pretende exponer la importancia de las emociones para la neurodidáctica en la medida que éstas inciden en el proceso de aprendizaje. El objetivo de la neurodidáctica es potenciar el desarrollo de nuevas estrategias basadas en las teorías de las neurociencias, que dan cuenta del manejo de las emociones y su relación con el aprendizaje, mismo que se puede conceptualizar como la creación de memorias impulsadas por estímulos que lo potencian o inhiben. El aprendizaje tiene relación directa no solo con la memoria, sino fundamentalmente con los estímulos emocionales, de los que depende qué y con qué profundidad se aprende. El aprendizaje inicia en el hipocampo y amígdala, que colaboran en la evaluación de los estímulos emocionales. Las estrategias didácticas que se utilizan en el aula tienen la capacidad de favorecer el aprendizaje de los estudiantes o de impedirlo, en función de la gestión de las emociones que el maestro realice. El artículo se construyó sobre la base de la revisión de literatura relacionada con el funcionamiento del cerebro emocional, y la forma en que las emociones influyen en el aprendizaje humano.

Palabras clave: Neurociencias; neuroeducación; neurodidáctica; emociones},
	number = {1},
	urldate = {2022-09-13},
	journal = {Wimb Lu},
	author = {Benavidez , V. and Flores , R.},
	month = jan,
	year = {2019},
	pages = {25--53},
}

@phdthesis{cadena_narvaez_incidencia_2016,
	type = {Tesis de {Licenciatura}},
	title = {La incidencia de las dinámicas recreativas en el desarrollo de la inteligencia intrapersonal de los niños y niñas de 5 a 6 años de la {Unidad} {Educativa} {María} {Angélica} {Idrobo} de la ciudad de {Ibarra}, en el año lectivo 2015-2016},
	author = {Cadena Narváez, Á. G.},
	year = {2016},
}

@article{campos_neuroeducacion:_2010,
	title = {Neuroeducación: uniendo las neurociencias y la educación en la búsqueda del desarrollo humano},
	url = {https://repositorio.upn.edu.pe/handle/11537/25280},
	journal = {La educación Revista Digital},
	author = {Campos, A. L.},
	year = {2010},
}

@book{cavada_como_2012,
	title = {Cómo enseñar neurociencia a profanos},
	publisher = {Ministerio de Educación},
	author = {Cavada, C.},
	year = {2012},
}

@incollection{codina_felip_neuroeducacion_2015,
	title = {Neuroeducación en virtudes cordiales: cómo reconciliar lo que decimos con lo que hacemos},
	booktitle = {Neuroeducación en virtudes cordiales},
	author = {Codina Felip, M. J.},
	year = {2015},
	pages = {1--169},
}

@article{cuenca_motivacion_2011,
	title = {Motivación hacía el aprendizaje en las personas mayores más allá de los resultados y el rendimiento académico},
	journal = {Revista de Psicología y Educación},
	author = {Cuenca, Mª E.},
	year = {2011},
}

@article{_cusme_estrategias_2021,
	title = {Estrategias neurodidácticas y su aplicabilidad en los procesos de enseñanza-aprendizaje en los estudiantes de la básica media de la escuela “Ángel {Arteaga} {Cañarte}” de la ciudad de {Santa} {Ana}.},
	copyright = {info:eu-repo/semantics/openAccess},
	url = {http://repositorio.sangregorio.edu.ec:8080/handle/123456789/1903},
	language = {spa},
	urldate = {2022-09-13},
	author = { Cusme, C. and Lucetty, Z.},
	month = mar,
	year = {2021},
}

@article{davila_bibliometri:_2009,
	title = {Bibliometría: conceptos y utilidades para el estudio médico y la formación profesional},
	volume = {25},
	number = {2},
	journal = { Revista Salud Uninorte  },
	author = {Dávila, M. R.  and Sáenz, R. G. and Arroyo, H. M. and Henrera, D. P. and Barranco, D. R. and Uribe-Cabellero, C. V.},
	year = {2009},
	pages = {319--330},
}

@article{escera_aproximacion_2004,
	title = {Aproximación histórica y conceptual a la {Neurociencia} {Cognitiva} {Historical} and conceptual approach to {Cognitive} {Neuroscience}},
	volume = {16},
	issn = {02143550, 15793702},
	url = {http://openurl.ingenta.com/content/xref?genre=article&issn=0214-3550&volume=16&issue=2&spage=141},
	doi = {10.1174/0214355042248929},
	language = {en},
	number = {2},
	urldate = {2022-09-13},
	journal = {Cognitiva},
	author = {Escera, C.},
	month = sep,
	year = {2004},
	pages = {141--161},
}

@article{eyzaguirre_estrategia_2020,
	title = {Estrategia {Neurodidáctica} para la formación de investigadores sociales},
	volume = {3},
	issn = {26631148, 26631148},
	url = {https://www.inicc-peru.edu.pe/revista/index.php/delectus/article/view/82},
	doi = {10.36996/delectus.v3i3.82},
	number = {3},
	journal = {Delectus},
	author = {Eyzaguirre, D. O.},
	month = dec,
	year = {2020},
	pages = {14--27},
}

@article{fernandez_palacio_neurodidactica_2017,
	title = {Neurodidáctica e inclusión educativa},
	volume = {80},
	number = { 1},
	journal = {Publicaciones didácticas},
	author = {Fernández Palacio, A.},
	year = {2017},
	pages = { 262--266.},
}

@article{jimenez_climent_inteligencias_2017,
	title = {Las inteligencias personales en la enseñanza-aprendizaje de español como lengua extranjera},
	copyright = {Attribution-NonCommercial-NoDerivatives 4.0 Internacional},
	issn = {2530-7606},
	url = {https://ebuah.uah.es/dspace/handle/10017/34526},
	language = {spa},
	author = {Jiménez Climent, C.},
	year = {2017},
}

@article{lotka_frequency_1926,
	title = {The frequency distribution of scientific productivity},
	volume = {16},
	number = {12},
	journal = {Journal of the Washington Academy of Sciences},
	author = {Lotka, A. J.},
	year = {1926},
	pages = {317--323},
}

@phdthesis{machicado_mamani_neurodidactica_2015,
	type = {Thesis},
	title = {Neurodidactica como estrategia para mejorar el aprendizaje de los estudiantes de las sedes académicas de la {Carrera} de {Ciencias} de la {Educación} de la {U}.{P}.{E}.{A}. (caso: sede académicas {Batallas} y {Viacha})},
	shorttitle = {Neurodidactica como estrategia para mejorar el aprendizaje de los estudiantes de las sedes académicas de la {Carrera} de {Ciencias} de la {Educación} de la {U}.{P}.{E}.{A}. (caso},
	url = {http://repositorio.umsa.bo/xmlui/handle/123456789/14138},
	language = {es},
	author = {Machicado Mamani, M. E. and Quiroz Calle, J. M.},
	year = {2015},
}

@book{martinez_de_morentin_de_goni_animador_2015,
	title = {El {Animador} {UNESCO} educando con la {UNESCO} en la tolerancia a niños de 6 a 12 años ({II})},
	url = {https://unesdoc.unesco.org/ark:/48223/pf0000149413},
	author = {Martínez de Morentin de Goñi, J. I. and Ferreras Orbegozo, J. M.},
	year = {2015},
}

@article{martinez_lopez_salud_2003,
	title = {La salud como motivación para la práctica de actividad física en personas adultas},
	volume = {16},
	number = {1},
	journal = {Latreia},
	author = {Martínez López, E.},
	year = {2003},
	pages = {32--43},
}

@book{mora_dios_2014,
	address = {Madrid},
	title = {El dios de cada uno: por qué la neurociencia niega la existencia de un dios universal},
	isbn = {9788420683218},
	publisher = {Alianza Editorial},
	author = {Mora, F.},
	year = {2014},
	keywords = {Neurosciences, Religious aspects, God, Religion and science},
}

@article{morgado-bernal_frequency_2011,
	title = {The frequency distribution of scientific productivity},
	volume = {176},
	journal = {Journal of the Washington Academy of Sciences},
	author = {Morgado-Bernal, I.},
	year = {2011},
	pages = {12--19.},
}

@article{muchiut_neurodidactica_2018,
	title = {Neurodidáctica y autorregulación del aprendizaje, un camino de la teoría a la práctica},
	volume = {78},
	issn = {1681-5653, 1022-6508},
	url = {https://rieoei.org/RIE/article/view/3193},
	doi = {10.35362/rie7813193},
	abstract = {La autorregulación del aprendizaje apunta a generar un proceso autónomo en los alumnos; en base a este enfoque, consideramos que la tarea educativa debe dirigirse a la formación de competencias que permiten el aprender a aprender, logrando así un aprendizaje constante y continuo durante toda la vida en las diferentes situaciones y ámbitos en los que deba desenvolverse y, fundamentalmente, habilitar espacios en los que el estudiante genere nuevas formas de pensamiento y comportamiento. Por todo esto, comenzamos a investigar y buscar alternativas y estrategias variadas para poder modificar la forma en la que cada docente acerca los saberes a los alumnos, incidiendo en la metodología y estrategias de enseñanza, buscando que los alumnos se involucren en su propio aprendizaje, se responsabilicen por el mismo y sean conscientes de las modificaciones que se produce en ellos. Para abordar esta situación, desde la neurodidáctica creamos proyectos en distintos espacios curriculares, donde los profesores propiciaron que el aprendizaje esté centrado en el estudiante, considerándolo como eje del proceso, reconociendo, aceptando y respetando que es él quien realiza una construcción activa del conocimiento con la guía del profesor y sus compañeros. A lo largo de este escrito presentamos la articulación desde la teoría a la práctica a través de  los diferentes espacios curriculares.},
	number = {1},
	urldate = {2022-09-13},
	journal = {Revista Iberoamericana de Educación},
	author = {Muchiut, Á. F. and Zapata, R. B. and Comba, A. and Mari, M. and Torres, N. and Pellizardi, J. and Segovia, A. P.},
	month = nov,
	year = {2018},
	pages = {205--219},
}

@book{_nieto_bases_2014,
	address = {Madrid},
	edition = {Segunda edición},
	title = {Bases del aprendizaje y educación},
	isbn = {9788415550570},
	language = {spa},
	publisher = {Sanz y Torres},
	author = { Nieto, D. A.},
	year = {2014},
}

@article{ortiz_aportes_2018,
	title = {Aportes de las {Neurociencias} a la {Educación}},
	volume = {5},
	issn = {2007-7629},
	url = {https://repository.uaeh.edu.mx/revistas/index.php/tepexi/article/view/3310},
	doi = {10.29057/estr.v5i10.3310},
	abstract = {Las neurociencias surgen cuando diferentes disciplinas aportan sus conocimientos acerca del cerebro para de esa forma descifrar el cómo está estructurado, como funciona y como se generan los productos cognitivos, pero lo más importante en referencia a nuestro interés es el proceso de enseñanza - aprendizaje en donde se destacan procesos condicionales de estímulo –respuesta, principio en el que la neurodidáctica descansa su mayor aportación al establecer como de suma importancia los estados emocionales de los alumnos, por lo que determina características especiales para la persona que pasa el mayor tiempo en contacto que su actuar como son los docentes para quienes establece un tipo especial de liderazgo, así mismo recomienda actividades para mejorar el aprendizaje y la memoria.},
	number = {10},
	urldate = {2022-09-13},
	journal = {TEPEXI Boletín Científico de la Escuela Superior Tepeji del Río},
	author = {Ortiz, M. P. G. and Domínguez, E. V.},
	month = jul,
	year = {2018},
}

@article{ramos_meza_alisis_2021,
	title = {Análisis cienciométrico de las producciones científicas odontológicas peruanas indexadas en {Scopus} periodo 1979-2021},
	copyright = {info:eu-repo/semantics/openAccess},
	url = {http://repositorio.uandina.edu.pe/handle/20.500.12557/4388},
	language = {spa},
	urldate = {2022-09-13},
	author = {Ramos Meza, C. S.},
	year = {2021},
	pages = {516--521},
}

@article{rebolledo_plasticidad_2003,
	title = {Plasticidad cerebral. parte 1.},
	volume = {41},
	number = {1},
	journal = {Revista Médica del Instituto Mexicano del Seguro Social},
	author = {Rebolledo, F. A.},
	year = {2003},
	pages = { 55--64},
}

@article{salas_silva_educacion_2003,
	title = {¿{LA} {EDUCACION} {NECESITA} {REALMENTE} {DE} {LA} {NEUROCIENCIA}?},
	issn = {0718-0705},
	url = {http://www.scielo.cl/scielo.php?script=sci_arttext&pid=S0718-07052003000100011&lng=en&nrm=iso&tlng=en},
	doi = {10.4067/S0718-07052003000100011},
	language = {en},
	number = {29},
	urldate = {2022-09-13},
	journal = {Estudios pedagógicos (Valdivia)},
	author = {Salas Silva, Raúl},
	year = {2003},
}

@article{unzueta_educacion_2011,
	title = {Educación técnica, tecnológica y productiva para adultos desde una perspectiva neurodidáctica, crítica, reflexiva y propositiva},
	volume = {4},
	number = {1},
	journal = {Revista Integra Educativa},
	author = {Unzueta, S.},
	year = {2011},
	pages = { 85--115.},
}

@article{van_eck_software_2010,
	title = {Software survey: {VOSviewer}, a computer program for bibliometric mapping},
	volume = {84},
	issn = {0138-9130, 1588-2861},
	shorttitle = {Software survey},
	url = {http://link.springer.com/10.1007/s11192-009-0146-3},
	doi = {10.1007/s11192-009-0146-3},
	language = {en},
	number = {2},
	urldate = {2022-09-13},
	journal = {Scientometrics},
	author = {Van Eck, N. J. and Waltman, L.},
	month = aug,
	year = {2010},
	pages = {523--538},
}

@article{vergel-ortega_factores_2016,
	title = {Factores asociados al rendimiento académico en adultos - {Factors} associated with academic achievement in adults},
	volume = {2},
	issn = {2344-8350, 0124-2253},
	url = {http://revistas.udistrital.edu.co/ojs/index.php/revcie/article/view/10747},
	doi = {10.14483//udistrital.jour.RC.2016.25.a4},
	abstract = {El artículo tiene como objetivo identificar los factores asociados al rendimiento académico en estudiantes adultos, en módulos de matemáticas y estadística. Se realizó un estudio cuantitativo correlacional en una muestra de 80 estudiantes con edades superiores a 30 años.  Un grupo de factores de aspectos institucionales, socio-demográficos, psicosociales y pedagógicos se emplearon como variables independientes. Resultados indican que el estilo de aprendizaje asociado a tipo de inteligencia, conciencia de déficit asociada a capacidad de abstracción y motivación de la familia predicen niveles mas altos de rendimiento constituyéndose en variables explicativas. Conclusión: tipo y estilo de aprendizaje, tipo de inteligencia, motivación, conciencia de déficit son factores asociados al rendimiento en adultos.},
	number = {25},
	urldate = {2022-09-13},
	journal = {Revista Científica},
	author = {Vergel-Ortega, M. and Martínez-Lozano, J. J. and Zafra-Tristancho, S. L.},
	month = aug,
	year = {2016},
	pages = {206},
}

@book{alarcon_neurodidactica_2020,
	series = {2nd},
	title = {Neurodidáctica en el aula creativa},
	publisher = {CIVAE 2020},
	author = {Alarcon, M.D.P.C.},
	year = {2020},
}

@article{anaya_exito_2014,
	title = {Éxito escolar-Éxito social y los excluidos del éxito},
	volume = { 7},
	number = { 2},
	journal = { Revista de Educación inclusiva},
	author = {Anaya, J. R.},
	year = {2014},
	pages = {36--52},
}

@article{price_autoradiographic_1973,
	title = {An autoradiographic study of complementary laminar patterns of termination of afferent fibers to the olfactory cortex},
	volume = {150},
	issn = {0021-9967, 1096-9861},
	url = {https://onlinelibrary.wiley.com/doi/10.1002/cne.901500105},
	doi = {10.1002/cne.901500105},
	language = {en},
	number = {1},
	urldate = {2022-09-19},
	journal = {The Journal of Comparative Neurology},
	author = {Price, Joseph L.},
	month = jul,
	year = {1973},
	pages = {87--108},
}

@book{unesco_educacion_2005,
	address = {Paris},
	title = {Educación para todos en el mundo: el imperativo de la calidad},
	isbn = {9789233039766},
	shorttitle = {Educación para todos},
	language = {spa},
	publisher = {Unesco},
	author = {UNESCO},
	year = {2005},
}

