
@book{alarcon_neurodidactica_2020,
	series = {2nd},
	title = {Neurodidáctica en el aula creativa},
	publisher = {CIVAE 2020},
	author = {Alarcon, M.D.P.C.},
	year = {2020},
}

@article{anaya_exito_2014,
	title = {Éxito escolar-Éxito social y los excluidos del éxito},
	volume = { 7},
	number = { 2},
	journal = { Revista de Educación inclusiva},
	author = {Anaya, J. R.},
	year = {2014},
	pages = {36--52},
}

@article{price_autoradiographic_1973,
	title = {An autoradiographic study of complementary laminar patterns of termination of afferent fibers to the olfactory cortex},
	volume = {150},
	issn = {0021-9967, 1096-9861},
	url = {https://onlinelibrary.wiley.com/doi/10.1002/cne.901500105},
	doi = {10.1002/cne.901500105},
	language = {en},
	number = {1},
	urldate = {2022-09-19},
	journal = {The Journal of Comparative Neurology},
	author = {Price, Joseph L.},
	month = jul,
	year = {1973},
	pages = {87--108},
}

@book{unesco_educacion_2005,
	address = {Paris},
	title = {Educación para todos en el mundo: el imperativo de la calidad},
	isbn = {9789233039766},
	shorttitle = {Educación para todos},
	language = {spa},
	publisher = {Unesco},
	author = {UNESCO},
	year = {2005},
	note = {OCLC: 64574454},
}
