@article{aboal_knowledge_2018,
	title = {Knowledge networks for innovation in the forestry sector: {Multinational} companies in {Uruguay}},
	volume = {97},
	url = {https://linkinghub.elsevier.com/retrieve/pii/S1389934118300728},
	doi = {10.1016/j.forpol.2018.08.013},
	urldate = {2021-06-08},
	journal = {Forest Policy and Economics},
	author = {Aboal, Diego and Rovira, Flavia and Veneri, Federico},
	month = dec,
	year = {2018},
	pages = {9--20},
}

@article{awang_teachers_2018,
	title = {Teachers’ intention to continue using virtual learning environment ({VLE}): {Malaysian} context},
	volume = {8},
	url = {http://www.jotse.org/index.php/jotse/article/view/463},
	doi = {10.3926/jotse.463},
	number = {4},
	urldate = {2021-06-08},
	journal = {Journal of Technology and Science Education},
	author = {Awang, Hapini and Aji, Zahurin Mat and Mohd Yakoob, Mohd Faiz and Osman, Wan Rozaini Sheik and Mukminin, Amirul and Habibi, Akhmad},
	month = sep,
	year = {2018},
	pages = {439},
}

@inproceedings{blue_novel_2017,
	address = {Killarney, Co Kerry, Ireland},
	title = {A novel approach for secure identity authentication in legacy database systems},
	url = {http://ieeexplore.ieee.org/document/7983624/},
	doi = {10.1109/ISSC.2017.7983624},
	urldate = {2021-06-08},
	booktitle = {2017 28th {Irish} {Signals} and {Systems} {Conference} ({ISSC})},
	publisher = {IEEE},
	author = {Blue, Juanita and Furey, Eoghan and Condell, Joan},
	month = jun,
	year = {2017},
	pages = {1--6},
}

@article{canchola-gonzalez_concepto_2020,
	title = {El concepto de fluidez digital: una revisión sistemática de literatura 2010-2020},
	volume = {13},
	url = {https://periodicos.ufmg.br/index.php/textolivre/article/view/25087},
	doi = {10.35699/1983-3652.2020.25087},
	number = {3},
	urldate = {2021-06-08},
	journal = {Texto Livre: Linguagem e Tecnologia},
	author = {Canchola-González, José Antonio and Glasserman Morales, Leonardo David},
	month = nov,
	year = {2020},
	pages = {25--46},
}

@article{cano_vela_ensenar_2017,
	title = {Enseñar a aprender gramática: la gradación de los adjetivos desde un enfoque comunicativo},
	url = {https://polipapers.upv.es/index.php/lyt/article/view/7168},
	doi = {10.4995/lyt.2017.7168},
	number = {45},
	urldate = {2021-06-08},
	journal = {Lenguaje y Textos},
	author = {Cano Vela, Ángel Gregorio},
	month = jun,
	year = {2017},
	pages = {43},
}

@article{carrera_innovative_2018,
	title = {Innovative {Education} in {MOOC} for {Sustainability}: {Learnings} and {Motivations}},
	volume = {10},
	url = {http://www.mdpi.com/2071-1050/10/9/2990},
	doi = {10.3390/su10092990},
	number = {9},
	urldate = {2021-06-08},
	journal = {Sustainability},
	author = {Carrera, Jeimmy and Ramírez-Hernández, Darinka},
	month = aug,
	year = {2018},
	pages = {2990},
}

@article{castillo-martinez_research_2021,
	title = {Research {Competencies} to {Develop} {Academic} {Reading} and {Writing}: {A} {Systematic} {Literature} {Review}},
	volume = {5},
	url = {https://www.frontiersin.org/articles/10.3389/feduc.2020.576961/full},
	doi = {10.3389/feduc.2020.576961},
	urldate = {2021-06-08},
	journal = {Frontiers in Education},
	author = {Castillo-Martínez, Isolda Margarita and Ramírez-Montoya, María Soledad},
	month = jan,
	year = {2021},
	pages = {576961},
}

@article{chen_improving_2018,
	title = {Improving website structure through reducing information overload},
	volume = {110},
	url = {https://linkinghub.elsevier.com/retrieve/pii/S0167923618300575},
	doi = {10.1016/j.dss.2018.03.009},
	urldate = {2021-06-08},
	journal = {Decision Support Systems},
	author = {Chen, Min},
	month = jun,
	year = {2018},
	pages = {84--94},
}

@inproceedings{chu_smart_2017,
	address = {Sarajevo},
	title = {{SMART} survival metadata analysis responsive tool},
	url = {http://ieeexplore.ieee.org/document/8171608/},
	doi = {10.1109/ICAT.2017.8171608},
	urldate = {2021-06-08},
	booktitle = {2017 {XXVI} {International} {Conference} on {Information}, {Communication} and {Automation} {Technologies} ({ICAT})},
	publisher = {IEEE},
	author = {Chu, Yuan-Chia and Kuo, Wen-Tsung and Cheng, Yuan-Ren and Lin, Fong Ci and Lee, Chung-Yuan and Shiau, Cheng-Ying and Lai, Feipei},
	month = oct,
	year = {2017},
	pages = {1--6},
}

@misc{consejo_nacional_de_ciencia_y_tecnologia_conacyt_programa2020a,
	title = {Programa {Nacional} de {Posgrados} de {Calidad}},
	url = {https://www.conacyt.gob.mx/Programa-Nacional-de-Posgrados-de-Calidad.html},
	urldate = {2021-06-08},
	year = {2020},
	author = {{Consejo Nacional de Ciencia y Tecnologia (CONACYT)}},
}

@misc{consejo_nacional_de_ciencia_y_tecnologia_conacyt_desarrollo_2020b,
	title = {Desarrollo {Tecnológico} e {Innovación}},
	url = {https://www.conacyt.gob.mx/Desarrollo-tecnologico-inovacion.html},
	urldate = {2021-06-08},
	year = {2020},
	author = {{Consejo Nacional de Ciencia y Tecnologia (CONACYT)}},
}

@article{diaz_quinones_fundamentos_2017,
	title = {Fundamentos teóricos metodológicos para el diseño de ambientes de aprendizaje en la {Educación} {Médica} {Superior} {Cubana}},
	volume = {15},
	issn = {1727-897X},
	url = {http://www.medisur.sld.cu/index.php/medisur/article/view/3817},
	language = {es},
	number = {6},
	urldate = {2021-06-08},
	journal = {Medisur},
	author = {Diaz Quiñones, José Aurelio  and Valdés Gómez, María Lina },
	month = dec,
	year = {2017},
	keywords = {methodology, learning, design, education, medical, metodología, aprendizaje, diseño, educación médica},
	pages = {870--877},
}

@article{dziuban_blended_2018,
	title = {Blended learning: the new normal and emerging technologies},
	volume = {15},
	issn = {2365-9440},
	shorttitle = {Blended learning},
	url = {https://educationaltechnologyjournal.springeropen.com/articles/10.1186/s41239-017-0087-5},
	doi = {10.1186/s41239-017-0087-5},
	language = {en},
	number = {1},
	urldate = {2021-06-08},
	journal = {International Journal of Educational Technology in Higher Education},
	author = {Dziuban, Charles and Graham, Charles R. and Moskal, Patsy D. and Norberg, Anders and Sicilia, Nicole},
	month = dec,
	year = {2018},
	pages = {3},
}

@article{kartal_improving_2018,
	title = {Improving science teachers’ nature of science views through an innovative continuing professional development program},
	volume = {5},
	url = {https://stemeducationjournal.springeropen.com/articles/10.1186/s40594-018-0125-4},
	doi = {10.1186/s40594-018-0125-4},
	number = {1},
	urldate = {2021-06-08},
	journal = {International Journal of STEM Education},
	author = {Kartal, Eda Erdas and Cobern, William W. and Dogan, Nihal and Irez, Serhat and Cakmakci, Gultekin and Yalaki, Yalcin},
	month = dec,
	year = {2018},
	pages = {30},
}

@article{dorsch_issue_2018,
	title = {The {Issue} of {Schooling}….or {How} to {Tame} a {Horse}},
	volume = {52},
	url = {http://link.springer.com/10.1007/s12124-018-9437-7},
	doi = {10.1007/s12124-018-9437-7},
	number = {3},
	urldate = {2021-06-08},
	journal = {Integrative Psychological and Behavioral Science},
	author = {Dorsch, Hans},
	month = sep,
	year = {2018},
	pages = {459--473},
}

@book{carrera_educacion_2018,
	title = {{EDUcación} con {TECnología} ({EDUTEC}) : un compromiso social. {Aproximaciones} desde la investigación y la innovación},
	url = {http://hdl.handle.net/10459.1/64975},
	urldate = {2021-06-08},
	publisher = {Edicions de la Universitat de Lleida},
	address = {Lleida, Espanha},
	editor = {Carrera, Xavier and Martínez Sánchez, Francisco and Coiduras Rodríguez, Jordi L. and Brescó Baiges, Enric and Vaquero Tió, Eduard},
	year = {2018},
	doi = {10.21001/edutec.2018},
}

@article{escobar2008,
author = {Escobar-Pérez, Jazmine and Martínez, A.},
year = {2008},
month = {01},
pages = {27-36},
title = {Validez de contenido y juicio de expertos: Una aproximación a su utilización},
volume = {6},
journal = {Avances en Medición}
}

@article{escudero-nahon_metasintesis_2021,
	title = {Metasíntesis sobre la narrativa educativa durante la pandemia por {COVID}-19},
	url = {http://dialogossobreeducacion.cucsh.udg.mx/index.php/DSE/article/view/849},
	doi = {10.32870/dse.v0i22.849},
	number = {22},
	year = {2021},
	urldate = {2021-06-08},
	journal = {Diálogos sobre educación},
	author = {Escudero-Nahón, Alexandro},
	month = dec,
}

@article{ferres_three_2018,
	title = {Three paradoxes in the approach to educational technology in the education studies of the {Spanish} universities},
	volume = {15},
	url = {https://educationaltechnologyjournal.springeropen.com/articles/10.1186/s41239-018-0097-y},
	doi = {10.1186/s41239-018-0097-y},
	number = {1},
	urldate = {2021-06-08},
	journal = {International Journal of Educational Technology in Higher Education},
	author = {Ferrés, Joan and Masanet, Maria-Jose and Mateus, Julio-César},
	month = dec,
	year = {2018},
	pages = {15},
}

@article{gomez_infants_2017,
	title = {Do infants retain the statistics of a statistical learning experience? {Insights} from a developmental cognitive neuroscience perspective},
	volume = {372},
	url = {https://royalsocietypublishing.org/doi/10.1098/rstb.2016.0054},
	doi = {10.1098/rstb.2016.0054},
	number = {1711},
	urldate = {2021-06-08},
	journal = {Philosophical Transactions of the Royal Society B: Biological Sciences},
	author = {Gómez, Rebecca L.},
	month = jan,
	year = {2017},
	pages = {20160054},
}

@article{gonzalez_concepcion_2017,
	title = {Concepción anti-tecnología en el cine: una propuesta de enseñanza desde la comunicación, {Universidad} {Michoacana}, {México}},
	volume = {2},
	url = {http://atenas.umcc.cu/index.php/atenas/article/view/289},
	language = {es},
	number = {38},
	urldate = {2021-06-08},
	journal = {Atenas},
	author = {González, Iván Ávila},
	month = apr,
	year = {2017},
	pages = {[34--50]},
}

@inproceedings{gudilina_transformation_2017,
	title = {The {Transformation} {Of} {Terms} {Of} {Modern} {Education} {Based} {On} {The} {Continuity} {Principle}},
	url = {http://www.futureacademy.org.uk/files/images/upload/EEIA2017FAF037.pdf},
	doi = {10.15405/epsbs.2017.08.37},
	urldate = {2021-06-08},
	author = {Gudilina, Svetlana I.},
	month = aug,
	year = {2017},
	pages = {303--311},
}

@online{the_new_media_consortium-_horizon_report_horizon_2018,
	title = {Horizon {Report} 2018 {Higher} {Education} {Edition}},
	url = {https://library.educause.edu/resources/2018/8/2018-nmc-horizon-report},
	urldate = {2021-06-08},
	journal = {EDUCAUSE Learning Initiative (ELI)},
	author = {{The New Media Consortium- Horizon Report}},
	year = {2018},
	note = {publisher: Texas, USA: The New Media Consortium},
}

@article{helfrich_how_2018,
	title = {How the dual process model of human cognition can inform efforts to de‐implement ineffective and harmful clinical practices: {A} preliminary model of unlearning and substitution},
	volume = {24},
	url = {https://onlinelibrary.wiley.com/doi/abs/10.1111/jep.12855},
	doi = {10.1111/jep.12855},
	number = {1},
	urldate = {2021-06-08},
	journal = {Journal of Evaluation in Clinical Practice},
	author = {Helfrich, Christian D. and Rose, Adam J. and Hartmann, Christine W. and Bodegom‐Vos, Leti and Graham, Ian D. and Wood, Suzanne J. and Majerczyk, Barbara R. and Good, Chester B. and Pogach, Leonard M. and Ball, Sherry L. and Au, David H. and Aron, David C.},
	month = feb,
	year = {2018},
	pages = {198--205},
}

@article{ibrahim_innovation_2018,
	title = {Innovation of flipped learning encouraging better communication and critical thinking skills among accounting students},
	volume = {1019},
	url = {https://iopscience.iop.org/article/10.1088/1742-6596/1019/1/012089},
	doi = {10.1088/1742-6596/1019/1/012089},
	urldate = {2021-06-08},
	journal = {Journal of Physics: Conference Series},
	author = {Ibrahim, Marhaiza and Khairudin, Norhaiza and Salleh, Danilah},
	month = jun,
	year = {2018},
	pages = {012089},
}

@article{islas_ecosistemas_2017,
	title = {Ecosistemas digitales y su manifestación en el aprendizaje: {Análisis} de la literatura},
	url = {http://www.um.es/ead/red/55/islas_carranza.pdf},
	doi = {10.6018/red/55/9},
	number = {55},
	urldate = {2021-06-08},
	journal = {Revista de Educación a Distancia (RED)},
	author = {Islas, Claudia and Carranza, María Rocío},
	month = dec,
	year = {2017},
}

@article{jones_does_2018,
	title = {Does language loss follow a principled structural path? {Evidence} from {Jersey} {Norman} {French}},
	volume = {28},
	url = {https://www.cambridge.org/core/product/identifier/S0959269518000042/type/journal_article},
	doi = {10.1017/S0959269518000042},
	number = {3},
	urldate = {2021-06-08},
	journal = {Journal of French Language Studies},
	author = {Jones, Mari C.},
	month = nov,
	year = {2018},
	pages = {399--429},
}

@article{kates_effects_2018,
	title = {The effects of mobile phone use on academic performance: {A} meta-analysis},
	volume = {127},
	url = {https://linkinghub.elsevier.com/retrieve/pii/S0360131518302161},
	doi = {10.1016/j.compedu.2018.08.012},
	urldate = {2021-06-08},
	journal = {Computers \& Education},
	author = {Kates, Aaron W. and Wu, Huang and Coryn, Chris L.S.},
	month = dec,
	year = {2018},
	pages = {107--112},
}

@article{kurjak_how_2016,
	title = {How to {Improve} {Visibility} of {Scientific} {Biomedical} {Sources}},
	volume = {24},
	url = {http://www.scopemed.org/fulltextpdf.php?mno=251000},
	doi = {10.5455/aim.2016.24.413-415},
	number = {6},
	urldate = {2021-06-08},
	journal = {Acta Informatica Medica},
	author = {Kurjak, Asim},
	year = {2016},
	pages = {413},
}

@article{lee_study_2018,
	title = {A {Study} on the {Instructor} {Role} in {Dealing} with {Mixed} {Contents}: {How} {It} {Affects} {Learner} {Satisfaction} and {Retention} in e-{Learning}},
	volume = {10},
	url = {http://www.mdpi.com/2071-1050/10/3/850},
	doi = {10.3390/su10030850},
	number = {3},
	urldate = {2021-06-08},
	journal = {Sustainability},
	author = {Lee, Seung and Lee, Hyunae and Kim, Taegoo},
	month = mar,
	year = {2018},
	pages = {850},
}

@inproceedings{liang_how_2017,
	address = {Melbourne, Australia},
	title = {How to {Keep} a {Knowledge} {Base} {Synchronized} with {Its} {Encyclopedia} {Source}},
	isbn = {9780999241103},
	url = {https://www.ijcai.org/proceedings/2017/524},
	doi = {10.24963/ijcai.2017/524},
	urldate = {2021-06-08},
	booktitle = {Proceedings of the {Twenty}-{Sixth} {International} {Joint} {Conference} on {Artificial} {Intelligence}},
	publisher = {International Joint Conferences on Artificial Intelligence Organization},
	author = {Liang, Jiaqing and Zhang, Sheng and Xiao, Yanghua},
	month = aug,
	year = {2017},
	pages = {3749--3755},
}

@article{mardiana_development_2018,
	title = {The {Development} of {Basic} {Natural} {Science} {Learning} {Materials} to {Improve} {Students}’ {Competence}},
	volume = {1028},
	url = {https://iopscience.iop.org/article/10.1088/1742-6596/1028/1/012206},
	doi = {10.1088/1742-6596/1028/1/012206},
	urldate = {2021-06-08},
	journal = {Journal of Physics: Conference Series},
	author = {Mardiana, D and Cahyani, R},
	month = jun,
	year = {2018},
	pages = {012206},
}

@article{mateu_plan_2018,
	title = {Plan {Ceibal} 2020: future scenarios for technology and education—the case of the {Uruguayan} public education system},
	volume = {6},
	url = {https://eujournalfuturesresearch.springeropen.com/articles/10.1186/s40309-018-0134-z},
	doi = {10.1186/s40309-018-0134-z},
	language = {en},
	number = {1},
	urldate = {2021-06-08},
	journal = {European Journal of Futures Research},
	author = {Mateu, Matías and Cobo, Cristóbal and Moravec, John},
	month = dec,
	year = {2018},
	pages = {6},
}

@article{milic_implementation_2017,
	title = {Implementation of additive technologies in elementary education},
	volume = {137},
	url = {http://www.matec-conferences.org/10.1051/matecconf/201713702007},
	doi = {10.1051/matecconf/201713702007},
	urldate = {2021-06-08},
	journal = {MATEC Web of Conferences},
	author = {Milić, Melita and Maričić, Sven and Radolović, Donald},
	year = {2017},
	pages = {02007},
}

@article{guabassi_personalized_2018,
	title = {Personalized adaptive content system for context-aware ubiquitous learning},
	volume = {127},
	issn = {18770509},
	url = {https://linkinghub.elsevier.com/retrieve/pii/S1877050918301546},
	doi = {10.1016/j.procs.2018.01.142},
	urldate = {2021-06-08},
	journal = {Procedia Computer Science},
	author = {Guabassi, Inssaf El and Bousalem, Zakaria and Al Achhab, Mohammed and Jellouli, Ismail and EL Mohajir, Badr Eddine},
	year = {2018},
	pages = {444--453},
}

@article{roslina_role_2017,
	title = {The role of information and communication technology in developing smart education},
	volume = {890},
	url = {https://iopscience.iop.org/article/10.1088/1742-6596/890/1/012091},
	doi = {10.1088/1742-6596/890/1/012091},
	urldate = {2021-06-08},
	journal = {Journal of Physics: Conference Series},
	author = {Roslina and Muhammad Zarlis and Herman Mawengkang and R W Sembiring},
	month = sep,
	year = {2017},
	pages = {012091},
}

@article{munawar_move_2018,
	title = {Move to {Smart} {Learning} {Environment}: {Exploratory} {Research} of {Challenges} in {Computer} {Laboratory} and {Design} {Intelligent} {Virtual} {Laboratory} for {eLearning} {Technology}},
	volume = {14},
	url = {https://www.ejmste.com/article/move-to-smart-learning-environment-exploratory-research-of-challenges-in-computer-laboratory-and-5376},
	doi = {10.29333/ejmste/85036},
	number = {5},
	urldate = {2021-06-08},
	journal = {EURASIA Journal of Mathematics, Science and Technology Education},
	author = {Munawar, Saima and Toor, Saba Khalil and Aslam, Muhammad and Hamid, Muhammad},
	month = feb,
	year = {2018},
}

@article{picatoste_new_2018,
	title = {A new educational pattern in response to new technologies and sustainable development. {Enlightening} {ICT} skills for youth employability in the {European} {Union}},
	volume = {35},
	url = {https://linkinghub.elsevier.com/retrieve/pii/S0736585317303246},
	doi = {10.1016/j.tele.2017.09.014},
	number = {4},
	urldate = {2021-06-08},
	journal = {Telematics and Informatics},
	author = {Picatoste, Jose and Pérez-Ortiz, Laura and Ruesga-Benito, Santos Miguel},
	month = jul,
	year = {2018},
	pages = {1031--1038},
}

@article{portuguez_castro_being_2020,
	title = {Being an entrepreneur post-{COVID}-19 – resilience in times of crisis: a systematic literature review},
	volume = {ahead-of-print},
	url = {https://www.emerald.com/insight/content/doi/10.1108/JEEE-07-2020-0246/full/html},
	doi = {10.1108/JEEE-07-2020-0246},
	number = {ahead-of-print},
	urldate = {2021-06-08},
	journal = {Journal of Entrepreneurship in Emerging Economies},
	author = {Portuguez Castro, May and Gómez Zermeño, Marcela Georgina},
	month = nov,
	year = {2020},
}

@article{ramirez-montoya_characterization_2021,
	title = {Characterization of the {Teaching} {Profile} within the {Framework} of {Education} 4.0},
	volume = {13},
	url = {https://www.mdpi.com/1999-5903/13/4/91},
	doi = {10.3390/fi13040091},
	number = {4},
	urldate = {2021-06-08},
	journal = {Future Internet},
	author = {Ramírez-Montoya, María Soledad and Loaiza-Aguirre, María Isabel and Zúñiga-Ojeda, Alexandra and Portuguez-Castro, May},
	month = apr,
	year = {2021},
	pages = {91},
}

@article{sanchez-gordon_technological_2018,
	title = {Technological {Innovations} in {Large}-{Scale} {Teaching}: {Five} {Roots} of {Massive} {Open} {Online} {Courses}},
	volume = {56},
	url = {http://journals.sagepub.com/doi/10.1177/0735633117727597},
	doi = {10.1177/0735633117727597},
	number = {5},
	urldate = {2021-06-08},
	journal = {Journal of Educational Computing Research},
	author = {Sanchez-Gordon, Sandra and Luján-Mora, Sergio},
	month = sep,
	year = {2018},
	pages = {623--644},
}

@article{schwendimann_what_2018,
	title = {What makes an online learning journal powerful for {VET}? {Distinguishing} productive usage patterns and effective learning strategies},
	volume = {10},
	url = {https://ervet-journal.springeropen.com/articles/10.1186/s40461-018-0070-y},
	doi = {10.1186/s40461-018-0070-y},
	number = {1},
	urldate = {2021-06-08},
	journal = {Empirical Research in Vocational Education and Training},
	author = {Schwendimann, Beat A. and Kappeler, Gabriel and Mauroux, Laetitia and Gurtner, Jean-Luc},
	month = dec,
	year = {2018},
	pages = {9},
}

@article{sebei_review_2018,
	title = {Review of social media analytics process and {Big} {Data} pipeline},
	volume = {8},
	url = {http://link.springer.com/10.1007/s13278-018-0507-0},
	doi = {10.1007/s13278-018-0507-0},
	number = {1},
	urldate = {2021-06-08},
	journal = {Social Network Analysis and Mining},
	author = {Sebei, Hiba and Hadj Taieb, Mohamed Ali and Ben Aouicha, Mohamed},
	month = dec,
	year = {2018},
	pages = {30},
}

@article{skiba_horizon_2017,
	title = {Horizon {Report}: {Knowledge} {Obsolescence}, {Artificial} {Intelligence}, and {Rethinking} the {Educator} {Role}},
	volume = {38},
	url = {https://journals.lww.com/00024776-201705000-00016},
	doi = {10.1097/01.NEP.0000000000000154},
	language = {en},
	number = {3},
	urldate = {2021-06-08},
	journal = {Nursing Education Perspectives},
	author = {Skiba, Diane J.},
	month = may,
	year = {2017},
	pages = {165--167},
}

@book{stake_investigacion_2007,
	address = {Madrid, España},
	edition = {4a},
	title = {Investigación con estudios de casos},
	publisher = {Morata},
	author = {Stake, Robert E.},
	year = {2007},
}

@article{sudiartha_bandwidth_2018,
	title = {Bandwidth {Optimization} {On} {Design} {Of} {Visual} {Display} {Information} {System} {Based} {Networking} {At} {Politeknik} {Negeri} {Bali}},
	volume = {953},
	issn = {1742-6588, 1742-6596},
	url = {https://iopscience.iop.org/article/10.1088/1742-6596/953/1/012050},
	doi = {10.1088/1742-6596/953/1/012050},
	urldate = {2021-06-08},
	journal = {Journal of Physics: Conference Series},
	author = {Sudiartha, Ikg and Catur Bawa, Ignb},
	month = jan,
	year = {2018},
	pages = {012050},
}

@article{thankachan_challenges_2017,
	title = {Challenges of {Implementing} {Free} and {Open} {Source} {Software} ({FOSS}): {Evidence} from the {Indian} {Educational} {Setting}},
	volume = {18},
	url = {http://www.irrodl.org/index.php/irrodl/article/view/2781},
	doi = {10.19173/irrodl.v18i6.2781},
	number = {6},
	urldate = {2021-06-08},
	journal = {The International Review of Research in Open and Distributed Learning},
	author = {Thankachan, Briju and Moore, David Richard},
	month = sep,
	year = {2017},
}

@article{takahashi_web_2018,
	title = {Web of cybersecurity: {Linking}, locating, and discovering structured cybersecurity information: {Web} of cybersecurity: {Linking}, locating, and discovering structured cybersecurity information},
	volume = {31},
	url = {http://doi.wiley.com/10.1002/dac.3470},
	doi = {10.1002/dac.3470},
	language = {en},
	number = {3},
	urldate = {2021-06-08},
	journal = {International Journal of Communication Systems},
	author = {Takahashi, Takeshi and Panta, Bhola and Kadobayashi, Youki and Nakao, Koji},
	month = feb,
	year = {2018},
	pages = {e3470},
}

@article{todorinova_mixed-method_2018,
	title = {A {Mixed}-{Method} {Study} of {Undergraduate} and {First} {Year} {Librarian} {Positions} in {Academic} {Libraries} in the {United} {States}},
	volume = {44},
	url = {https://linkinghub.elsevier.com/retrieve/pii/S0099133317302811},
	doi = {10.1016/j.acalib.2018.02.005},
	number = {2},
	urldate = {2021-06-08},
	journal = {The Journal of Academic Librarianship},
	author = {Todorinova, Lily},
	month = mar,
	year = {2018},
	pages = {207--215},
}

@article{vaicekauskaite_need_2018,
	title = {The {Need} for {Entrepreneurial} {Education} at {University}},
	volume = {20},
	url = {https://www.sciendo.com/article/10.2478/jtes-2018-0005},
	doi = {10.2478/jtes-2018-0005},
	number = {1},
	urldate = {2021-06-08},
	journal = {Journal of Teacher Education for Sustainability},
	author = {Vaicekauskaite, Rita and Valackiene, Asta},
	month = jun,
	year = {2018},
	pages = {82--92},
}

@incollection{vicario-solorzano_dimensiones_2021,
	address = {México},
	editor = {Vicario-Solórzano, Claudia Marina},
	editortype = {coord.},
	title = {Dimensiones para el análisis},
	booktitle = {Modelo de continuidad de servicios educativos ante un contexto de emergencia y sus etapas de crisis},
	publisher = {CUDI-ANUIES},
	author = {Vicario-Solórzano, Claudia Marina and Huerta-Cuervo, Rocío},
	year = {2021},
	pages = {43--54},
}

@book{vicario-solorzano_modelo_2021,
	address = {México},
	title = {Modelo de continuidad de servicios educativos ante un contexto de emergencia y sus etapas de crisis},
	publisher = {CUDI-ANUIES},
	editor = {Vicario-Solórzano, Claudia Marina},
	editortype = {coord.},
	year = {2021},
}

@article{visnic_evaluation_2017,
	title = {The evaluation of the role of teaching aids in stimulating pupils’ activation in geography},
	volume = {67},
	url = {http://www.doiserbia.nb.rs/Article.aspx?ID=0350-75991702179V},
	doi = {10.2298/IJGI1702179V},
	number = {2},
	urldate = {2021-06-08},
	journal = {Journal of the Geographical Institute Jovan Cvijic, SASA},
	author = {Visnic, Tamara and Ivanovic-Bibic, Ljubica and Djukicin-Vuckovic, Smiljana and Ivkov-Dzigurski, Andjelija and Konecnik-Kotnik, Eva},
	year = {2017},
	pages = {179--194},
}

@article{webster_distance_2017,
	title = {Distance learning as alterity: facilitating the experience of variation and professional information practice},
	volume = {11},
	url = {https://ojs.lboro.ac.uk/JIL/article/view/PRA-11-2-4},
	doi = {10.11645/11.2.2231},
	number = {2},
	urldate = {2021-06-08},
	journal = {Journal of Information Literacy},
	author = {Webster, Lee and Whitworth, Andrew},
	month = dec,
	year = {2017},
	pages = {69},
}

@book{yin_case_2009,
	address = {Los Angeles, Calif},
	edition = {4th ed},
	series = {Applied social research methods},
	title = {Case study research: design and methods},
	number = {v. 5},
	publisher = {Sage Publications},
	author = {Yin, Robert K.},
	year = {2009},
}

@article{zagami_creating_2018,
	title = {Creating {Future} {Ready} {Information} {Technology} {Policy} for {National} {Education} {Systems}},
	volume = {23},
	url = {http://link.springer.com/10.1007/s10758-018-9387-7},
	doi = {10.1007/s10758-018-9387-7},
	number = {3},
	urldate = {2021-06-08},
	journal = {Technology, Knowledge and Learning},
	author = {Zagami, Jason and Bocconi, Stefania and Starkey, Louise and Wilson, John Dewar and Gibson, David and Downie, Jill and Malyn-Smith, Joyce and Elliott, Sandra},
	month = oct,
	year = {2018},
	pages = {495--506},
}

