@article{al_farsi2021,
	title = {A {Review} of {Virtual} {Reality} {Applications} in an {Educational} {Domain}},
	volume = {15},
	url = {https://online-journals.org/index.php/i-jim/article/view/25003},
	doi = {10.3991/ijim.v15i22.25003},
	number = {22},
	urldate = {2022-01-10},
	journal = {International Journal of Interactive Mobile Technologies (iJIM)},
	author = {Al Farsi, Ghaliya and Yusof, Azmi Bin Mohd. and Romli, Awanis and Tawafak, Ragad M and Malik, Sohail Iqbal and Jabbar, Jasiya and Rsuli, Mohd Ezanee Bin},
	month = nov,
	year = {2021},
	pages = {99},
}
@article{arumugam2021,
	title = {Mobile {Apps} {Based} on {Keller} {Personalized} {System} of {Instruction} to {Promote} {English} {Vocabulary} {Acquisition}},
	volume = {15},
	url = {https://online-journals.org/index.php/i-jim/article/view/27227},
	doi = {10.3991/ijim.v15i23.27227},
	number = {23},
	urldate = {2022-01-10},
	journal = {International Journal of Interactive Mobile Technologies (iJIM)},
	author = {Arumugam, Rooban and Md Noor, Norah},
	month = dec,
	year = {2021},
	pages = {4--17},
}
@article{bawaaneh2021,
	title = {Distance {Learning} {During} {COVID}-19 {Pandemic} in {UAE} {Public} {Schools}: {Student} {Satisfaction}, {Attitudes} and {Challenges}},
	volume = {13},
	url = {https://www.cedtech.net/article/distance-learning-during-covid-19-pandemic-in-uae-public-schools-student-satisfaction-attitudes-and-10872},
	doi = {10.30935/cedtech/10872},
	number = {3},
	urldate = {2022-01-10},
	journal = {Contemporary Educational Technology},
	author = {Bawa’aneh, Muhammad S},
	month = may,
	year = {2021},
	pages = {ep304},
}
@article{carmona-ramirez2021,
	title = {Development of a {Learning} {Model} of {Quadric} {Surfaces} {With} {Augmented} {Reality} and {Didactic} {Engineering}},
	volume = {15},
	url = {https://online-journals.org/index.php/i-jim/article/view/25341},
	doi = {10.3991/ijim.v15i22.25341},
	number = {22},
	urldate = {2022-01-10},
	journal = {International Journal of Interactive Mobile Technologies (iJIM)},
	author = {Carmona-Ramírez, Luis Hernando and Henao-Céspedes, Vladimir},
	month = nov,
	year = {2021},
	pages = {142},
}
@article{chadaga2021,
	title = {Battling {COVID}-19 using machine learning: {A} review},
	volume = {8},
	url = {https://www.tandfonline.com/doi/full/10.1080/23311916.2021.1958666},
	doi = {10.1080/23311916.2021.1958666},
	number = {1},
	urldate = {2022-01-10},
	journal = {Cogent Engineering},
	author = {Chadaga, Krishnaraj and Prabhu, Srikanth and Vivekananda, Bhat K and Niranjana, S. and Umakanth, Shashikiran},
	editor = {Pham, D T},
	month = jan,
	year = {2021},
	pages = {1958666},
}
@article{de_la_pena_esteban2020,
	title = {Web gamification with problem simulators for teaching engineering},
	volume = {32},
	url = {http://link.springer.com/10.1007/s12528-019-09221-2},
	doi = {10.1007/s12528-019-09221-2},
	number = {1},
	urldate = {2022-01-10},
	journal = {Journal of Computing in Higher Education},
	author = {de la Peña Esteban, F. David and Lara Torralbo, Juan A. and Lizcano Casas, David and Burgos García, María Concepción},
	month = apr,
	year = {2020},
	pages = {135--161},
}
@article{donald2017,
	title = {Project {Sanitarium}: playing tuberculosis to its end game},
	volume = {29},
	url = {http://link.springer.com/10.1007/s12528-017-9145-1},
	doi = {10.1007/s12528-017-9145-1},
	number = {3},
	urldate = {2022-01-10},
	journal = {Journal of Computing in Higher Education},
	author = {Donald, Iain and Meyer, Karen A. and Brengman, John and Gillespie, Stephen H. and Bowness, Ruth},
	month = dec,
	year = {2017},
	pages = {599--617},
}
@article{felszeghy2019,
	title = {Using online game-based platforms to improve student performance and engagement in histology teaching},
	volume = {19},
	url = {https://bmcmededuc.biomedcentral.com/articles/10.1186/s12909-019-1701-0},
	doi = {10.1186/s12909-019-1701-0},
	number = {1},
	urldate = {2022-01-10},
	journal = {BMC Medical Education},
	author = {Felszeghy, Szabolcs and Pasonen-Seppänen, Sanna and Koskela, Ali and Nieminen, Petteri and Härkönen, Kai and Paldanius, Kaisa M. A. and Gabbouj, Sami and Ketola, Kirsi and Hiltunen, Mikko and Lundin, Mikael and Haapaniemi, Tommi and Sointu, Erkko and Bauman, Eric B. and Gilbert, Gregory E. and Morton, David and Mahonen, Anitta},
	month = dec,
	year = {2019},
	pages = {273},
}
@article{gezgin2018,
	title = {Mobile {Learning} {According} to {Students} of {Computer} {Engineering} and {Computer} {Education}: {A} {Comparison} of {Attitudes}},
	volume = {19},
	url = {https://dergipark.org.tr/tr/pub/tojde/issue/34638/382653},
	doi = {10.17718/tojde.382653},
	number = {1},
	urldate = {2022-01-10},
	journal = {Turkish Online Journal of Distance Education},
	author = {Gezgi̇n, Deniz Mertkan and Adnan, Muge and Guvendir, Meltem ACAR},
	month = jan,
	year = {2018},
	pages = {4--17},
}
@article{hilbert2021,
	title = {Identifying {CBT} non-response among {OCD} outpatients: {A} machine-learning approach},
	volume = {31},
	url = {https://www.tandfonline.com/doi/full/10.1080/10503307.2020.1839140},
	doi = {10.1080/10503307.2020.1839140},
	number = {1},
	urldate = {2022-01-10},
	journal = {Psychotherapy Research},
	author = {Hilbert, Kevin and Jacobi, Tanja and Kunas, Stefanie L. and Elsner, Björn and Reuter, Benedikt and Lueken, Ulrike and Kathmann, Norbert},
	month = jan,
	year = {2021},
	pages = {52--62},
}
@article{ismail2019,
	title = {Using {Kahoot}! as a formative assessment tool in medical education: a phenomenological study},
	volume = {19},
	url = {https://bmcmededuc.biomedcentral.com/articles/10.1186/s12909-019-1658-z},
	doi = {10.1186/s12909-019-1658-z},
	number = {1},
	urldate = {2022-01-10},
	journal = {BMC Medical Education},
	author = {Ismail, Muhd Al-Aarifin and Ahmad, Anisa and Mohammad, Jamilah Al-Muhammady and Fakri, Nik Mohd Rizal Mohd and Nor, Mohd Zarawi Mat and Pa, Mohamad Najib Mat},
	month = dec,
	year = {2019},
	pages = {230},
}
@article{karatas2021,
	title = {The {Role} of {Self}-directed {Learning}, {Metacognition}, and 21st {Century} {Skills} {Predicting} the {Readiness} for {Online} {Learning}},
	volume = {13},
	url = {https://www.cedtech.net/article/the-role-of-self-directed-learning-metacognition-and-21st-century-skills-predicting-the-readiness-10786},
	doi = {10.30935/cedtech/10786},
	number = {3},
	urldate = {2022-01-10},
	journal = {Contemporary Educational Technology},
	author = {Karatas, Kasim and Arpaci, Ibrahim},
	month = mar,
	year = {2021},
	pages = {ep300},
}
@article{lezhnina2021,
	title = {Combining statistical and machine learning methods to explore {German} students’ attitudes towards {ICT} in {PISA}},
	url = {https://www.tandfonline.com/doi/full/10.1080/1743727X.2021.1963226},
	doi = {10.1080/1743727X.2021.1963226},
	urldate = {2022-01-10},
	journal = {International Journal of Research \& Method in Education},
	author = {Lezhnina, Olga and Kismihók, Gábor},
	month = aug,
	year = {2021},
	pages = {1--20},
}
@article{li2019,
	title = {Evaluation of mobile learning for the clinical practicum in nursing education: application of the {FRAME} model},
	volume = {31},
	url = {http://link.springer.com/10.1007/s12528-019-09213-2},
	doi = {10.1007/s12528-019-09213-2},
	number = {2},
	urldate = {2022-01-10},
	journal = {Journal of Computing in Higher Education},
	author = {Li, Kam Cheong and Lee, Linda Yin-king and Wong, Suet-lai and Yau, Ivy Sui-yu and Wong, Billy Tak-ming},
	month = aug,
	year = {2019},
	pages = {290--310},
}
@article{licorish2018,
	title = {Students’ perception of {Kahoot}!’s influence on teaching and learning},
	volume = {13},
	url = {https://telrp.springeropen.com/articles/10.1186/s41039-018-0078-8},
	doi = {10.1186/s41039-018-0078-8},
	number = {1},
	urldate = {2022-01-10},
	journal = {Research and Practice in Technology Enhanced Learning},
	author = {Licorish, Sherlock A. and Owen, Helen E. and Daniel, Ben and George, Jade Li},
	month = dec,
	year = {2018},
	pages = {9},
}
@article{maphosa2021,
	title = {Local {Language} {Numeracy} {Kindergarten} {Prototype} {Design} to {Support} {Home}-based {Learning} {During} and {Post} {COVID}-19 {Pandemic}},
	volume = {13},
	url = {https://www.cedtech.net/article/local-language-numeracy-kindergarten-prototype-design-to-support-home-based-learning-during-and-post-10846},
	doi = {10.30935/cedtech/10846},
	number = {3},
	urldate = {2022-01-10},
	journal = {Contemporary Educational Technology},
	author = {Maphosa, Vusumuzi and Dube, Bekithemba},
	month = apr,
	year = {2021},
	pages = {ep301},
}
@article{morsidi2021,
	title = {{WhatsApp} and {Its} {Potential} to {Develop} {Communication} {Skills} among {University} {Students}},
	volume = {15},
	url = {https://online-journals.org/index.php/i-jim/article/view/27243},
	doi = {10.3991/ijim.v15i23.27243},
	number = {23},
	urldate = {2022-01-10},
	journal = {International Journal of Interactive Mobile Technologies (iJIM)},
	author = {Morsidi, Suraya and Abu Samah, Norazrena and Abdul Rahman, Khairul Anuar and Mohamad Ashari, Zakiah and Jumaat, Nurul Farhana and Abdullah, Abdul Halim},
	month = dec,
	year = {2021},
	pages = {57--71},
}
@article{park2020,
	title = {International students’ reading digital texts on tablets: experiences and strategies},
	volume = {32},
	url = {http://link.springer.com/10.1007/s12528-019-09242-x},
	doi = {10.1007/s12528-019-09242-x},
	number = {3},
	urldate = {2022-01-10},
	journal = {Journal of Computing in Higher Education},
	author = {Park, Ho-Ryong and Kim, Deoksoon and Vorobel, Oksana},
	month = dec,
	year = {2020},
	pages = {476--504},
}
@article{radwan2017,
	title = {Active machine learning framework for teaching object recognition skills to children with autism},
	volume = {63},
	url = {https://www.tandfonline.com/doi/full/10.1080/20473869.2016.1190543},
	doi = {10.1080/20473869.2016.1190543},
	number = {3},
	urldate = {2022-01-10},
	journal = {International Journal of Developmental Disabilities},
	author = {Radwan, Akram M. and Birkan, Binyamin and Hania, Fadi and Cataltepe, Zehra},
	month = jul,
	year = {2017},
	pages = {158--169},
}
@article{salas-rueda2021,
	title = {Use of flipped classroom in the marketing career during the educational process on financial mathematics},
	volume = {26},
	url = {https://link.springer.com/10.1007/s10639-021-10470-x},
	doi = {10.1007/s10639-021-10470-x},
	number = {4},
	urldate = {2022-01-10},
	journal = {Education and Information Technologies},
	author = {Salas-Rueda, Ricardo-Adán},
	month = jul,
	year = {2021},
	pages = {4261--4284},
}
@article{salas-rueda2020,
	title = {Analysis and {Design} of the {Web} {Game} on {Descriptive} {Statistics} through the {ADDIE} {Model}, {Data} {Science} and {Machine} {Learning}},
	volume = {8},
	url = {https://ijemst.net/index.php/ijemst/article/view/759},
	doi = {10.46328/ijemst.v8i3.759},
	number = {3},
	urldate = {2022-01-10},
	journal = {International Journal of Education in Mathematics, Science and Technology},
	author = {Salas-Rueda, Ricardo-Adán and Salas-Rueda, Érika-Patricia and Salas-Rueda, Rodrigo-David},
	month = may,
	year = {2020},
	pages = {245},
}
@article{samura2021,
	title = {Improving the {Creative} {Thinking} {Ability} of {Junior} {High} {School} {Students} {Through} {GeoGebra} {Assisted} {Learning} {Community} in {Mathematics}},
	volume = {15},
	url = {https://online-journals.org/index.php/i-jim/article/view/24797},
	doi = {10.3991/ijim.v15i22.24797},
	number = {22},
	urldate = {2022-01-10},
	journal = {International Journal of Interactive Mobile Technologies (iJIM)},
	author = {Samura, Asri Ode and Darhim, Darhim and Juandi, Dadang and Said, Arwan M. and Malaka, Muhlis},
	month = nov,
	year = {2021},
	pages = {84},
}
@article{saribas2021,
	title = {Pre-{Service} {Teachers}’ {Analysis} of {Claims} {About} {COVID}-19 in an {Online} {Course}},
	volume = {30},
	url = {http://link.springer.com/10.1007/s11191-020-00181-z},
	doi = {10.1007/s11191-020-00181-z},
	number = {2},
	urldate = {2022-01-10},
	journal = {Science \& Education},
	author = {Saribas, Deniz and Çetinkaya, Ertan},
	month = apr,
	year = {2021},
	pages = {235--266},
}
@article{smith2020,
	title = {Serious games for serious crises: reflections from an infectious disease outbreak matrix game},
	volume = {16},
	url = {https://globalizationandhealth.biomedcentral.com/articles/10.1186/s12992-020-00547-6},
	doi = {10.1186/s12992-020-00547-6},
	number = {1},
	urldate = {2022-01-10},
	journal = {Globalization and Health},
	author = {Smith, Julia and Sears, Nathan and Taylor, Ben and Johnson, Madeline},
	month = dec,
	year = {2020},
	pages = {18},
}
@article{sumuer2021,
	title = {The effect of mobile phone usage policy on college students’ learning},
	volume = {33},
	url = {https://link.springer.com/10.1007/s12528-020-09265-9},
	doi = {10.1007/s12528-020-09265-9},
	number = {2},
	urldate = {2022-01-10},
	journal = {Journal of Computing in Higher Education},
	author = {Sumuer, Evren},
	month = aug,
	year = {2021},
	pages = {281--295},
}
@article{ypsilanti2014,
	title = {Are serious video games something more than a game? {A} review on the effectiveness of serious games to facilitate intergenerational learning},
	volume = {19},
	url = {http://link.springer.com/10.1007/s10639-014-9325-9},
	doi = {10.1007/s10639-014-9325-9},
	number = {3},
	urldate = {2022-01-10},
	journal = {Education and Information Technologies},
	author = {Ypsilanti, Antonia and Vivas, Ana B. and Räisänen, Teppo and Viitala, Matti and Ijäs, Tuula and Ropes, Donald},
	month = sep,
	year = {2014},
	pages = {515--529},
}
@article{gezgin2018,
	title = {Mobile {Learning} {According} to {Students} of {Computer} {Engineering} and {Computer} {Education}: {A} {Comparison} of {Attitudes}},
	volume = {19},
	shorttitle = {Mobile {Learning} {According} to {Students} of {Computer} {Engineering} and {Computer} {Education}},
	url = {https://dergipark.org.tr/en/doi/10.17718/tojde.382653},
	doi = {10.17718/tojde.382653},
	number = {1},
	urldate = {2022-01-10},
	journal = {Turkish Online Journal of Distance Education},
	author = {Gezgi̇N, Deniz Mertkan and Adnan, Muge and Acar Guvendir, Meltem},
	month = jan,
	year = {2018},
	pages = {4--17},
}
@article{maggio2020,
	title = {Las prácticas de la enseñanza universitarias en la pandemia: de la conmoción a la mutación},
	volume = {9},
	url = {http://www.uajournals.com/campusvirtuales/journal/17/9.pdf},
	number = {2},
	urldate = {2022-01-10},
	journal = {Campus Virtuales},
	author = {Maggio, Mariana},
	year = {2020},
	pages = {113--122},
}
@article{manrique-losada2020,
	title = {Entorno virtual para cocrear recursos educativos digitales en la educación superior},
	volume = {9},
	number = {1},
	journal = {Campus Virtuales},
	author = {Manrique-Losada, Bell and Zapata Cárdenas, María Isabel  and Arango Vásquez, Sandra Isabel },
	year = {2020},
	pages = {101--112},
}
@article{padmo2019,
	title = {The {Utilization} of {Mobile} {Devices} for {Improving} {Access} to {Online} {Learning} for {Distance} {Education}’s {Students}},
	url = {https://dergipark.org.tr/en/doi/10.17718/tojde.557858},
	doi = {10.17718/tojde.557858},
	urldate = {2022-01-10},
	journal = {Turkish Online Journal of Distance Education},
	author = {Padmo, Dewi and Idrus, Olivia and Ardiasih, Lidwina Sri},
	month = apr,
	year = {2019},
	pages = {147--161},
}
@article{ramirez-montoya2020,
	title = {Transformación digital e innovación educativa en {Latinoamérica} en el marco del {COVID}-19},
	volume = {9},
	url = {http://www.uajournals.com/campusvirtuales/journal/17/10.pdf},
	number = {2},
	urldate = {2022-01-10},
	journal = {Campus Virtuales},
	author = {Ramírez-Montoya, María-Soledad},
	year = {2020},
	pages = {123--139},
}