@book{gibson1986,
    title         = {The ecological approach to visual perception},
    author        = {Gibson, James J.},
    year          = {1986},
    publisher     = {Erlbaum},
    address       = {Hillsdale, NJ},
}

@article{cazden1996,
    title         = {A pedagogy of multiliteracies: Designing social futures},
    author        = {Cazden, Courtney and others},
    year          = {1996},
    volume        = {66},
    number        = {1},
    pages         = {60--92},
    journaltitle  = {Harvard Educational Review},
}

@article{ahearn2001,
    title         = {Language and Agency},
    author        = {Ahearn, Laura M.},
    year          = {2001},
    volume        = {30},
    pages         = {109--137},
    journaltitle  = {Annual Review of Anthropology},
}

@article{prensky2001a,
    title         = {Digital natives, digital immigrants part 2: Do they really think differently?},
    author        = {Prensky, Marc},
    year          = {2001},
    volume        = {9},
    number        = {6},
    pages         = {1--6},
    journaltitle  = {On the Horizon},
}

@book{vanlier2004,
    title         = {The ecology and semiotics of language learning: a Sociocultural Perspective},
    author        = {Van Lier, Leo},
    year          = {2004},
    publisher     = {Kluwer Academic Publishers},
    address       = {Dordrecht},
}

@article{lantolf2006,
    title         = {Sociocultural Theory and the Genesis of Second Language Development},
    author        = {Lantolf, James and Thorne, Steven},
    year          = {2006},
    volume        = {30},
    number        = {3},
    pages         = {394--396},
    journaltitle  = {Studies in Second Language Acquisition},
}

@book{dornyei_research_2007,
    title         = {Research {Methods} in {Applied} {Linguistics}},
    author        = {D\"{o}rnyei, Zoltan},
    year          = {2007},
    publisher     = {Oxford University Press},
    address       = {Oxford},
}

@article{biesta2007,
    title         = {Agency and learning in the lifecourse: Towards an ecological perspective},
    author        = {Biesta, Gert and Tedder, Michael},
    year          = {2007},
    volume        = {39},
    pages         = {132--149},
    journaltitle  = {Studies in the Education of Adults},
}

@book{bortoni2008,
    title         = {O professor pesquisador: introdu\c{c}\~{a}o \`{a} pesquisa qualitativa},
    author        = {Bortoni-Ricardo, Stella Maris},
    year          = {2008},
    publisher     = {Par\'{a}bola},
    address       = {S\~{a}o Paulo},
}

@book{flick2009,
    title         = {Desenho da pesquisa qualitativa},
    author        = {Flick, Uwe},
    year          = {2009},
    publisher     = {Artmed},
    address       = {Porto Alegre},
}

@article{cilliers2010,
    title         = {The value of complexity},
    author        = {Cilliers, Paul},
    year          = {2010},
    volume        = {7},
    number        = {1},
    pages         = {39--42},
    journaltitle  = {Complicity: An International Journal of Complexity and Education},
}

@article{kukulska2010,
    title         = {Mobile learning as a catalyst for change},
    author        = {Kukulska-Hulme, Agnes},
    year          = {2010},
    volume        = {25},
    number        = {3},
    pages         = {181--185},
    journaltitle  = {Open Learning: The Journal of Open, Distance and e-Learning},
}

@phdthesis{picard2010,
    title         = {A radical relational agency: Foucault, complexity theory and environmental resistances},
    author        = {Picard, E. Kesia},
    year          = {2010},
    address       = {UK},
    type          = {PhD Thesis},
    institution   = {University of Nottingham},
}

@article{vanlier2010a,
    title         = {The ecology of language learning: Practice to theory, theory to practice},
    author        = {Van Lier, Leo},
    year          = {2010},
    volume        = {3},
    pages         = {2--6},
    journaltitle  = {Procedia – Social and Behavioral Sciences},
}

@inproceedings{andrews2011,
    title         = {The ethics of m-learning: Classroom threat or enhanced learner agency},
    author        = {Andrews, Trish and others},
    year          = {2011},
    booktitle     = {Proceedings of the 10th World Conference on Mobile and Contextual Learning},
    pages         = {295--302},
}

@article{mercer2011,
    title         = {Understanding learner agency as a complex dynamic system},
    author        = {Mercer, Sarah},
    year          = {2011},
    volume        = {39},
    number        = {2},
    pages         = {427–436},
    journaltitle  = {System},
}

@book{prensky2011,
    title         = {Digital wisdom and homo sapiens digital. Deconstructing digital natives},
    author        = {Prensky, Marc},
    year          = {2011},
    publisher     = {Routledge},
    address       = {New York},
}

@article{mercer2012,
    title         = {The Complexity of Learner Agency},
    author        = {Mercer, Sarah},
    year          = {2012},
    volume        = {6},
    number        = {2},
    pages         = {41--59},
    journaltitle  = {Journal of Applied Language Studies},
}

@book{pegrum_mobile_2014,
    title         = {Mobile learning: {Languages}, literacies and cultures},
    author        = {Pegrum, Mark},
    year          = {2014},
    publisher     = {Palgrave Macmillan},
    address       = {New York},
}

@book{deters2015,
    title         = {Theorizing and analyzing agency in second language learning: Interdisciplinary approaches},
    year          = {2015},
    publisher     = {Multilingual Matters},
    address       = {Bristol},
    editor        = {Deters, Ping and Gao, Xuesong and Miller, Elizabeth R. and Vitanova, Gergana},
}

@book{holliday_doing_2016,
    title         = {Doing \& writing qualitative research},
    author        = {Holliday, Adrian},
    year          = {2016},
    publisher     = {Sage Publications},
    address       = {Thousand Oaks},
}

@article{kelso_self-organizing_2016,
    title         = {On the {Self}-{Organizing} {Origins} of {Agency}},
    author        = {Kelso, J. A. Scott},
    year          = {2016},
    month         = jul,
    journal       = {Trends in Cognitive Sciences},
    volume        = {20},
    number        = {7},
    pages         = {490--499},
    doi           = {10.1016/j.tics.2016.04.004},
    issn          = {1879-307X},
    keywords      = {Cognition, Humans, Models, Psychological, agent, collective variables, consciousness, coordination dynamics, emergence, metastability, phase transition, positive feedback, synchrony},
}

@book{dudeney2016,
    title         = {Letramentos digitais},
    author        = {Dudeney, Gavin and Hockly, Nicky and Pegrum, Mark},
    year          = {2016},
    publisher     = {Par\'{a}bola Editorial},
    address       = {S\~{a}o Paulo},
}

@article{godwin-jones_smartphones_2017,
    title         = {Smartphones and language learning},
    author        = {Godwin-Jones, Robert},
    year          = {2017},
    journal       = {Language Learning \& Technology},
    volume        = {21},
    number        = {2},
    pages         = {3--17},
    issn          = {1094-3501},
    keywords      = {Human Computer Interaction, Language, Learning, Mobile Phones, Smartphones},
}

@incollection{braga2017a,
    title         = {English language teaching on the wings of mobility: a study on the affordances of mobile learning in classroom practice},
    author        = {Braga, Junia de Carvalho Fidelis},
    year          = {2017},
    booktitle     = {Inspiring Insights from an English Teaching Scene},
    publisher     = {CEI-Curso de Especializa\c{c}\~{a}o em Ensino de Ingl\^{e}s},
    address       = {Belo Horizonte},
    pages         = {149--171},
}

@article{braga2017b,
    title         = {Reflex\~{o}es sobre ensino e aprendizagem de l\'{\i}nguas na forma\c{c}\~{a}o de professores via dispositivos m\'{o}veis},
    author        = {Braga, Junia de Carvalho Fidelis and Gomes Junior, Ronaldo Corr\^{e}a and Andrade, Marcos Racilan},
    year          = {2017},
    volume        = {16},
    pages         = {32--51},
    journaltitle  = {Hipertextus Revista Digital},
}

@article{mercer2018,
    title         = {Psychology for language learning: Spare a thought for the teacher},
    author        = {Mercer, Sarah},
    year          = {2018},
    volume        = {51},
    pages         = {504–525},
    journaltitle  = {Language Teaching},
}

@article{larsen2019,
    title         = {On Language Learner Agency: A Complex Dynamic Systems Theory Perspective},
    author        = {Larsen-Freeman, Diane},
    year          = {2019},
    volume        = {103},
    number        = {1},
    pages         = {61--79},
    journaltitle  = {The Modern Language Journal},
}

@incollection{sang2020,
    title         = {Teacher Agency},
    author        = {Sang, Guoyuan},
    year          = {2020},
    booktitle     = {Encyclopedia of Teacher Education},
    publisher     = {Springer},
    address       = {Singapore},
    pages         = {1--5},
    editor        = {Peters, Michael},
}

@article{stetsenko2020,
    title         = {Critical Challenges in Cultural-Historical Activity Theory: The Urgency of Agency},
    author        = {Stetsenko, Anna},
    year          = {2020},
    volume        = {16},
    number        = {2},
    journaltitle  = {Cultural-Historical Psychology},
}

@article{mairitsch2023,
    title         = {Putting the social into learner agency: Understanding social relationships and affordances},
    author        = {Mairitsch, Astrid and Sulis, Giulia and Mercer, Sarah and Bauer, D\'{e}sir\'{e}e},
    year          = {2023},
    volume        = {120},
    pages         = {102214},
    journaltitle  = {International Journal of Educational Research},
}
