
@article{avila_quinones_estilos_2014,
	title = {Estilos y estrategias de afrontamiento y rendimiento académico: una revisión empírica},
	volume = {1},
	issn = {2539-1445, 2389-8798},
	url = {https://revistasdigitales.uniboyaca.edu.co/index.php/EFQ/article/view/79},
	doi = {10.24267/23898798.79},
	number = {1},
	urldate = {2022-09-28},
	journal = {Enfoques},
	author = {Ávila Quiñones, A. S. and Montaña Mogollón, G. J. and Arenas, D. J. and Burgos Díaz, J. P.},
	month = dec,
	year = {2014},
	pages = {15--44},
}

@article{barroso-osuna_visiones_2020,
	title = {Visiones desde la {Neurociencia}-{Neurodidáctica} para la incorporación de las {TIC} en los escenarios educativos},
	issn = {2659-4439},
	url = {https://ambosmundos.ua.es/article/view/2020-n1-visiones-desde-la-neurociencia-neurodidactica-para-la-incorporacion-de-las-tic-en-los-escenarios-educativos},
	doi = {10.14198/ambos.2020.1.2},
	number = {1},
	urldate = {2022-09-28},
	journal = {Revista de Ciencias Sociales Ambos Mundos},
	author = {Barroso-Osuna, J. and Cabero-Almenara, J. and Valencia Ortiz, R.},
	month = jul,
	year = {2020},
	pages = {7},
}

@phdthesis{blundell_descriptive_2015,
	address = {Ohio, Estados Unidos},
	type = {Tesis {Doctoral}},
	title = {A {Descriptive} {Phenomenological} {Investigation} of the {Academic} {Information} {Search} {Process} {Experience} of {Remedial} {Undergraduate} {Students}},
	school = {Kent State University, Kent},
	author = {Blundell, S.},
	year = {2015},
}

@incollection{cabrera_evolucion_2014,
	address = {Barcelona},
	title = {Evolución de las perspectivas de estudio de la retención universitaria en los {EEUU}: {Bases} conceptuales y puntos de inflexión},
	booktitle = {Persistir con éxito en la universidad: de la investigación a la acción},
	publisher = {Laertes},
	author = {Cabrera, A. F. and Pérez, P. and López, L.},
	editor = {Figuera, P.},
	year = {2014},
	pages = {15--40},
}

@article{carpenter_student_2015,
	title = {Student skills and the {Bradley} agenda in {Australia}},
	url = {https://ro.uow.edu.au/asdpapers/488},
	doi = {10.1080/07294360.2014.956698},
	journal = {Senior Deputy Vice-Chancellor and Deputy Vice-Chancellor (Education) - Papers},
	author = {Carpenter, J. and Dearlove, J. and Marland, J.},
	month = jan,
	year = {2015},
	pages = {284--297},
}

@article{chavez_neurodidactica_2020,
	title = {Neurodidáctica como alternativa innovadora para optimizar el aprendizaje},
	volume = {20},
	issn = {1810-3413},
	url = {https://dialnet.unirioja.es/servlet/articulo?codigo=8083638},
	number = {56},
	urldate = {2022-09-28},
	journal = {Varela},
	author = {Chávez, L. M. and Chávez Baca, R. L.},
	year = {2020},
	pages = {145--157},
}

@article{feixas_condom_hacia_2015,
	title = {Hacia la comprensión del abandono universitario en {Catalunya}: el caso de la {Universitat} {Autònoma} de {Barcelona}},
	issn = {1578-7001},
	url = {https://dialnet.unirioja.es/servlet/articulo?codigo=5148963},
	number = {28 (Estudios sobre Educación; Vol)},
	urldate = {2022-09-28},
	journal = {ESE: Estudios sobre educación.},
	author = {Feixas Condom, M. and Muñoz Moreno, J. L. and Sallán, J. G. and Gómez, D. R. and Casanoves, M. N.},
	year = {2015},
	pages = {117--138},
}

@article{fernandez_cruz_evaluation_2020,
	title = {Evaluation of the {Emotional} and {Cognitive} {Regulation} of {Young} {People} in a {Lockdown} {Situation} {Due} to the {Covid}-19 {Pandemic}.},
	url = {https://www.ncbi.nlm.nih.gov/pmc/articles/PMC7644761},
	urldate = {2022-09-28},
	journal = {Front Psychol},
	author = {Fernández Cruz, M. and Álvarez Rodríguez, J. and Ávalos Ruiz, I. and Cuevas López, M. and de Barros Camargo, C. and Díaz Rosas, F. and González Castellón, E. and González González, D. and Hernández Fernández, A. and Ibáñez Cubillas, P. and Lizarte Simón, E. J.},
	year = {2020},
	pages = {565503--565503},
}

@book{fernandez_cruz_formacion_2015,
	address = {Madison},
	title = {Formacion y {Desarrollo} de {Profesionales} de la {Educacion}: {Un} {Enfoque} {Profundo}},
	publisher = {Deep University Press},
	author = {Fernández Cruz, M.},
	year = {2015},
}

@article{fernandez_cruz_nuevas_2011,
	title = {Nuevas políticas de profesionalización docente en la {Educación} {Superior}},
	volume = {2},
	issn = {1989-9572},
	url = {https://dialnet.unirioja.es/servlet/articulo?codigo=3977177},
	number = {1},
	urldate = {2022-09-28},
	journal = {JETT},
	author = {Fernández Cruz, M. and Gijón Puerta, J. },
	year = {2011},
	pages = {92--106},
}

@article{fernandez_cruz_formacion_2012,
	title = {Formación de profesionales basada en competencias},
	number = {3},
	journal = {Journal for Educators, Teachers and Trainers},
	author = {Fernández Cruz, M. and Gijón, J.},
	year = {2012},
	pages = {109--119},
}

@article{gairin_student_2014,
	title = {Student dropout rates in {Catalan} universities: profile and motives for disengagement},
	volume = {20},
	issn = {1353-8322},
	url = {https://doi.org/10.1080/13538322.2014.925230},
	doi = {10.1080/13538322.2014.925230},
	number = {2},
	urldate = {2022-09-28},
	journal = {Quality in Higher Education},
	author = {Gairín, J. and Triado, X. M. and Feixas, M. and Figuera, P. and Aparicio-Chueca, P. and Torrado, M.},
	month = may,
	year = {2014},
	keywords = {higher education, student dropout, Catalan university system, motives, disengagement},
	pages = {165--182},
}

@phdthesis{henriquez_construccion_2007,
	type = {Tesis {Doctoral}},
	title = {Construcción, desarrollo y validación de un cuestionario de motivos de inicio, persistencia, expectativas de cambio y expectativas de abandono de los estudios universitarios},
	school = {ULPGC},
	author = {Henríquez, A. J.},
	year = {2007},
}

@article{hernandez_fernandez_relation_2020,
	title = {Relation of the {ICT} with neuroeducation, inclusion, pluriculturality and environmental education through a {Confirmatory} {Factorial} {Analysis} study},
	volume = {13},
	url = {https://www.redalyc.org/journal/5771/577165121015/html/},
	number = {3},
	urldate = {2022-09-28},
	journal = {Texto Livre: Linguagem e Tecnologia},
	author = {Hernández Fernández, A.},
	year = {2020},
	pages = {262--277},
}

@article{hnoievska_formation_2021,
	title = {Formation of {Correctional} {Competence} of {Teachers} on the {Basis} of {Neuropedagogy}},
	volume = {12},
	copyright = {Copyright (c) 2021 The Authors \& LUMEN Publishing House},
	issn = {2067-3957},
	url = {https://lumenpublishing.com/journals/index.php/brain/article/view/4195},
	doi = {10.18662/brain/12.3/229},
	number = {3},
	urldate = {2022-09-28},
	journal = {BRAIN. Broad Research in Artificial Intelligence and Neuroscience},
	author = {Hnoievska, O. and Babii, I. and Kalynovska, I. and Cherednyk, A. and Nikitenko, A. and Minenok, A.},
	month = aug,
	year = {2021},
	keywords = {neurophysiological features},
	pages = {236--254},
}

@incollection{jorda_neurodidactica_2018,
	title = {Neurodidáctica aplicada en el contexto universitario},
	booktitle = {Redes colaborativas en torno a la docencia universitaria},
	author = {Jordá, J. M. and Parra, M. T. and Casanova, G.},
	editor = {Roig-Vila, R.},
	year = {2018},
	pages = {115--125},
}

@article{lightsey_positive_2011,
	title = {Do positive thinking and meaning mediate the positive affect-life satisfaction relationship?},
	number = {43},
	journal = {Canadian Journal of Behavioural Science},
	author = {Lightsey, O. R. and Boyraz, G.},
	year = {2011},
	pages = {203--213},
}

@phdthesis{lizarte_alisis_2017,
	address = {Granada},
	type = {Tesis doctoral},
	title = {Análisis de los estudios en la {Universidad} de {Granada}. {El} caso de la {Facultad} de {Ciencias} de la {Educación}},
	school = {Universidad De Granada},
	author = {Lizarte, E. J.},
	year = {2017},
}

@incollection{lizarte_simon_caracterizacion_2019,
	title = {Caracterización de las variables que influyen en el abandono de estudiantes de primer año de universidad en el ámbito de las ciencias sociales. {El} caso de la {Facultad} de {Ciencias} de la {Educación} de la {Universidad} de {Granada}},
	booktitle = {Investigar e innovar para cambiar: {Una} apuesta necesaria en la docencia universitaria},
	publisher = {Comares},
	author = {Lizarte Simón, E. J.},
	editor = {Sánchez, S. and Rojas, G. and Mingorance, A. C.},
	year = {2019},
	pages = {153--171},
}

@incollection{lizarte_simon_early_2020,
	title = {Early dropout in college students: {The} influence of social integration, academic effectiveness and financial stress},
	booktitle = {Experiencias e {Investigaciones} en {Contextos} {Educativos}},
	publisher = {Dykinson},
	author = {Lizarte Simón, E. J.},
	editor = {Hinojo Lucena, E. J. and Sadio Ramos, F. J. and López Núñez, J. A. and Romero Rodríguez, J. M.},
	year = {2020},
	pages = {519--531},
}

@incollection{lizarte_simon_quality_2021,
	title = {Quality in higher education: drop-out profiles of students from the {University} of {Granada}},
	booktitle = {Educar y formar a la generación {Z}: experiencias derivadas de la investigación},
	publisher = {Octaedro },
	author = {Lizarte Simón, E. J.},
	editor = {Moreno Guerrero, A. J. and Marín Marín, J. A. and Trujillo Torres, J. M. and Cáceres Reche, M. P.},
	year = {2021},
	pages = {103--122},
}

@incollection{lizarte_simon_determinantes_2020,
	title = {Determinantes sociales e institucionales y percepción de los estudiantes de la {Universidad} de {Granada} sobre su eficacia en el estudio},
	booktitle = {Investigación {Educativa} e {Inclusión}. {Retos} actuales en la sociedad del siglo {XXI}},
	publisher = {Dykinson},
	author = {Lizarte Simón, E. J.},
	editor = {Sola, T. and López, J. A. and Moreno, A. J. and Sola, J. M. and Pozo, S.},
	year = {2020},
	pages = {415--430},
}

@phdthesis{louise_mathematics_2015,
	address = {Minneapolis, Minnesota, Estados Unidos},
	type = {Tesis {Doctoral}},
	title = {Mathematics {Boot} {Camps}: {A} {Strategy} for {Helping} {Students} to {Bypass} {Remedial} {Courses}},
	school = {Walden University},
	author = {Louise, M. A.},
	year = {2015},
}

@article{marina_neurociencia_2012,
	title = {Neurociencia y educación},
	volume = {1},
	number = {1},
	journal = {Participación Educativa 2ª},
	author = {Marina, J. A.},
	year = {2012},
	pages = {7--14},
}

@misc{ministerio_de_universidades_datos_2021,
	title = {Datos y cifras del {Sistema} {Universitario} {Español} 2020-2021},
	author = {{Ministerio de Universidades}},
	year = {2021},
}

@article{muchiut_neurodidactica_2018,
	title = {Neurodidáctica y autorregulación del aprendizaje, un camino de la teoría a la práctica},
	volume = {78},
	issn = {1681-5653, 1022-6508},
	url = {https://dialnet.unirioja.es/servlet/articulo?codigo=6711421},
	number = {1},
	urldate = {2022-09-28},
	journal = {Revista Iberoamericana de Educación},
	author = {Muchiut, A. F. and Zapata, R. B. and Comba, A. and Mari, Martín and Torres, N. and Pellizardi, J. and Segovia, A. P.},
	year = {2018},
	pages = {205--219},
}

@incollection{rienties_longitudinal_2008,
	address = {Springer},
	title = {Longitudinal study of online remedial education effects},
	booktitle = {The {Power} of {Technology} for {Learning}},
	publisher = {Dordrecht},
	author = {Rienties, B. and Tempelaar, D. and Dijkstra, J. and Rehm, M. and Gijselaers, W.},
	year = {2008},
	pages = {43--59},
}

@article{sohail_stress_2013,
	title = {Stress and academic performance among medical students},
	volume = {23},
	issn = {1681-7168},
	doi = {01.2013/JCPSP.6771},
	number = {1},
	journal = {Journal of the College of Physicians and Surgeons--Pakistan: JCPSP},
	author = {Sohail, N.},
	month = jan,
	year = {2013},
	keywords = {Achievement, Adaptation, Psychological, Adult, Education, Medical, Undergraduate, Educational Measurement, Female, Humans, Interviews as Topic, Male, Qualitative Research, Schools, Medical, Severity of Illness Index, Sex Distribution, Stress, Psychological, Students, Medical, Surveys and Questionnaires, Young Adult},
	pages = {67--71},
}

@article{tinto_reflections_2017,
	title = {Reflections on {Student} {Persistence}},
	volume = {8},
	copyright = {Copyright (c)},
	issn = {2205-0795},
	url = {https://studentsuccessjournal.org/article/view},
	doi = {10.5204/ssj.v8i2.376},
	number = {2},
	urldate = {2022-09-28},
	journal = {Student Success},
	author = {Tinto, V.},
	month = jul,
	year = {2017},
	keywords = {student engagement},
	pages = {1--8},
}

@article{torrado_contexto_2013,
	title = {El contexto académico como factor diferenciador en la transición a la universidad},
	volume = {13},
	number = {1},
	journal = {Revista Contrapontos},
	author = {Torrado, M. and Figuera, M. P.},
	year = {2013},
	pages = {33--41},
}

@article{triado_ivern_satisfaccion_2015,
	title = {Satisfacción y motivación del profesorado en el primer curso en grados de ciencias sociales.},
	volume = {13},
	issn = {1887-4592, 1887-4592},
	url = {https://polipapers.upv.es/index.php/REDU/article/view/6454},
	doi = {10.4995/redu.2015.6454},
	number = {1},
	urldate = {2022-09-28},
	journal = {REDU. Revista de Docencia Universitaria},
	author = {Triadó Ivern, X. M. and Aparicio Chueca, P. and Freixa Niella, M. and Torrado Fonseca, M.},
	month = mar,
	year = {2015},
	pages = {203},
}

@article{urbina_cardenas_abandono_2016,
	title = {Abandono y permanencia en la educación superior: {Una} aplicación de la {Teoría} {Fundamentada}*},
	volume = {12},
	url = {https://www.redalyc.org/journal/4137/413744648003/html/},
	number = {1},
	urldate = {2022-09-28},
	journal = {Sophia},
	author = {Urbina Cárdenas, J. E. and Ovalles Rodriguez, G. A.},
	year = {2016},
	pages = {27--37},
}

@article{velazquez_narvaez_factores_2017,
	title = {Factores asociados a la permanencia de estudiantes universitarios: caso {UAMM}-{UAT}},
	volume = {46},
	issn = {0185-2760},
	url = {http://www.scielo.org.mx/scielo.php?script=sci_abstract&pid=S0185-27602017000400117&lng=es&nrm=iso&tlng=es},
	doi = {10.1016/j.resu.2017.11.003},
	number = {184},
	urldate = {2022-09-28},
	journal = {Revista de la educación superior},
	author = {Velázquez Narváez, Y. and González Medina, M. A. and Velázquez Narváez, Y. and González Medina, M. A.},
	month = dec,
	year = {2017},
	pages = {117--138},
}