@article{stodden2009,
    title         = {Enabling Reproducible Research: Open Licensing for Scientific Innovation},
    author        = {Stodden, Victoria},
    year          = {2009},
    journal       = {International Journal of Communications Law and Policy},
    volume        = {13},
    pages         = {1--25},
}

@article{svensson2010,
    title         = {The landscape of digital humanities},
    author        = {Svensson, Patrik},
    year          = {2010},
    journal       = {Digital Humanities Quarterly},
    volume        = {4},
    number        = {1},
}

@article{cryer2011,
    title         = {Incorporating open access into libraries},
    author        = {Cryer, Emma},
    year          = {2011},
    journal       = {Serials Review},
    volume        = {37},
    number        = {2},
    pages         = {103--107},
}

@article{adams2012,
    title         = {Digital humanities: Where to start},
    author        = {Adams, Jennifer L. and Gunn, Kevin B.},
    year          = {2012},
    journal       = {College \& Research Libraries News},
    volume        = {73},
    number        = {9},
    pages         = {536--569},
}

@misc{european_science_foundation2012,
    title         = {Network for Digital Methods in the Arts and Humanities (NeDiMAH)},
    author        = {{European Science Foundation}},
    year          = {2012},
}

@book{warwick2012,
    title         = {Digital humanities in practice},
    author        = {Warwick, Claire and Terras, Melissa and Nyhan, Julianne},
    year          = {2012},
    publisher     = {Facet Publishing},
}

@article{ell2013,
    title         = {E-Infrastructure in the Humanities},
    author        = {Ell, Paul S. and Hughes, Lorna M.},
    year          = {2013},
    journal       = {International Journal of Humanities and Arts Computing},
    volume        = {7},
    number        = {1--2},
    pages         = {24--40},
    doi           = {10.3366/ijhac.2013.0079},
    url           = {https://doi.org/10.3366/ijhac.2013.0079},
    urldate       = {2024-05-15},
}

@techreport{fecher2013,
    title         = {Open Science: One Term, Five Schools of Thought},
    author        = {Fecher, B. and Friesike, S.},
    year          = {2013},
    number        = {Open Science},
    institution   = {RatSWD Working Paper Series},
}

@article{fresa2013,
    title         = {A Data Infrastructure for Digital Cultural Heritage: Characteristics, Requirements and Priority Services},
    author        = {Fresa, Antonella},
    year          = {2013},
    journal       = {International Journal of Humanities and Arts Computing},
    volume        = {7},
    number        = {supplement},
    pages         = {29--46},
    doi           = {10.3366/ijhac.2013.0058},
    url           = {https://doi.org/10.3366/ijhac.2013.0058},
    urldate       = {2024-05-15},
}

@article{henrich2013,
    title         = {DARIAH(-DE): Digital Research Infrastructure for the Arts and Humanities — Concepts and Perspectives},
    author        = {Henrich, Andreas and Gradl, Tobias},
    year          = {2013},
    journal       = {International Journal of Humanities and Arts Computing},
    volume        = {7},
    number        = {supplement},
    pages         = {47--58},
    doi           = {10.3366/ijhac.2013.0059},
    url           = {https://doi.org/10.3366/ijhac.2013.0059},
    urldate       = {2024-05-15},
}

@article{fiormonte2014,
    title         = {Digital Humanities from a global perspective},
    author        = {Fiormonte, Domenico},
    year          = {2014},
    journal       = {Laboratorio dell'ISPF},
    volume        = {11},
    number        = {10.12862},
    pages         = {121--136},
}

@misc{saya2014,
    title         = {Dados abertos de pesquisa: ampliando o conceito de acesso livre},
    author        = {Sayão, Luís Fernando and Sales, Luana Farias},
    year          = {2014},
}

@article{ghosh2015,
    title         = {Digital Humanities: An attempt to place itself in a new modernity},
    author        = {Ghosh, Dibyajyoti},
    year          = {2015},
    journal       = {Rupkatha Journal on Interdisciplinary Studies in Humanities},
    volume        = {7},
    number        = {1},
    pages         = {21--28},
}

@inproceedings{pontika2015,
    title         = {Fostering open science to research using a taxonomy and an e-learning portal},
    author        = {Pontika, Nancy and others},
    year          = {2015},
    booktitle     = {ACM International Conference Proceeding Series},
    publisher     = {Association for Computing Machinery},
}

@misc{european_commission2016,
    title         = {Open innovation, open science, open to the world: a vision for Europe},
    author        = {{European Commission}},
    year          = {2016},
    publisher     = {Publications Office of the European Union Luxembourg},
}

@misc{picarra2016,
    title         = {Discussion Paper: Researchers and Open Science},
    author        = {Picarra, Mafalda and Swan, Alma},
    year          = {2016},
    volume        = {51858},
    url           = {https://doi.org/10.5281/zenodo},
    urldate       = {2024-05-15},
}

@article{wilkinson2016,
    title         = {The FAIR Guiding Principles for scientific data management and stewardship},
    author        = {Wilkinson, Mark D. and others},
    year          = {2016},
    journal       = {Scientific Data},
    volume        = {3},
    pages         = {1--9},
}

@article{bailey2017,
    title         = {Creating digital knowledge: Library as open access digital publisher},
    author        = {Bailey, D Russell},
    year          = {2017},
    journal       = {College \& Undergraduate Libraries},
    volume        = {24},
    pages         = {216--225},
}

@online{comissaoeuropeia2017,
    title         = {Guidelines to the Rules on Open Access to Scientific Publications and Open Access to Research Data in Horizon 2020},
    author        = {{Comissão Europeia}},
    year          = {2017},
    url           = {https://ec.europa.eu/research/participants/data/ref/h2020/grants_manual/hi/oa_pilot/h2020-hi-oa-pilot-guide_en.pdf},
    urldate       = {2024-05-15},
}

@article{cuartas2017,
    title         = {Humanidades digitales, deje-as em paz},
    author        = {Cuartas Restrepo, Juan Manuel},
    year          = {2017},
    journal       = {Revista Colombiana de Educación},
    volume        = {72},
    pages         = {65--78},
    issn          = {0120-3916},
}

@misc{learn2017,
    title         = {LEARN Toolkit of Best Practice for Research Data Management},
    author        = {Learn},
    year          = {2017},
    url           = {http://learn-rdm.eu/en/research-data-management-toolkit-now-available/},
    urldate       = {2024-05-15},
}

@article{pertsas2017,
    title         = {Scholarly Ontology: modelling scholarly practices},
    author        = {Pertsas, Vayianos and Constantopoulos, Panos},
    year          = {2017},
    journal       = {International Journal on Digital Libraries},
    volume        = {18},
    number        = {3},
    pages         = {173--190},
    doi           = {10.1007/s00799-016-0169-3},
    url           = {https://doi.org/10.1007/s00799-016-0169-3},
    urldate       = {2024-05-15},
}

@article{poole2017,
    title         = {The conceptual ecology of digital humanities},
    author        = {Poole, Alex H.},
    year          = {2017},
    journal       = {Journal of Documentation},
    volume        = {73},
    number        = {1},
    pages         = {91--122},
}

@misc{ahrc2018,
    title         = {What is the AHRC?},
    author        = {Ahrc},
    year          = {2018},
    url           = {https://www.youtube.com/watch?v=eKRyNuaGJKQ},
    urldate       = {2024-05-29},
}

@article{cordeiro2018,
    title         = {Preservação Digital e a Biblioteconomia},
    author        = {Cordeiro, Larissa Silva and others},
    year          = {2018},
    journal       = {Revista Bibliomar},
    volume        = {0},
    number        = {0},
    pages         = {36--50},
    url           = {http://periodicoseletronicos.ufma.br/index.php/bibliomar/article/view/9823},
    urldate       = {2024-05-15},
}

@incollection{earnshaw2018,
    title         = {Digital Humanities},
    author        = {Earnshaw, Rae},
    year          = {2018},
    booktitle     = {Research and Development in Digital Media},
    publisher     = {Springer International Publishing},
    pages         = {79--86},
    doi           = {10.1007/978-3-319-73080-6_6},
    url           = {https://doi.org/10.1007/978-3-319-73080-6_6},
    urldate       = {2024-05-15},
    editor        = {Earnshaw, Rae},
}

@article{luz2018,
    title         = {Curadoria digital, custódia arquivística e preservação digital: relações possíveis},
    author        = {Luz, Charlley dos Santos},
    year          = {2018},
    journal       = {Páginas a\&b: arquivos e bibliotecas},
    pages         = {92--103},
}

@article{mahony2018,
    title         = {Cultural diversity and the digital humanities},
    author        = {Mahony, Simon},
    year          = {2018},
    journal       = {Fudan Journal of the Humanities and Social Sciences},
    volume        = {11},
    number        = {3},
    pages         = {371--388},
}

@article{vicente2018,
    title         = {Open Science now: A systematic literature review for an integrated definition},
    author        = {Vicente-Saez, Ruben and Martinez-Fuentes, Clara},
    year          = {2018},
    month         = {6},
    journal       = {Journal of Business Research},
    volume        = {88},
    pages         = {428--436},
}

@article{anyaoku2019,
    title         = {Digital preservation practices in university libraries: An investigation of institutional repositories in Africa},
    author        = {Anyaoku, E N and Echedom, A U N and Baro, E E},
    year          = {2019},
    journal       = {Digital Library Perspectives},
    volume        = {35},
    number        = {1},
    pages         = {41--64},
    doi           = {10.1108/dlp-10-2017-0041},
    url           = {https://www.scopus.com/inward/record.uri?eid=2-s2.0-85058938372&doi=10.1108%2fDLP-10-2017-0041&partnerID=40&md5=fd514bd6c939e7681e977b7588c74bbf},
    urldate       = {2024-05-29},
}

@misc{bassett2019,
    title         = {Connecting the Humanities through Research Infrastructures},
    author        = {Bassett, Sheena and others},
    year          = {2019},
    url           = {https://switchboard.clarin.eu},
    urldate       = {2024-05-29},
}

@article{knockelmann2019open,
    title         = {Open science in the humanities, or: Open humanities?},
    author        = {Knöchelmann, Marcel},
    year          = {2019},
    journal       = {Publications},
    volume        = {7},
    number        = {4},
}

@inproceedings{du2019,
    title         = {A survey on LDA topic modeling in digital humanities},
    author        = {Du, Keli},
    year          = {2019},
    booktitle     = {Book of Abstracts DH2019},
    volume        = {10},
    pages         = {H9uypi},
}

@article{kalman2019,
    title         = {A landscape of data – working with digital resources within and beyond DARIAH},
    author        = {Kálmán, Tibor and others},
    year          = {2019},
    journal       = {International Journal of Digital Humanities},
    volume        = {1},
    number        = {1},
    pages         = {113--131},
    doi           = {10.1007/s42803-019-00008-6},
    url           = {https://doi.org/10.1007/s42803-019-00008-6},
    urldate       = {2024-05-15},
}

@misc{pinheiro2019,
    title         = {Da ciência aberta à ciência cidadã: ampliando perspectivas de inclusão educacional de surdos no Brasil},
    author        = {Pinheiro, Lena Vania and Chalhub, Tania},
    year          = {2019},
}

@article{zarnitz2019,
    title         = {Ten Years of Strategic Collaboration of Libraries in Digital Preservation},
    author        = {Zarnitz, Monika and Bähr, Thomas and Arning, Ursula},
    year          = {2019},
    journal       = {LIBER Quarterly: The Journal of the Association of European Research Libraries},
    volume        = {29},
    number        = {1},
    pages         = {1--22},
    url           = {https://liberquarterly.eu/article/view/10781},
    urldate       = {2024-05-15},
}

@article{carroll2020,
    title         = {The CARE principles for indigenous data governance},
    author        = {Carroll, Stephanie Russo and others},
    year          = {2020},
    journal       = {Data Science Journal},
    volume        = {19},
    number        = {1},
    pages         = {1--12},
}

@article{edmond2020,
    title         = {Sustainability of digital humanities projects as a publication and documentation challenge},
    author        = {Edmond, Jennifer and Morselli, Francesca},
    year          = {2020},
    journal       = {Journal of Documentation},
    volume        = {76},
    number        = {5},
    pages         = {1019--1031},
}

@misc{tasovac2020,
    title         = {Cultural heritage data from a humanities research perspective: a DARIAH Position Paper},
    author        = {Tasovac, Toma and Chambers, Sally and Tóth-Czifra, Erzsébet},
    year          = {2020},
}

@online{aguilera2021,
    title         = {Expanding OA and Digital Services at UC3M. Data Management and Digital Humanities Support},
    author        = {Aguilera Ortega, Raúl},
    year          = {2021},
}

@article{carlin2021,
    title         = {Le BnF DataLab, un service aux chercheurs en humanités numériques},
    author        = {Carlin, Marie and Laborderie, Arnaud},
    year          = {2021},
    journal       = {Humanités numériques},
    number        = {4},
}

@article{clark2021,
    title         = {Open Science: Open Data, Open Models, …and Open Publications?},
    author        = {Clark, Martyn P. and others},
    year          = {2021},
    journal       = {Water Resources Research},
    volume        = {57},
    number        = {4},
    pages         = {1--8},
}

@article{else2021,
    title         = {A guide to Plan S: the open-access initiative shaking up science publishing},
    author        = {Else, Holly},
    year          = {2021},
    journal       = {Nature},
}

@misc{morais2021,
    title         = {From principles to practices: Open Science at Europe’s universities. 2020-2021 EUA Open Science Survey results},
    author        = {Morais, Rita and others},
    year          = {2021},
}

@article{silveira2021,
    title         = {Ciência aberta na perspectiva de especialistas brasileiros: proposta de taxonomia},
    author        = {Silveira, Lúcia da and others},
    year          = {2021},
    journal       = {Encontros Bibli: revista eletrônica de biblioteconomia e ciência da informação},
    volume        = {26},
    pages         = {1--27},
}

@article{ahmad2022,
    title         = {Assessing the preparedness of university libraries for digital preservation},
    author        = {Ahmad, Rafiq and Rafiq, Muhammad},
    year          = {2022},
    journal       = {The Journal of Academic Librarianship},
    volume        = {48},
    number        = {6},
    pages         = {102617},
    doi           = {10.1016/j.acalib.2022.102617},
    url           = {https://www.sciencedirect.com/science/article/pii/S0099133322001331},
    urldate       = {2024-05-24},
}

@article{botevericad2022,
    title         = {Academic libraries and research data management},
    author        = {Boté-Vericad, Juan-José and Healy, Sharon},
    year          = {2022},
    journal       = {Vjesnik bibliotekara Hrvatske},
    volume        = {65},
    number        = {3},
    pages         = {171--193},
}

@inproceedings{budke2022,
    title         = {Poster: KU Leuven Libraries Artes and Digital Scholarship},
    author        = {Budke, Leah and others},
    year          = {2022},
    booktitle     = {DH Benelux},
    address       = {Esch-sur-Alzette, Luxembourg and online},
}

@article{delrio2022,
    title         = {Humanidades Digitales o las Humanidades en la intersección de lo digital, lo público, lo mínimo y lo abierto},
    author        = {Del Rio Riande, Gimena},
    year          = {2022},
    journal       = {Publicaciones de la Asociación Argentina de Humanidades Digitales},
    volume        = {3},
}

@incollection{delriofiormonte2022,
    title         = {Digital Humanities and Visible and Invisible Infrastructures},
    author        = {Del Rio Riande, Gimena and Fiormonte, Domenico},
    year          = {2022},
    booktitle     = {Global Debates in the Digital Humanities},
    pages         = {247--258},
}

@misc{estill2022,
    title         = {The circus we deserve? A front row look at the organization of the annual academic conference for the digital humanities},
    author        = {Estill, Laura and others},
    year          = {2022},
}

@article{harrington2022,
    title         = {Documenting an Open Future in a Post-Policy World},
    author        = {Harrington, Caitlin and Scott, Rachel E.},
    year          = {2022},
    journal       = {The Serials Librarian},
    volume        = {82},
    number        = {1--4},
    pages         = {113--121},
    doi           = {10.1080/0361526x.2022.2017673},
    url           = {https://doi.org/10.1080/0361526X.2022.2017673},
    urldate       = {2024-05-15},
}

@article{manco2022,
    title         = {A Landscape of Open Science Policies Research},
    author        = {Manco, Alejandra},
    year          = {2022},
    journal       = {SAGE open},
    volume        = {12},
    number        = {4},
    pages         = {215824402211403},
}

@misc{siewicz2022,
    title         = {Supporting digital skills of arts and humanities researchers},
    author        = {Siewicz, Agnieszka},
    year          = {2022},
    url           = {https://www.ukri.org/blog/supporting-digital-skills-of-arts-and-humanities-researchers/},
    urldate       = {2024-05-15},
}

@techreport{taylor2022,
    title         = {Shaping data and software policy in the arts and humanities research community},
    author        = {Taylor, R and others},
    year          = {2022},
    month         = {10},
    institution   = {Software Sustainability Institute},
}

@misc{brinkman2023,
    title         = {Open Science: A Practical Guide for Early-Career Researchers (1.0)},
    author        = {Brinkman, Loek and others},
    year          = {2023},
    url           = {https://doi.org/10.5281/zenodo.7716153},
    urldate       = {2023-05-29},
}

@online{comissaoeuropeia2023eric,
    title         = {European Research Infrastructure Consortium (ERIC)},
    author        = {{Comissão Europeia}},
    year          = {2023},
    url           = {https://research-and-innovation.ec.europa.eu/strategy/strategy-2020-2024/our-digital-future/european-research-infrastructures/eric_en},
    urldate       = {2024-05-15},
}

@misc{hera2023,
    title         = {HERA Knowledge Exchange and Impact},
    author        = {{Hera}},
    year          = {2023},
    publisher     = {University of Southampton},
}

@misc{kamal2023,
    title         = {Introduction to the Special issue: The sum of its parts, what a platform of digital humanities courses says about digital humanities},
    author        = {Kamal, Ahmad M.},
    year          = {2023},
    journal       = {Education for Information},
    volume        = {39},
    pages         = {91--104},
}

@inproceedings{kamocki2023,
    title         = {Open Science and Language Data: Expectations vs. Reality: The Role of Research Data Infrastructures},
    author        = {Kamocki, Paweł and others},
    year          = {2023},
    booktitle     = {Proceedings of the Conference on Research Data Infrastructure},
}

@article{liu2023,
    title         = {The engagement of academic libraries in open science: A systematic review},
    author        = {Liu, Li and Liu, Wenyun},
    year          = {2023},
    journal       = {The Journal of Academic Librarianship},
    volume        = {49},
    number        = {3},
    pages         = {102711},
    doi           = {10.1016/j.acalib.2023.102711},
    url           = {https://www.sciencedirect.com/science/article/pii/S0099133323000502},
    urldate       = {2024-05-15},
}

@article{mounier2023,
    title         = {DIAMAS: Supporting high quality Diamond Open Access publishing},
    author        = {Mounier, Pierre and Aspaas, Per Pippin},
    year          = {2023},
    journal       = {Open Science Talk},
    number        = {48},
    url           = {https://septentrio.uit.no/index.php/OSTalk/article/view/6862},
    urldate       = {2024-05-15},
}

@misc{orcid2023,
    title         = {What are persistent identifiers (PIDs)?},
    author        = {{Orcid}},
    year          = {2023},
    url           = {https://support.orcid.org/hc/en-us/articles/360006971013-What-are-persistent-identifiers-PIDs},
    urldate       = {2024-05-15},
}

@inproceedings{risslerpipka2023,
    title         = {Pathways Between National and European Research Infrastructures: A Humanities’ Perspective},
    author        = {Rissler-Pipka, Nanette and others},
    year          = {2023},
    booktitle     = {Proceedings of the Conference on Research Data Infrastructure},
}

@online{adho2024,
    title         = {About - Alliance of Digital Humanities Organizations (ADHO)},
    author        = {Adho},
    year          = {2024},
    url           = {https://adho.org/about/},
    urldate       = {2024-05-24},
}

@inproceedings{anuradha2024,
    title         = {Proceedings of the First Workshop on Holocaust Testimonies as Language Resources (HTRes)@ LREC-COLING 2024},
    author        = {Anuradha, Isuri and others},
    year          = {2024},
    booktitle     = {Proceedings of the First Workshop on Holocaust Testimonies as Language Resources (HTRes)@ LREC-COLING 2024},
}

@misc{dariah2024,
    title         = {DARIAH in a Nutshell},
    author        = {Dariah},
    year          = {2024},
    urldate       = {2024-05-15},
    note          = {https://www.dariah.eu/about/dariah-in-nutshell/},
}

@misc{eadh2024,
    title         = {About - European Association for Digital Humanities},
    author        = {Eadh},
    year          = {2024},
    url           = {https://eadh.org/about},
    urldate       = {2024-05-15},
}

@misc{nfdi2024,
    title         = {Text+ Nationale Forschungsdateninfrastruktur (NFDI)},
    author        = {{Nfdi}},
    year          = {2024},
    url           = {https://www.nfdi.de/textplus/?lang=en},
    urldate       = {2024-05-15},
}

@article{ribeiro2024,
    title         = {Proposta de estruturação organizacional de apoio à Ciência Aberta},
    author        = {Ribeiro, Nivaldo Calixto and Oliveira, Dalgiza Andrade},
    year          = {2024},
    journal       = {Em Questão},
    volume        = {30},
}

@online{textplus2024,
    title         = {{Text+ Helpdesk}},
    author        = {Text+},
    year          = {2024},
    url           = {https://text-plus.org/en/contact/},
    urldate       = {2024-05-15},
}
