@inproceedings{HurtadoAlbir1987,
    title         = {Hacia un enfoque comunicativo de la traducción},
    author        = {Hurtado Albir, Amparo},
    year          = {1987},
    booktitle     = {II Jornadas internacionales de didáctica del español como lengua extranjera},
    address       = {Ávila},
}

@article{ArribaGarcia1996,
    title         = {Introducción a la traducción pedagógica},
    author        = {Arriba García, Clara de},
    year          = {1996},
    journal       = {Lenguaje y Textos},
    number        = {8},
    pages         = {269--283},
}

@book{consejo2002,
    title         = {Marco Com{\'u}n Europeo de Referencia para las Lenguas: aprendizaje, ense{\~n}anza, evaluaci{\'o}n},
    author        = {{Consejo de Europa} and {Ministerio de Educaci{\'o}n, Cultura y Deporte}},
    year          = {2002},
    publisher     = {Instituto Cervantes},
    address       = {Madrid},
    url           = {https://cvc.cervantes.es/ensenanza/biblioteca_ele/marco/cvc_mer.pdf},
    note          = {Acesso em 01 out. 2024.},
}

@incollection{bartaburu2004,
    title         = {La presunta Abuelita},
    author        = {Maria Eulalia Alzueta Bartaburu and Guillermo Alves de Oliveyra},
    year          = {2004},
    booktitle     = {Espa{\~n}ol en Acci{\'o}n: Tareas y Proyectos},
    publisher     = {Hispania Editora},
    address       = {S{\~a}o Paulo},
    pages         = {156},
    url           = {https://www.hispanialinguas.com.br/apoio/testeconhec_novo.htm},
    note          = {Acesso em 05 ago. 2023.},
    editor        = {Maria Eulalia Alzueta Bartaburu},
}

@article{mendo2009,
    title         = {El uso de la traducci{\'o}n en los primeros niveles de E/LE},
    author        = {Mendo Murillo, Susana},
    year          = {2009},
    journal       = {RedELE Revista Electr{\'o}nica de Did{\'a}ctica Espa{\~n}ol Lengua Extranjera},
    volume        = {1},
    number        = {17},
    pages         = {61--69},
    url           = {https://www.libreria.educacion.gob.es/libro/redele-no-17-revista-electronica-de-didactica-espanol-como-lengua-extranjera_181706/},
    note          = {Acesso em 28 out. 2024.},
}

@book{sousapereira2011,
    title         = {Glosario de verbos "Falsos amigos" en el Portugu{\'e}s Brasile{\~n}o y el Espa{\~n}ol Europeo},
    author        = {Shirley de Sousa Pereira},
    year          = {2011},
    publisher     = {GRIN Verlag},
    address       = {Munich},
    isbn          = {9783656043522},
    url           = {https://www.grin.com/document/181301},
}

@book{pym2013,
    title         = {Translation and language learning: The role of translation in the teaching of languages in the European Union. A study},
    author        = {Pym, Anthony and Malmkjaer, Kirsten and Gutierrez-Colon Plana, María del Mar},
    year          = {2013},
    publisher     = {Publications Office of the European Union},
    address       = {Luxembourg},
    doi           = {10.2782/13783},
    isbn          = {978-92-79-30926-7},
    url           = {https://data.europa.eu/doi/10.2782/13783},
}

@article{alcarazo2014,
    title         = {Aplicaciones pr{\'a}cticas de la traducci{\'o}n pedag{\'o}gica en la clase de ELE},
    author        = {Alcarazo López, Noelia and López Fern{\'a}ndez, Nuria},
    year          = {2014},
    journal       = {RedELE: revista electr{\'o}nica de did{\'a}ctica del espa{\~n}ol lengua extranjera},
    volume        = {1},
    number        = {26},
    pages         = {21--35},
    url           = {https://www.libreria.educacion.gob.es/libro/redele-no-26-revista-electronica-de-didactica-espanol-como-lengua-extranjera_178995},
    note          = {Acesso em 01 out. 2024},
}

@incollection{bergmann2019,
    title         = {Legendar para aprender l{\'\i}ngua estrangeira},
    author        = {Juliana Cristina Faggion Bergmann and Andr{\'e}a Cesco},
    year          = {2019},
    booktitle     = {Teoria e pr{\'a}tica da tradu{\c{c}}{\~a}o: legendagem, HQ, textos t{\'e}cnicos e cient{\'\i}ficos},
    publisher     = {Rafael Copetti Editor},
    address       = {Florian{\'o}polis},
    editor        = {Andr{\'e}a Cesco and Gilles Abes and Juliana Cristina Faggion Bergmann},
}

@incollection{carreres2019,
    title         = {Traducci{\'o}n pedag{\'o}gica},
    author        = {Ang{\'e}les Carreres and Mar{\'\i}a Noriega-S{\'a}nchez},
    year          = {2019},
    booktitle     = {The Routledge Handbook of Spanish Language Teaching: Metodolog{\'\i}as, contextos y recursos para la ense{\~n}anza del espa{\~n}ol L2},
    publisher     = {Routledge},
    address       = {London and New York},
    pages         = {613--627},
    editor        = {Javier Mu{\~n}oz-Basols and Elisa Gironzetti and Manel Lacorte},
}

@article{carreres2017,
  title = {Translation in Spanish language teaching: the fifth skill/La traducción en la enseñanza del español: la quinta destreza},
  volume = {4},
  ISSN = {2324-7800},
  url = {http://dx.doi.org/10.1080/23247797.2017.1419030},
  DOI = {10.1080/23247797.2017.1419030},
  number = {2},
  journal = {Journal of Spanish Language Teaching},
  publisher = {Informa UK Limited},
  author = {Carreres,  Ángeles and Muñoz-Calvo,  Micaela and Noriega-Sánchez,  María},
  year = {2017},
  month = jul,
  pages = {99–109}
}

@article{pintado2019,
    title         = {Fundamentos da tradu{\c{c}}{\~a}o pedag{\'o}gica: tradu{\c{c}}{\~a}o, ensino e comunica{\c{c}}{\~a}o},
    author        = {Pintado Gutiérrez, Lucía},
    year          = {2019},
    journal       = {Revista X},
    volume        = {14},
    number        = {2},
    pages         = {5--41},
    doi           = {10.5380/rvx.v14i2.65972},
    url           = {https://revistas.ufpr.br/revistax/article/view/65972},
}

@article{silva2020,
    title         = {Tradu{\c{c}}{\~a}o e Tecnologia Digital: Pr{\'a}ticas, Teorias, M{\'e}todos de Pesquisa e Sala de Aula},
    author        = {Silva, Igor Antônio Lourenço da and Bernal-Merino, Miguel Ángel and Esqueda, Marileide Dias and Freitas, Marcela Henrique de and Morais, Cecília Franco},
    year          = {2020},
    journal       = {Belas Infi{\'e}is},
    volume        = {9},
    number        = {4},
    pages         = {3--15},
    doi           = {10.26512/belasinfieis.v9.n4.2020.31444},
}

@book{perezgomez2021,
    title         = {Pedagogias para tempos de pandemias e perplexidades: da informação à sabedoria},
    author        = {Pérez Gómez, Ángel Ignacio},
    year          = {2021},
    publisher     = {Edições Hipótese},
    address       = {Itapetininga/SP},
    url           = {https://drive.google.com/file/d/1udR6WHPO0n7tsqlbLcfCvl1Xm8vG_oxS/view},
    note          = {Acesso em 13 out. 2024.},
    translator    = {Juliana Cristina Faggion Bergmann},
}

@book{buckingham2022,
    title         = {Manifesto pela Educa{\c{c}}{\~a}o Midi{\'a}tica},
    author        = {David Buckingham},
    year          = {2022},
    publisher     = {Edi{\c{c}}{\~o}es Sesc S{\~a}o Paulo},
    address       = {S{\~a}o Paulo},
    translator    = {Jos{\'e} Ignacio Mendes},
}

@book{consejo2022,
    title         = {Marco Com{\'u}n Europeo de Referencia para las Lenguas: aprendizaje, ense{\~n}anza, evaluaci{\'o}n. Volumen Complementario},
    author        = {{Consejo de Europa} and {Ministerio de Educaci{\'o}n, Cultura y Deporte}},
    year          = {2022},
    publisher     = {Instituto Cervantes},
    address       = {Madrid},
    url           = {https://cvc.cervantes.es/ensenanza/biblioteca_ele/marco_complementario/mcer_volumen-complementario.pdf},
    note          = {Acesso em 01 out. 2024.},
}

@article{bergmann2024,
    title         = {Literatura em sala de aula: tradu{\c{c}}{\~a}o pedag{\'o}gica como espa{\c{c}}o de pr{\'a}ticas reflexivas e de aprendizagem},
    author        = {Juliana Cristina Faggion Bergmann and Andr{\'e}a Cesco},
    year          = {2024},
    journal       = {Trabalhos em Lingu{\'\i}stica Aplicada},
    volume        = {63},
    number        = {1},
    pages         = {39--54},
    doi           = {10.1590/01031813v63120248673936},
}

@incollection{correia2024,
    title         = {Explorando a integra{\c{c}}{\~a}o da IA generativa na educa{\c{c}}{\~a}o: oportunidades, desafios e considera{\c{c}}{\~o}es {\'e}ticas},
    author        = {Ana-Paula Correia and Sean Hickey and Fan Xu},
    year          = {2024},
    booktitle     = {ChatGPT e educa{\c{c}}{\~a}o na cibercultura: fundamentos e primeiras aproxima{\c{c}}{\~o}es com intelig{\^e}ncia artificial},
    publisher     = {Edufma},
    address       = {S{\~a}o Lu{\'\i}s},
    volume        = {1},
    pages         = {18--48},
    editor        = {Edm{\'e}a Santos and Alexandre Chagas and Jo{\~a}o Bottentuit Junior},
}

@article{desposito2024,
    title         = {AI in the Teaching-Learning of Languages},
    author        = {Maria Eugenia Witzler D'Esposito and S{\'e}rgio Gatner},
    year          = {2024},
    journal       = {The ESPecialist},
    volume        = {45},
    number        = {3},
    pages         = {134--153},
    doi           = {10.23925/2318-7115.2024v45i3e63941},
    url           = {https://revistas.pucsp.br/index.php/esp/article/view/63941},
    note          = {Acesso em: 12 nov. 2024.},
}

@incollection{munozbasols2024,
    title         = {Oportunidades de la Inteligencia Artificial (IA) en la ense{\~n}anza y el aprendizaje de lenguas},
    author        = {Javier Mu{\~n}oz-Basols and Fuertes Guti{\'e}rrez, María},
    year          = {2024},
    booktitle     = {La ense{\~n}anza del espa{\~n}ol mediada por tecnolog{\'\i}a: de la justicia social a la Inteligencia Artificial (IA)},
    publisher     = {Routledge},
    address       = {Londres},
    pages         = {343--365},
    editor        = {Javier Mu{\~n}oz-Basols and Mar{\'\i}a Fuertes Guti{\'e}rrez and Luis Cerezo},
}
