@article{maiadimensoes,
    title         = {Dimens{\~o}es do Processamento Sint{\'a}tico},
    author        = {Maia, Marcus},
    journal       = {MOTA, MB; NAME, C.(org.)},
}

@article{almeida20ambiguidade,
    title         = {Ambiguidade Na Sala De Aula:“pra Que Te Quero?”},
    author        = {Almeida, Francisca Aurea Rodrigues and de Ara{\'u}jo, Myrth Charssiany Oliveira and da Silva, Valdercley Santos},
    journal       = {Revista Philologus, Ano},
    volume        = {20},
}

@book{bacon,
    title         = {Ensaios de Francis Bacon},
    author        = {Francis Bacon},
    year          = {1597},
}

@article{jurgens1972perception,
    title         = {Perception of lexical and structural ambiguity by junior and senior high school students},
    author        = {Jurgens, Sister Jeanne Marie},
    year          = {1972},
    journal       = {Elementary English},
    publisher     = {Jstor},
    pages         = {497--501},
}

@article{shultz1973development,
    title         = {Development of the ability to detect linguistic ambiguity},
    author        = {Shultz, Thomas R and Pilon, Robert},
    year          = {1973},
    journal       = {Child Development},
    publisher     = {Jstor},
    pages         = {728--733},
}

@book{kempson1977semantic,
    title         = {Semantic theory},
    author        = {Kempson, Ruth M},
    year          = {1977},
    publisher     = {Cambridge University Press},
}

@book{lyons1977semantics,
    title         = {Semantics. 1},
    author        = {Lyons, John},
    year          = {1977},
    publisher     = {Cambridge University Press},
}

@book{lyons1977semantics,
    title         = {Semantics},
    author        = {Lyons, John},
    year          = {1977},
    publisher     = {Cambridge University Press},
    address       = {Cambridge},
    edition       = {1st},
}

@book{chomsky1981lectures,
    title         = {Lectures on Government and Binding: The Pisa Lectures},
    author        = {Chomsky, Noam},
    year          = {1981},
    publisher     = {Mouton de Gruyter},
    address       = {Berlin, New York},
    series        = {Studies in Generative Grammar},
}

@inproceedings{church1982,
    title         = {Coping with Syntactic Ambiguity or How to Put the Block in the Box on the Table},
    author        = {Kenneth W. Church and Ramesh Patil},
    year          = {1982},
    booktitle     = {Proceedings of the 20th Annual Meeting on Association for Computational Linguistics},
    publisher     = {Association for Computational Linguistics},
    pages         = {139--146},
    doi           = {10.3115/981311.981336},
}

@book{donaldknuth1984,
    title         = {The TeXbook},
    author        = {Donald E. Knuth},
    year          = {1984},
    publisher     = {Addison-Wesley Professional},
    isbn          = {0201134489},
}

@book{ilari1987,
    title         = {Semântica: Implicaturas e Ambigüidade Situacional},
    author        = {Rodrigues Ilari and João Geraldi},
    year          = {1987},
    publisher     = {Editora da Unicamp},
    address       = {São Paulo},
}

@article{krovetz1992lexical,
    title         = {Lexical ambiguity and information retrieval},
    author        = {Krovetz, Robert and Croft, W Bruce},
    year          = {1992},
    journal       = {ACM Transactions on Information Systems (TOIS)},
    publisher     = {ACM New York, NY, USA},
    volume        = {10},
    number        = {2},
    pages         = {115--141},
}

@article{tuggy1993ambiguity,
    title         = {Ambiguity, polysemy, and vagueness},
    author        = {Tuggy, David},
    year          = {1993},
    publisher     = {Walter de Gruyter, Berlin/New York Berlin, New York},
}

@book{leslielamport1994,
    title         = {LaTeX: A Document Preparation System (2nd Edition)},
    author        = {Leslie Lamport},
    year          = {1994},
    publisher     = {Addison-Wesley Professional},
    isbn          = {0201529831},
}

@article{ferreira1994resistencia,
    title         = {A resist{\^e}ncia da l{\'\i}ngua nos limites da sintaxe e do discurso: da ambig{\"u}idade ao equ{\'\i}voco},
    author        = {Ferreira, Maria Cristina Leandro},
    year          = {1994},
}

@article{machado1996sintaxe,
    title         = {Sintaxe dos adv{\'e}rbios de modo em Portugu{\^e}s},
    author        = {Machado, Maria Paula de Oliveira},
    year          = {1996},
    publisher     = {Porto:[Edi{\c{c}}{\~a}o do Autor]},
}

@article{ilari19974,
    title         = {A no{\c{c}}{\~a}o sem{\^a}ntica de ambig{\"u}idade},
    author        = {Ilari, Rodolfo},
    year          = {1997},
    journal       = {Veredas-Revista de Estudos Lingu{\'\i}sticos},
    volume        = {1},
    number        = {1},
}

@article{agirre1997proposal,
    title         = {A proposal for word sense disambiguation using conceptual distance},
    author        = {Agirre, Eneko and Rigau, German},
    year          = {1997},
    journal       = {Amsterdam Studies In The Theory And History Of Linguistic Science Series 4},
    publisher     = {John Benjamins Bv},
    pages         = {161--172},
}

@misc{lei9610,
    title         = {Lei nº 9.610, de 19 de fevereiro de 1998},
    author        = {Brasil},
    year          = {1998},
    url           = {http://www.planalto.gov.br/ccivil_03/leis/l9610.htm},
    date          = {1998-02-19},
}

@book{jurafsky2000speech,
    title         = {Speech and Language Processing: An Introduction to Natural Language Processing, Computational Linguistics, and Speech Recognition},
    author        = {Jurafsky, Daniel and Martin, James H.},
    year          = {2000},
    publisher     = {Prentice Hall},
    address       = {Upper Saddle River, NJ},
    edition       = {1st},
}

@article{laporte2001resoluccao,
    title         = {Resolu{\c{c}}{\~a}o de ambiguidades},
    author        = {Laporte, {\'E}ric},
    year          = {2001},
    journal       = {Tratamento das L{\'\i}nguas por Computador. Uma introdu{\c{c}}{\~a}o {\`a} Lingu{\'\i}stica Computacional e suas aplica{\c{c}}{\~o}es},
    publisher     = {Caminho},
    pages         = {49--89},
}

@article{brascher2002ambiquidade,
    title         = {A ambiq{\"u}idade na recupera{\c{c}}{\~a}o da informa{\c{c}}{\~a}o},
    author        = {Brascher, Marisa},
    year          = {2002},
    publisher     = {Iasi},
}

@article{zavaglia2003ambiguidade,
    title         = {Ambig{\"u}idade gerada pela homon{\'\i}mia: revisita{\c{c}}{\~a}o te{\'o}rica, linhas lim{\'\i}trofes com a polissemia e proposta de crit{\'e}rios distintivos},
    author        = {Zavaglia, Claudia},
    year          = {2003},
    journal       = {DELTA: Documenta{\c{c}}{\~a}o de Estudos em Ling{\"u}{\'\i}stica Te{\'o}rica e Aplicada},
    publisher     = {SciELO Brasil},
    volume        = {19},
    pages         = {237--266},
}

@article{maia2003processamento,
    title         = {O processamento de concatena{\c{c}}{\~o}es sint{\'a}ticas em tr{\^e}s tipos de estruturas frasais amb{\'\i}guas em portugu{\^e}s},
    author        = {Maia, Marcus Antonio Rezende and de Alcantara, Shelen Nascimento and Buarque, Simone Peres and de Souza Faria, Fernanda},
    year          = {2003},
    journal       = {F{\'o}rum Lingu{\'\i}stico},
    volume        = {3},
    number        = {1},
    pages         = {13--53},
}

@book{fiorin2003introduccao,
    title         = {Introdu{\c{c}}{\~a}o {\`a} ling{\"u}{\'\i}stica II: princ{\'\i}pios de an{\'a}lise},
    author        = {Fiorin, Jos{\'e} Luiz Org and Meireles, Irenilde and Blacheyre, Attila and Farias, Pedro Henrique de and Andrade, Sidney Lu{\'\i}s da Silva and Felipe, Wesley and others},
    year          = {2003},
    publisher     = {Contexto},
}

@article{maia2004compreensao,
    title         = {A compreens{\~a}o de ora{\c{c}}{\~o}es relativas amb{\'\i}guas em Portugu{\^e}s Brasileiro e Europeu: Um estudo comparativo},
    author        = {Maia, Marcus and Costa, Armanda and Fern{\'a}ndez, Eva and Louren{\c{c}}o-Gomes, Maria do Carmo},
    year          = {2004},
    journal       = {Revista ABRALIN},
    volume        = {3},
    number        = {1},
    pages         = {2},
}

@article{canccado2005manual,
    title         = {Manual de sem{\^a}ntica},
    author        = {Can{\c{c}}ado, M{\'a}rcia},
    year          = {2005},
    journal       = {Belo Horizonte: Editora UFMG},
}

@inproceedings{poesio2005,
    title         = {The Reliability of Anaphoric Annotation, Reconsidered: Taking Ambiguity into Account},
    author        = {Massimo Poesio and Ron Artstein},
    year          = {2005},
    booktitle     = {Proceedings of the Workshop on Frontiers in Corpus Annotations II: Pie in the Sky},
    publisher     = {Association for Computational Linguistics},
    pages         = {76--83},
    doi           = {10.3115/1608890.1608900},
}

@inproceedings{hoppner,
    title         = {Typesetting tables with \LaTeX{}},
    author        = {Klaus Höppner},
    year          = {2007},
    booktitle     = {{TUGboat} 2007 Proceedings},
    address       = {San Diego, California},
    volume        = {28},
    number        = {3},
    pages         = {350--353},
}

@inproceedings{koller2008,
    title         = {Learning to Parse for Belief Update},
    author        = {Alexander Koller and Vincent E. Aleven and Olivier Pietquin and Stefan J. Riezler},
    year          = {2008},
    booktitle     = {Proceedings of the 22nd International Conference on Computational Linguistics (Coling 2008)},
    location      = {Manchester, UK},
    publisher     = {Coling 2008 Organizing Committee},
    pages         = {569--576},
    doi           = {10.5555/1599081.1599145},
}

@article{ovu2011lexical,
    title         = {Lexical sources of ambiguity in English and daily communication},
    author        = {Tuggy, Basil F},
    year          = {2011},
    journal       = {Oluoha Journal of Languages},
    volume        = {1},
    number        = {1},
    pages         = {15--26},
}

@article{brito2013processamento,
    title         = {O processamento de argumentos e adjuntos em constru{\c{c}}{\~o}es sem ambiguidade estrutural.},
    author        = {Brito Bezerra, Gitanna and Martins Leit{\~a}o, M{\'a}rcio},
    year          = {2013},
    journal       = {Revista Veredas},
    volume        = {17},
    number        = {2},
}

@article{nogueira2014resoluccao,
    title         = {Resolu{\c{c}}{\~a}o do pronome nulo em Portugu{\^e}s Brasileiro: Evid{\^e}ncia de movimenta{\c{c}}{\~a}o ocular.},
    author        = {Nogueira Teixeira, Elis{\^a}ngela and Micelli Fonseca, Maria Cristina and Soares, Maria Elias},
    year          = {2014},
    journal       = {Revista Veredas},
    volume        = {18},
    number        = {1},
}

@article{yuzhannikova2015typology,
    title         = {A typology of linguistic ambiguity},
    author        = {Yuzhannikova, Marina A},
    year          = {2015},
    publisher     = {Сибирский федеральный университет. Siberian Federal University.},
}

@article{singh2015role,
    title         = {Role of karaka relations in Hindi word sense disambiguation},
    author        = {Singh, Satyendr and Siddiqui, Tanveer J},
    year          = {2015},
    journal       = {Journal of Information Technology Research (JITR)},
    publisher     = {IGI Global},
    volume        = {8},
    number        = {3},
    pages         = {21--42},
}

@inproceedings{chaplot2015unsupervised,
    title         = {Unsupervised word sense disambiguation using markov random field and dependency parser},
    author        = {Chaplot, Devendra and Bhattacharyya, Pushpak and Paranjape, Ashwin},
    year          = {2015},
    booktitle     = {Proceedings of the AAAI Conference on Artificial Intelligence},
    volume        = {29},
    number        = {1},
}

@article{ulrich2016diferentes,
    title         = {Os diferentes tipos de palavra: Investiga{\c{c}}{\~a}o acerca da intui{\c{c}}{\~a}o de falantes de portugu{\^e}s brasileiro},
    author        = {Ulrich, Camila Witt and Schwindt, Luiz Carlos da Silva},
    year          = {2016},
    journal       = {Cadernos do IL. Porto Alegre, RS. N. 52 (dez. 2016), p. 531-548},
}

@article{vaswani2017attention,
    title         = {Attention is all you need},
    author        = {Vaswani, Ashish and Shazeer, Noam and Parmar, Niki and Uszkoreit, Jakob and Jones, Llion and Gomez, Aidan N and Kaiser, {\L}ukasz and Polosukhin, Illia},
    year          = {2017},
    journal       = {Advances in neural information processing systems},
    volume        = {30},
}

@article{christiano2017deep,
    title         = {Deep reinforcement learning from human preferences},
    author        = {Christiano, Paul F and Leike, Jan and Brown, Tom and Martic, Miljan and Legg, Shane and Amodei, Dario},
    year          = {2017},
    journal       = {Advances in neural information processing systems},
    volume        = {30},
}

@article{devlin2018bert,
    title         = {Bert: Pre-training of deep bidirectional transformers for language understanding},
    author        = {Devlin, Jacob and Chang, Ming-Wei and Lee, Kenton and Toutanova, Kristina},
    year          = {2018},
    journal       = {arXiv preprint arXiv:1810.04805},
}

@article{godoy2020efeitos,
    title         = {Efeitos sint{\'a}ticos e tem{\'a}ticos na resolu{\c{c}}{\~a}o de pronomes amb{\'\i}guos em Portugu{\^e}s Brasileiro},
    author        = {Godoy, Mahayana and de Carvalho, Renata Sabrinne Souza},
    year          = {2020},
    journal       = {Revista do GELNE},
    volume        = {22},
    number        = {2},
    pages         = {131--142},
}

@book{araujo2020,
    title         = {LaTeX: Elabora\c{c}\~{a}o de Documentos Digitais},
    author        = {Alessandro Vivas and Leonardo Ara\'{u}jo and Luciana Assis},
    year          = {2020},
    isbn          = {9786500076141},
}

@article{brown2020language,
    title         = {Language models are few-shot learners},
    author        = {Brown, Tom and Mann, Benjamin and Ryder, Nick and Subbiah, Melanie and Kaplan, Jared D and Dhariwal, Prafulla and Neelakantan, Arvind and Shyam, Pranav and Sastry, Girish and Askell, Amanda and others},
    year          = {2020},
    journal       = {Advances in neural information processing systems},
    volume        = {33},
    pages         = {1877--1901},
}

@article{itankar2020ambiguity,
    title         = {Ambiguity resolution: An analytical study},
    author        = {Itankar, Prashant Y and Raza, Nikhat},
    year          = {2020},
    journal       = {International Journal of Scientific Research in Computer Science, Engineering and Information Technology},
    volume        = {6},
    number        = {2},
    pages         = {471--479},
}

@article{finger2021inteligencia,
    title         = {Intelig{\^e}ncia Artificial e os rumos do processamento do portugu{\^e}s brasileiro},
    author        = {Finger, Marcelo},
    year          = {2021},
    journal       = {Estudos Avan{\c{c}}ados},
    publisher     = {SciELO Brasil},
    volume        = {35},
    pages         = {51--72},
}

@article{freitag2021gramatica,
    title         = {A gram{\'a}tica no corpo: dos recursos corporificados na constru{\c{c}}{\~a}o e negocia{\c{c}}{\~a}o dos sentidos},
    author        = {Freitag, Raquel Meister Ko and Cruz, Regina C{\'e}lia Fernandes and da Cunha Nascimento, Thiago},
    year          = {2021},
    journal       = {Cadernos de Lingu{\'\i}stica},
    volume        = {2},
    number        = {1},
    pages         = {e354--e354},
}

@article{freitag2021preconceito,
    title         = {Preconceito lingu{\'\i}stico para humanizar as m{\'a}quinas},
    author        = {Freitag, Raquel Meister Ko},
    year          = {2021},
    journal       = {Cadernos de Lingu{\'\i}stica},
    volume        = {2},
    number        = {4},
    pages         = {e495--e495},
}

@article{haber2021patterns,
    title         = {Patterns of lexical ambiguity in contextualised language models},
    author        = {Haber, Janosch and Poesio, Massimo},
    year          = {2021},
    journal       = {arXiv preprint arXiv:2109.13032},
}

@article{bruscato2021resoluccao,
    title         = {Resolu{\c{c}}{\~a}o de ambiguidade anaf{\'o}rica em portugu{\^e}s, ingl{\^e}s e espanhol (estudo-piloto)},
    author        = {Bruscato, Amanda Maraschin and Baptista, Jorge},
    year          = {2021},
    journal       = {Alfa: Revista de Lingu{\'\i}stica (S{\~a}o Jos{\'e} do Rio Preto)},
    publisher     = {SciELO Brasil},
    volume        = {65},
    pages         = {e13626},
}

@article{freitag2021funccao,
    title         = {Fun{\c{c}}{\~a}o na l{\'\i}ngua, generaliza{\c{c}}{\~a}o e reprodutibilidade},
    author        = {Freitag, Raquel and Tejada, Julian and Pinheiro, Bruno and Cardoso, Paloma},
    year          = {2021},
    journal       = {Revista da ABRALIN},
    pages         = {1--27},
}

@phdthesis{malaquias2021revisao,
    title         = {Revis{\~a}o de texto; percursos e n{\'\i}veis de interven{\c{c}}{\~a}o},
    author        = {Malaquias, Guilherme Grazina},
    year          = {2021},
}

@article{naser2021error,
    title         = {Error metrics and performance fitness indicators for artificial intelligence and machine learning in engineering and sciences},
    author        = {Naser, MZ and Alavi, Amir H},
    year          = {2021},
    journal       = {Architecture, Structures and Construction},
    publisher     = {Springer},
    pages         = {1--19},
}

@phdthesis{padovani2022metodo,
    title         = {Um m{\'e}todo adaptativo para an{\'a}lise sint{\'a}tica do Portugu{\^e}s Brasileiro.},
    author        = {Padovani, Djalma},
    year          = {2022},
    school        = {Universidade de S{\~a}o Paulo},
}

@misc{taylor2022galactica,
    title         = {Galactica: A Large Language Model for Science},
    author        = {Ross Taylor and Marcin Kardas and Guillem Cucurull and Thomas Scialom and Anthony Hartshorn and Elvis Saravia and Andrew Poulton and Viktor Kerkez and Robert Stojnic},
    year          = {2022},
    eprint        = {2211.09085},
    archiveprefix = {arXiv},
    primaryclass  = {cs.CL},
}

@article{ouyang2022training,
    title         = {Training language models to follow instructions with human feedback},
    author        = {Ouyang, Long and Wu, Jeffrey and Jiang, Xu and Almeida, Diogo and Wainwright, Carroll and Mishkin, Pamela and Zhang, Chong and Agarwal, Sandhini and Slama, Katarina and Ray, Alex and others},
    year          = {2022},
    journal       = {Advances in Neural Information Processing Systems},
    volume        = {35},
    pages         = {27730--27744},
}

@misc{chowdhery2022palm,
    title         = {PaLM: Scaling Language Modeling with Pathways},
    author        = {Aakanksha Chowdhery and Sharan Narang and Jacob Devlin and Maarten Bosma and Gaurav Mishra and Adam Roberts and Paul Barham and Hyung Won Chung and Charles Sutton and Sebastian Gehrmann and Parker Schuh and Kensen Shi and Sasha Tsvyashchenko and Joshua Maynez and Abhishek Rao and Parker Barnes and Yi Tay and Noam Shazeer and Vinodkumar Prabhakaran and Emily Reif and Nan Du and Ben Hutchinson and Reiner Pope and James Bradbury and Jacob Austin and Michael Isard and Guy Gur-Ari and Pengcheng Yin and Toju Duke and Anselm Levskaya and Sanjay Ghemawat and Sunipa Dev and Henryk Michalewski and Xavier Garcia and Vedant Misra and Kevin Robinson and Liam Fedus and Denny Zhou and Daphne Ippolito and David Luan and Hyeontaek Lim and Barret Zoph and Alexander Spiridonov and Ryan Sepassi and David Dohan and Shivani Agrawal and Mark Omernick and Andrew M. Dai and Thanumalayan Sankaranarayana Pillai and Marie Pellat and Aitor Lewkowycz and Erica Moreira and Rewon Child and Oleksandr Polozov and Katherine Lee and Zongwei Zhou and Xuezhi Wang and Brennan Saeta and Mark Diaz and Orhan Firat and Michele Catasta and Jason Wei and Kathy Meier-Hellstern and Douglas Eck and Jeff Dean and Slav Petrov and Noah Fiedel},
    year          = {2022},
    eprint        = {2204.02311},
    archiveprefix = {arXiv},
    primaryclass  = {cs.CL},
}

@article{freitag2022sociolinguistic,
    title         = {Sociolinguistic repositories as asset: challenges and difficulties in Brazil},
    author        = {Freitag, Raquel Meister Ko},
    year          = {2022},
    journal       = {The Electronic Library},
    publisher     = {Emerald Publishing Limited},
    volume        = {40},
    number        = {5},
    pages         = {607--622},
}

@article{freitag2022linguistic,
    title         = {Linguistic and paralinguistic constraints on the function of (eu) acho que as DM in Brazilian Portuguese: A multilevel approach},
    author        = {Freitag, Raquel Meister Ko and Cardoso, Paloma Batista and Tejada, Julian},
    year          = {2022},
    journal       = {Pragmatics \& Cognition},
    publisher     = {John Benjamins Publishing Company Amsterdam/Philadelphia},
    volume        = {29},
    number        = {2},
    pages         = {324--346},
}

@article{cai2023does,
    title         = {Does ChatGPT resemble humans in language use?},
    author        = {Cai, Zhenguang G and Haslett, David A and Duan, Xufeng and Wang, Shuqi and Pickering, Martin J},
    year          = {2023},
    journal       = {arXiv preprint arXiv:2303.08014},
}

@article{liu2023we,
    title         = {We're afraid language models aren't modeling ambiguity},
    author        = {Liu, Alisa and Wu, Zhaofeng and Michael, Julian and Suhr, Alane and West, Peter and Koller, Alexander and Swayamdipta, Swabha and Smith, Noah A and Choi, Yejin},
    year          = {2023},
    journal       = {arXiv preprint arXiv:2304.14399},
}

@phdthesis{goel2023beyond,
    title         = {Beyond the Surface: A Computational Exploration of Linguistic Ambiguity},
    author        = {Goel, Anmol},
    year          = {2023},
    school        = {International Institute of Information Technology Hyderabad},
}

@article{de2023interpretaccao,
    title         = {Interpreta{\c{c}}{\~a}o Preferencial de Pronomes Nulos em Frases Amb{\'\i}guas no Portugu{\^e}s Brasileiro por Falantes Monol{\'\i}ngues Universit{\'a}rios do Curso de Letras: Um Estudo Off-Line},
    author        = {de Lima Silva, Henrique Miguel and de Melo, Rita de C{\'a}ssia Freire and de Fran{\c{c}}a, Rayane Bezerra},
    year          = {2023},
    journal       = {ID on line. Revista de psicologia},
    volume        = {17},
    number        = {67},
    pages         = {145--152},
}

@misc{openai2023gpt4,
    title         = {GPT-4 Technical Report},
    author        = {OpenAI},
    year          = {2023},
    eprint        = {2303.08774},
    archiveprefix = {arXiv},
    primaryclass  = {cs.CL},
}

@article{ahmed2023chatgpt,
    title         = {ChatGPT vs. Bard: A Comparative Study},
    author        = {Ahmed, Imtiaz and Kajol, Mashrafi and Hasan, Uzma and Datta, Partha Protim and Roy, Ayon and Reza, Md Rokonuzzaman},
    year          = {2023},
    journal       = {UMBC Student Collection},
}

@article{ortega2023linguistic,
    title         = {Linguistic ambiguity analysis in ChatGPT},
    author        = {Ortega-Mart{\'\i}n, Miguel and Garc{\'\i}a-Sierra, {\'O}scar and Ardoiz, Alfonso and {\'A}lvarez, Jorge and Armenteros, Juan Carlos and Alonso, Adri{\'a}n},
    year          = {2023},
    journal       = {arXiv preprint arXiv:2302.06426},
}

@book{kroeger2023analyzing,
    title         = {Analyzing meaning: An introduction to semantics and pragmatics.},
    author        = {Kroeger, Paul R},
    year          = {2023},
    publisher     = {Language Science Press},
}

@misc{touvron2023llama,
    title         = {LLaMA: Open and Efficient Foundation Language Models},
    author        = {Hugo Touvron and Thibaut Lavril and Gautier Izacard and Xavier Martinet and Marie-Anne Lachaux and Timothée Lacroix and Baptiste Rozière and Naman Goyal and Eric Hambro and Faisal Azhar and Aurelien Rodriguez and Armand Joulin and Edouard Grave and Guillaume Lample},
    year          = {2023},
    eprint        = {2302.13971},
    archiveprefix = {arXiv},
    primaryclass  = {cs.CL},
}

@article{zhao2023survey,
    title         = {A survey of large language models},
    author        = {Zhao, Wayne Xin and Zhou, Kun and Li, Junyi and Tang, Tianyi and Wang, Xiaolei and Hou, Yupeng and Min, Yingqian and Zhang, Beichen and Zhang, Junjie and Dong, Zican and others},
    year          = {2023},
    journal       = {arXiv preprint arXiv:2303.18223},
}

@misc{wei2023chainofthought,
    title         = {Chain-of-Thought Prompting Elicits Reasoning in Large Language Models},
    author        = {Jason Wei and Xuezhi Wang and Dale Schuurmans and Maarten Bosma and Brian Ichter and Fei Xia and Ed Chi and Quoc Le and Denny Zhou},
    year          = {2023},
    eprint        = {2201.11903},
    archiveprefix = {arXiv},
    primaryclass  = {cs.CL},
}

@article{chang2023survey,
    title         = {A survey on evaluation of large language models},
    author        = {Chang, Yupeng and Wang, Xu and Wang, Jindong and Wu, Yuan and Zhu, Kaijie and Chen, Hao and Yang, Linyi and Yi, Xiaoyuan and Wang, Cunxiang and Wang, Yidong and others},
    year          = {2023},
    journal       = {arXiv preprint arXiv:2307.03109},
}

@article{piantadosi2023modern,
    title         = {Modern language models refute Chomsky’s approach to language},
    author        = {Piantadosi, Steven},
    year          = {2023},
    journal       = {Lingbuzz Preprint, lingbuzz},
    volume        = {7180},
}

@article{marcus2023sentence,
    title         = {A sentence is worth a thousand pictures: Can large language models understand human language?},
    author        = {Marcus, Gary and Leivada, Evelina and Murphy, Elliot},
    year          = {2023},
    journal       = {arXiv preprint arXiv:2308.00109},
}
