@book{creswell2017,
    title         = {Research design: Qualitative, quantitative, and mixed methods approaches},
    author        = {Creswell, John W. and Creswell, J. David},
    year          = {2017},
    publisher     = {Sage Publications},
}

@article{barrot2023,
    title         = {Using ChatGPT for second language writing: Pitfalls and potentials},
    author        = {Barrot, J. S.},
    year          = {2023},
    journal       = {Assessing Writing},
    volume        = {57},
    pages         = {100745},
    doi           = {10.1016/j.asw.2023.100745},
}

@article{imran2023chatgpt,
  author    = {Imran, M. and Almusharraf, N.},
  title     = {Analyzing the role of ChatGPT as a writing assistant at higher education level: A systematic review of the literature},
  journal   = {Contemporary Educational Technology},
  volume    = {15},
  number    = {4},
  pages     = {ep464},
  year      = {2023},
  doi       = {10.30935/cedtech/13605},
}

@article{thorp2023chatgpt,
  author    = {Thorp, H. H.},
  title     = {ChatGPT is fun, but not an author},
  journal   = {Science},
  volume    = {379},
  number    = {6630},
  pages     = {313--313},
  year      = {2023},
  doi       = {10.1126/science.adg7879},
}


@article{crcek2023,
    title         = {Writing with AI: University students’ use of ChatGPT},
    author        = {Črček, N. and Patekar, J.},
    year          = {2023},
    journal       = {Journal of Language and Education},
    volume        = {9},
    number        = {4 (36)},
    pages         = {128--138},
    doi           = {10.17323/jle.2023.17379},
}

@article{dempere2023,
    title         = {The impact of ChatGPT on higher education},
    author        = {Dempere, J. and Modugu, K. and Hesham, A. and Ramasamy, L. K.},
    year          = {2023},
    journal       = {Frontiers in Education},
    volume        = {8},
    pages         = {1206936},
    doi           = {10.3389/feduc.2023.1206936},
}

@article{shoufan2023,
    title         = {Exploring students’ perceptions of ChatGPT: Thematic analysis and follow-up survey},
    author        = {Shoufan, A.},
    year          = {2023},
    journal       = {IEEE Access},
    volume        = {11},
    pages         = {38805--38818},
    doi           = {10.1109/access.2023.3268224},
}

@article{xiao2023,
    title         = {An exploratory study of EFL learners’ use of ChatGPT for language learning tasks: Experience and perceptions},
    author        = {Xiao, Y. and Zhi, Y.},
    year          = {2023},
    journal       = {Languages},
    volume        = {8},
    number        = {3},
    pages         = {212},
    doi           = {10.3390/languages8030212},
}

@article{xue2023,
    title         = {The potential impact of ChatGPT in clinical and translational medicine},
    author        = {Xue, V. W. and Lei, P. and Cho, W. C.},
    year          = {2023},
    journal       = {Clinical and Translational Medicine},
    volume        = {13},
    number        = {3},
    doi           = {10.1002/ctm2.1216},
}

@article{zou2023,
    title         = {AI-generated content tools and students’ critical thinking: Insights from a Chinese university},
    author        = {Zou, Xiaozhu and Su, Ping and Li, Lexing and Fu, Ping},
    year          = {2023},
    month         = {dec},
    journal       = {IFLA Journal},
    volume        = {50},
    number        = {2},
    pages         = {228--241},
    doi           = {10.1177/03400352231214963},
}

@article{abusaaleek2024,
    title         = {Unveiling postgraduates’ perspectives on using ChatGPT as a tool for learning in higher education},
    author        = {AbuSa’aleek, Atef O. and Alenizi, Aied},
    year          = {2024},
    journal       = {Teaching English with Technology},
    volume        = {24},
    number        = {3},
    pages         = {4--17},
    doi           = {10.56297/vaca6841/BFFO7057/NXQR9614},
}

@article{al-alami2024,
    title         = {EFL learners’ attitudes towards utilizing ChatGPT for acquiring writing skills in higher education: A case study of computing students},
    author        = {Al\-Alami, S. E.},
    year          = {2024},
    journal       = {Journal of Language Teaching \& Research},
    volume        = {15},
    number        = {4},
    doi           = {10.17507/jltr.1504.01},
}

@article{alkamel2024,
    title         = {Utilizing an adaptable artificial intelligence writing tool (ChatGPT) to enhance academic writing skills among Yemeni university EFL students},
    author        = {Alkamel, M. A. A. and Alwagieh, N. A. S.},
    year          = {2024},
    journal       = {Social Sciences \& Humanities Open},
    volume        = {10},
    pages         = {101095},
    doi           = {10.1016/j.ssaho.2024.101095},
}

@article{allen2024,
    title         = {ChatGPT over my friends: Japanese English-as-a-Foreign-Language learners’ preferences for editing and proofreading strategies},
    author        = {Allen, T. J. and Mizumoto, A.},
    year          = {2024},
    journal       = {RELC Journal},
    doi           = {10.1177/00336882241262533},
}

@article{chellappa2024,
    title         = {Understanding the perception of design students towards ChatGPT},
    author        = {Chellappa, V. and Luximon, Y.},
    year          = {2024},
    month         = {February},
    journal       = {Computers and Education: Artificial Intelligence},
    volume        = {7},
    pages         = {100281},
    doi           = {10.1016/j.caeai.2024.100281},
}

@article{chia2024,
    title         = {Graduate Students’ Perception and Use of ChatGPT as a Learning Tool to Develop Writing Skills},
    author        = {Chia, C. S. and Phan, J. and Harry, O. and Lee, K. M.},
    year          = {2024},
    journal       = {International Journal of TESOL Studies},
    volume        = {6},
    number        = {3},
    pages         = {113--127},
    doi           = {10.58304/ijts.20240308},
}

@article{elebyary2024,
    title         = {ChatGPT-generated corrective feedback: Does it do what it says on the tin?},
    author        = {ElEbyary, K. and Shabara, R.},
    year          = {2024},
    journal       = {Teaching English with Technology},
    volume        = {24},
    number        = {3},
    pages         = {68--89},
    doi           = {10.56297/vaca6841//BFFO7057/MYEH4562},
}

@article{elsayary2024,
    title         = {An investigation of teachers’ perceptions of using ChatGPT as a supporting tool for teaching and learning in the digital era},
    author        = {ElSayary, A.},
    year          = {2024},
    journal       = {Journal of Computer Assisted Learning},
    volume        = {40},
    number        = {3},
    pages         = {931--945},
    doi           = {10.1111/jcal.12926},
}

@article{ghiasvand2024,
    title         = {“I’m not ready for this metamorphosis”: An ecological approach to Iranian and Italian EFL teachers’ readiness for artificial intelligence-mediated instruction},
    author        = {Ghiasvand, F. and Kogani, M. and Alipoor, A.},
    year          = {2024},
    journal       = {Teaching English with Technology},
    volume        = {24},
    number        = {3},
    pages         = {18--40},
    doi           = {10.56297/vaca6841//BFFO7057/ISKI2001},
}

@article{higgs2024,
    title         = {Being Human in the Age of Generative AI: Young People's Ethical Concerns about Writing and Living with Machines},
    author        = {Higgs, J. M. and Stornaiuolo, A.},
    year          = {2024},
    journal       = {Reading Research Quarterly},
    doi           = {10.1002/rrq.552},
}

@article{klimova2024,
    title         = {University undergraduates’ perceptions on the use of ChatGPT for academic purposes: evidence from a university in Czech Republic},
    author        = {Klimova, B. and de Campos, V. P. L.},
    year          = {2024},
    journal       = {Cogent Education},
    volume        = {11},
    number        = {1},
    pages         = {2373512},
    doi           = {10.1080/2331186x.2024.2373512},
}

@article{koltovskaia2024,
    title         = {Graduate students’ use of ChatGPT for academic text revision: Behavioral, cognitive, and affective engagement},
    author        = {Koltovskaia, S. and Rahmati, P. and Saeli, H.},
    year          = {2024},
    journal       = {Journal of Second Language Writing},
    volume        = {65},
    pages         = {101130},
    doi           = {10.1016/j.jslw.2024.101130},
}

@article{lee2024,
    title         = {Can my writing be polished further? When ChatGPT meets human touch},
    author        = {Lee, Y. J.},
    year          = {2024},
    journal       = {ELT Journal},
    volume        = {78},
    number        = {4},
    pages         = {401--413},
    doi           = {10.1093/elt/ccae039},
}

@article{mahapatra2024,
    title         = {Impact of ChatGPT on ESL students’ academic writing skills: a mixed methods intervention study},
    author        = {Mahapatra, S.},
    year          = {2024},
    journal       = {Smart Learning Environments},
    volume        = {11},
    number        = {1},
    pages         = {9},
    doi           = {10.1186/s40561-024-00295-9},
}

@article{meniado2024,
    title         = {Using ChatGPT for second language writing: Experiences and perceptions of EFL learners in Thailand and Vietnam},
    author        = {Meniado, J. C. and Huyen, D. T. T. and Panyadilokpong, N. and Lertkomolwit, P.},
    year          = {2024},
    journal       = {Computers and Education: Artificial Intelligence},
    volume        = {7},
    pages         = {100313},
    doi           = {10.1016/j.caeai.2024.100313},
}

@article{mogavi2024,
    title         = {ChatGPT in education: A blessing or a curse? A qualitative study exploring early adopters’ utilisation and perceptions},
    author        = {Mogavi, R. H. and Deng, C. and Kim, J. J. and Zhou, P. and Kwon, Y. D. and Metwally, A. H. S. and Hui, P.},
    year          = {2024},
    journal       = {Computers in Human Behavior: Artificial Humans},
    volume        = {2},
    number        = {1},
    pages         = {100027},
    doi           = {10.1016/j.chbah.2023.100027},
}

@article{punar2024,
    title         = {Cultivating writing skills: the role of ChatGPT as a learning assistant—a case study},
    author        = {Punar {\"O}z{\c{c}}elik, N. and Yang{\i}n Ek{\c{s}}i, G.},
    year          = {2024},
    journal       = {Smart Learning Environments},
    volume        = {11},
    number        = {1},
    pages         = {10},
    doi           = {10.1186/s40561-024-00296-8},
}

@article{robillos2024,
    title         = {Synergizing Generative Pre-Trained Transformer (GPT) Chatbots in a Process-Based Writing Paradigm to Enhance University Students’ Writing Skills},
    author        = {Robillos, R.},
    year          = {2024},
    journal       = {Journal of Language and Education},
    volume        = {10},
    number        = {3},
    pages         = {79--94},
    doi           = {10.17323/jle.2024.18708},
}

@article{strielkowski2024,
    title         = {AI-driven adaptive learning for sustainable educational transformation},
    author        = {Strielkowski, W. and Grebennikova, V. and Lisovskiy, A. and Rakhimova, G. and Vasileva, T.},
    year          = {2024},
    journal       = {Sustainable Development},
    doi           = {10.1002/sd.3221},
}

@article{szabo2024,
    title         = {How does generative AI promote autonomy and inclusivity in language teaching?},
    author        = {Szab{\'o}, F. and Szoke, J.},
    year          = {2024},
    journal       = {ELT Journal},
    volume        = {78},
    number        = {4},
    pages         = {478--488},
    doi           = {10.1093/elt/ccae052},
}

@article{teng2024a,
    title         = {A Systematic Review of ChatGPT for English as a Foreign Language Writing: Opportunities, Challenges, and Recommendations},
    author        = {Teng, M. F.},
    year          = {2024},
    journal       = {International Journal of TESOL Studies},
    volume        = {6},
    number        = {3},
    doi           = {10.58304/ijts.20240304},
}

@article{teng2024b,
    title         = {``ChatGPT is the companion, not enemies": EFL learners’ perceptions and experiences in using ChatGPT for feedback in writing},
    author        = {Teng, M. F.},
    year          = {2024},
    journal       = {Computers and Education: Artificial Intelligence},
    volume        = {7},
    pages         = {100270},
    doi           = {10.1016/j.caeai.2024.100270},
}

@article{wang2024,
    title         = {ChatGPT's capabilities in providing feedback on undergraduate students’ argumentation: A case study},
    author        = {Wang, L. and Chen, X. and Wang, C. and Xu, L. and Shadiev, R. and Li, Y.},
    year          = {2024},
    journal       = {Thinking Skills and Creativity},
    volume        = {51},
    pages         = {101440},
    doi           = {10.1016/j.tsc.2023.101440},
}

@article{yuan2024,
    title         = {The impact of ChatGPT on learners in English academic writing: opportunities and challenges in education},
    author        = {Yuan, Y. and Li, H. and Sawaengdist, A.},
    year          = {2024},
    journal       = {Language Learning in Higher Education},
    volume        = {14},
    number        = {1},
    pages         = {41--56},
    doi           = {10.1515/cercles-2023-0006},
}

@article{bekturova2025,
    title         = {Predicting Kazakhstani TEFL students’ continuance intention towards using ChatGPT in academic writing},
    author        = {Bekturova, Madina and Tulepova, Saule and Zhaitapova, Altnay},
    year          = {2025},
    journal       = {Education and Information Technologies},
    volume        = {30},
    number        = {9},
    pages         = {11889--11909},
    doi           = {10.1007/s10639-024-13306-6},
}

@article{duong2025,
    title         = {An AI Chatbot for EFL Writing: Students’ Usage Tendencies, Writing Performance, and Perceptions},
    author        = {Duong, T. N. A. and Chen, H. L.},
    year          = {2025},
    journal       = {Journal of Educational Computing Research},
    doi           = {10.1177/07356331241312363},
}
