
@article{amaral_polysemy_2016,
	title = {A polysemy account of alternating verbs of creation in {Brazilian} {Portuguese}},
	volume = {9},
	url = {https://www.degruyter.com/document/doi/10.1515/shll-2016-0001/html},
	doi = {10.1515/shll-2016-0001},
	number = {1},
	urldate = {2022-06-08},
	journal = {Studies in Hispanic and Lusophone Linguistics},
	author = {Amaral, L.},
	month = may,
	year = {2016},
	pages = {3--28},
}

@article{amaral_metonymy_2020,
	title = {Metonymy triggers syntactic argument alternation: vehicle for conductor metonymy as a constraint on lexical-constructional integration},
	volume = {31},
	url = {https://www.degruyter.com/document/doi/10.1515/cog-2018-0098/html},
	doi = {10.1515/cog-2018-0098},
	number = {1},
	urldate = {2022-06-08},
	journal = {Cognitive Linguistics},
	author = {Amaral, L. and Cançado, M.},
	month = feb,
	year = {2020},
	pages = {113--148},
}

@book{beavers_roots_2020,
	edition = {1},
	title = {The {Roots} of {Verbal} {Meaning}},
	url = {https://oxford.universitypressscholarship.com/view/10.1093/oso/9780198855781.001.0001/oso-9780198855781},
	urldate = {2022-06-08},
	publisher = {Oxford University Press},
	author = {Beavers, J. and Koontz-Garboden, A.},
	month = mar,
	year = {2020},
	doi = {10.1093/oso/9780198855781.001.0001},
}

@book{borba_dicionario_1990,
	address = {São Paulo},
	edition = {1a. ed},
	title = {Dicionário gramatical de verbos do português contemporâneo do {Brasil}},
	publisher = {Editora UNESP},
	author = {Borba, F. S.},
	year = {1990},
}

@incollection{brown_verbnet_2019,
	address = {Florence, Italy},
	title = {{VerbNet} representations: subevent semantics for transfer verbs},
	booktitle = {First {International} {Workshop} on {Designing} {Meaning} {Representations}},
	author = {Brown, S. and Bonn , J. and Gung, J. and Zaenen, A. and  Pustejovsky, J. and Palmer, M.},
	year = {2019},
}

@inproceedings{brown_integrating_2018,
	address = {Miyazaki, Japan},
	title = {Integrating {Generative} {Lexicon} {Event} {Structures} into {VerbNet}},
	url = {https://aclanthology.org/L18-1009},
	urldate = {2022-06-08},
	booktitle = {Proceedings of the {Eleventh} {International} {Conference} on {Language} {Resources} and {Evaluation} ({LREC} 2018)},
	publisher = {European Language Resources Association (ELRA)},
	author = {Brown, S. and Pustejovsky, J. and Zaenen, A. and Palmer, M.},
	month = may,
	year = {2018},
}

@article{cancado_verboweb:_2018,
	title = {Verboweb: {Uma} proposta de classificação verbal},
	volume = {1},
	url = {https://revistadaanpoll.emnuvens.com.br/revista/article/view/1077},
	doi = {10.18309/anp.v1i46.1077},
	number = {46},
	urldate = {2022-06-08},
	journal = {Revista da Anpoll},
	author = {Cançado, M. and Amaral, L. and Meirelles, L.},
	month = oct,
	year = {2018},
	pages = {123--141},
}

@book{cancado_verboweb:_2017,
	title = {{VerboWeb}: syntactic-semantic classification of {Brazilian} {Portuguese} verbs},
	url = {http://www.letras.ufmg.br/verboweb/},
	urldate = {2022-06-08},
	author = {Cançado, M. and Amaral, L. and Meirelles, L.},
	year = {2017},
}

@book{cancado_catalogo_2013,
	address = {Belo Horizonte},
	title = {Catálogo de verbos do português brasileiro: classificação verbal segundo a decomposição de predicados},
	publisher = {Editora da UFMG},
	author = {Cançado, M. and Godoy, L. and Amaral, L.},
	year = {2013},
}

@incollection{wetzels_lexical_2016,
	edition = {1},
	title = {Lexical {Semantics}: {Verb} {Classes} and {Alternations}},
	url = {https://onlinelibrary.wiley.com/doi/10.1002/9781118791844.ch20},
	urldate = {2022-06-08},
	booktitle = {The {Handbook} of {Portuguese} {Linguistics}},
	publisher = {Wiley},
	author = {Cançado, M. and Gonçalves, A.},
	editor = {Wetzels, L. and Costa, J. and Menuzzi, S.},
	month = may,
	year = {2016},
	doi = {10.1002/9781118791844.ch20},
	pages = {374--391},
}

@book{croft_verbsaspect_2012,
	title = {{Verbs: Aspect} and {Causal} {Structure}},
	url = {https://oxford.universitypressscholarship.com/view/10.1093/acprof:oso/9780199248582.001.0001/acprof-9780199248582},
	urldate = {2022-06-08},
	publisher = {Oxford University Press},
	author = {Croft, W.},
	month = mar,
	year = {2012},
	doi = {10.1093/acprof:oso/9780199248582.001.0001},
}

@article{de_clerck_introduction:_2013,
	title = {Introduction: {A} multifaceted approach to verb classes},
	volume = {51},
	url = {https://www.degruyter.com/document/doi/10.1515/ling-2013-0030/html},
	doi = {10.1515/ling-2013-0030},
	number = {4},
	urldate = {2022-06-08},
	journal = {Linguistics},
	author = {De Clerck, B. and Colleman, T. and Willems, D.},
	month = jan,
	year = {2013},
}

@book{dowty_word_1979,
	address = {Dordrecht},
	title = {Word {Meaning} and {Montague} {Grammar}},
	publisher = {Springer Netherlands},
	author = {Dowty, D.},
	year = {1979},
}

@article{dowty_thematic_1991,
	title = {Thematic proto-roles and argument selection},
	volume = {67},
	url = {https://muse.jhu.edu/content/crossref/journals/language/v067/67.3.dowty.html},
	doi = {10.1353/lan.1991.0021},
	number = {3},
	urldate = {2022-06-08},
	journal = {Language},
	author = {Dowty, D.},
	year = {1991},
	pages = {547--619},
}

@article{estarrona_methodology_2015,
	title = {A methodology for the semiautomatic annotation of {EPEC}-{RolSem}, a {Basque} corpus labeled at predicate level following the {PropBank}-{VerbNet} model},
	volume = {31},
	url = {https://academic.oup.com/dsh/article-lookup/doi/10.1093/llc/fqv001},
	doi = {10.1093/llc/fqv001},
	number = {3},
	urldate = {2022-06-08},
	journal = {Digital Scholarship in the Humanities},
	author = {Estarrona, A. and Aldezabal, I. and Díaz de Ilarraza, A. and Aranzabe, M. J.},
	month = sep,
	year = {2015},
	pages = {470--492},
}

@book{fellbaum_wordnet:_1998,
	title = {{WordNet}: {An} {Electronic} {Lexical} {Database}},
	url = {https://direct.mit.edu/books/book/1928/wordnetan-electronic-lexical-database},
	urldate = {2022-06-08},
	publisher = {The MIT Press},
	editor = {Fellbaum, C.},
	year = {1998},
	doi = {10.7551/mitpress/7287.001.0001},
}

@incollection{bach__1968,
	address = {New York, NY},
	title = { {The} case for case},
	booktitle = {Universals in linguistic theory.},
	publisher = {Holt, Rinehart \& Winston},
	author = {Fillmore, C.},
	editor = {Bach, E. and Harms, R. T.},
	year = {1968},
	pages = {1--90},
}

@incollection{fillmore_grammar_2003,
	address = {Stanford, CA},
	title = {The grammar of hitting and breaking},
	booktitle = {Form and meaning in language: papers on semantics roles},
	publisher = {CSLI Publications},
	author = {Fillmore, C.},
	editor= {Fillmore, C.},
	year = {2003},
	pages = {123--139},
}

@book{goldberg_constructions:_1995,
	address = {Chicago},
	title = {Constructions: a construction grammar approach to argument structure},
	publisher = {University of Chicago Press},
	author = {Goldberg, A. E.},
	year = {1995},
}

@online{hartmann_valency_2013,
	title = {Valency {Patterns} {Leipzig}. {Leipzig}: {Max} {Planck} {Institute} for {Evolutionary} {Anthropology}},
	url = {https://valpal.info/},
	urldate = {2022-06-08},
	author = {Hartmann, L. and  Haspelmath, M. and Taylor, B.},
	year = {2013},
}

@article{kipper_large-scale_2008,
	title = {A large-scale classification of {English} verbs},
	volume = {42},
	url = {http://link.springer.com/10.1007/s10579-007-9048-2},
	doi = {10.1007/s10579-007-9048-2},
	number = {1},
	urldate = {2022-06-08},
	journal = {Language Resources and Evaluation},
	author = {Kipper, K. and Korhonen, A. and Ryant, N. and Palmer, M.},
	month = mar,
	year = {2008},
	pages = {21--40},
}

@book{jackendoff_semantic_1990,
	address = {Cambridge, Mass},
	title = {Semantic structures},
	number = {18},
	publisher = {MIT Press},
	author = {Jackendoff, R.},
	year = {1990},
}

@book{levin_english_1993,
	address = {Chicago},
	title = {English verb classes and alternations: a preliminary investigation},
	publisher = {University of Chicago Press},
	author = {Levin, B.},
	year = {1993},
}

@incollection{levin_argument_2018,
	title = {Argument {Structure}},
	url = {https://oxfordbibliographies.com/view/document/obo-9780199772810/obo-9780199772810-0099.xml},
	urldate = {2022-06-08},
	booktitle = {Oxford Bibliographies in Linguistics},
	publisher = {Oxford University Press},
	address = {New York},
	author = {Levin, B.},
	editor = {Aronoff, M. },
	month = may,
	year = {2018},
	doi = {10.1093/obo/9780199772810-0099},
}

@book{levin_argument_2005,
	edition = {1},
	title = {Argument {Realization}},
	url = {https://www.cambridge.org/core/product/identifier/9780511610479/type/book},
	urldate = {2022-06-08},
	publisher = {Cambridge University Press},
	author = {Levin, B. and Rappaport Hovav, M.},
	address = {Cambridge},
	month = jun,
	year = {2005},
	doi = {10.1017/CBO9780511610479},
}

@incollection{arsenijevic_lexicalized_2013,
	address = {Dordrecht},
	title = {Lexicalized meaning and manner/result complementarity},
	booktitle = {Studies in the composition and decomposition of event predicates},
	publisher = {Springer},
	author = {Levin, B. and Rappaport Hovav, M.},
	editor = {Arsenijevic, B. and Gehrke, B. and Marín, R.},
	year = {2013},
	pages = {49--70},
}

@article{meirelles_propriedade_2017,
	title = {A propriedade semântica movimento na representação lexical dos verbos do português brasileiro},
	volume = {61},
	url = {http://www.scielo.br/scielo.php?script=sci_arttext&pid=S1981-57942017000200425&lng=pt&tlng=pt},
	doi = {10.1590/1981-5794-1709-8},
	number = {2},
	urldate = {2022-06-08},
	journal = {Alfa : Revista de Linguística (São José do Rio Preto)},
	author = {Meirelles, L. L. and Cançado, M.},
	month = aug,
	year = {2017},
	pages = {425--450},
}

@book{pustejovsky_lexicon_2019,
	edition = {1},
	title = {The {Lexicon}},
	url = {https://www.cambridge.org/core/product/identifier/9780511982378/type/book},
	urldate = {2022-06-08},
	publisher = {Cambridge University Press},
	author = {Pustejovsky, J. and Batiukova, O.},
	month = jan,
	year = {2019},
	doi = {10.1017/9780511982378},
}

@book{ramchand_situations_2018,
	address = {Cambridge, Massachusetts},
	title = {Situations and syntactic structures: rethinking auxiliaries and order in {English}},
	number = {77},
	publisher = {The MIT Press},
	author = {Ramchand, G.},
	year = {2018},
}

@incollection{butt_building_1998,
	address = {Stanford},
	title = {Building verb meanings},
	booktitle = {The projection of arguments: lexical and syntactic constraints},
	publisher = {CSLI Publications},
	author = {Rappaport Hovav, M. and Levin, B.},
	editor = {Butt, M. and Geuder, W.},
	year = {1998},
	pages = {97--134},
}

@book{rothstein_structuring_2004,
	address = {Malden, MA},
	title = {Structuring events: a study in the semantics of lexical aspect},
	publisher = {Blackwell},
	author = {Rothstein, S.},
	year = {2004},
}

@book{smith_parameter_1991,
	address = {Dordrecht},
	title = {The {Parameter} of {Aspect}},
	volume = {43},
	url = {http://link.springer.com/10.1007/978-94-015-7911-7},
	urldate = {2022-06-08},
	publisher = {Springer Netherlands},
	author = {Smith, C.},
	year = {1991},
	doi = {10.1007/978-94-015-7911-7},
}

@article{taule_ancora-net:_2010,
	title = {{AnCora}-{Net}: {Mapping} the {Spanish} {AnCora}-{Verb} lexicon to {Verb}-{Net}},
	url = {https://www.academia.edu/871272/AnCora_Net_Mapping_the_Spanish_AnCora_Verb_lexicon_to_Verb_Net},
	abstract = {AnCora-Net: Mapping the Spanish AnCora-Verb lexicon to Verb-Net},
	urldate = {2022-06-08},
	journal = {Interdisciplinary workshop on verbs the identification and representation of verb features},
	author = {Taulé, M. and Martí, M. A. and Borrega, O.},
	month = jan,
	year = {2010},
}

@book{tesniere_ements_1959,
	address = {Paris},
	title = {Éléments de syntaxe structurale},
	publisher = {Klincksieck},
	author = {Tesnière,L.},
	year = {1959},
}

@book{valin_jr._exploring_2005,
	edition = {1},
	title = {Exploring the {Syntax}-{Semantics} {Interface}},
	url = {https://www.cambridge.org/core/product/identifier/9780511610578/type/book},
	urldate = {2022-06-08},
	address = {Cambridge},
	publisher = {Cambridge University Press},
	author = {Van Valin, R.},
	month = jul,
	year = {2005},
	doi = {10.1017/CBO9780511610578},
}

@book{vendler_linguistics_1967,
	address = {Ithaca},
	title = {Linguistics in philosophy},
	publisher = {Cornell Univ. Press},
	author = {Vendler, Z.},
	year = {1967},
}

@article{amaral_verbos_2014,
	title = {Verbos de criação do português brasileiro: classificação e representação lexical},
	volume = {10},
	journal = {Linguística},
	author = {Amaral, L. and Cançado, M.},
	year = {2014},
	doi = {10.31513/linguistica.2014.v10n1a4580},
	pages = {51--73},
}

@inproceedings{aparicio_ancora-verb:_2008,
	address = {Barcelona},
	title = {{AnCora}-{Verb}: two large-scale lexicons for {Catalan} and {Spanish}},
	booktitle = {{XIII} {Euralex} {International} {Congress}},
	author = {Aparicio, J. and Taulé, M. and Martí, M.A},
	year = {2008},
	url = {https://euralex.org/elx_proceedings/Euralex2008/00printedbook.pdf},
	urldate = {2022-03-10},
}

@inproceedings{bonial_propbank:_2014,
	address = {Reykjavik, Iceland},
	title = {{PropBank}: semantics of new predicate types},
	booktitle = {The 9th edition of the {Language} {Resources} and {Evaluation} {Conference}},
	author = {Bonial, C. and Bonn, J. and Conger, K. and Hwang, J. and Palmer, M.},
	year = {2014},
}

@book{cancado_introducao_2016,
	address = {Petrópolis},
	title = {Introdução à semântica lexical: papéis temáticos, aspecto lexical e decomposição de predicados},
	publisher = {Editora Vozes},
	author = {Cançado, M. and Amaral, L.},
	year = {2016},
}

@inproceedings{croft_constructions_2017,
	address = {Stanford},
	title = {Constructions, frames and event structure},
	booktitle = {The 2017 {AAAI} {Spring} {Symposium}},
	author = {Croft, W. and Vigus, M.},
	year = {2017},
}

@phdthesis{godoy_os_2008,
	address = {Belo Horizonte},
	type = {Master’s thesis ({MA} in {Linguistic} {Studies})},
	title = {Os verbos recíprocos no {PB}: interface sintaxe-semântica lexical},
	school = {Universidade Federal de Minas Gerais},
	author = {Godoy, L.},
	year = {2008},
}

@techreport{hajicova_manual_2002,
	type = {Technical {Report}},
	title = {A manual for tectogrammatical tagging of the {Prague} dependency treebank},
	institution = {UFAL/CKL},
	author = {Hajičová, E. and Panevová, J. and Sgall, P.},
	year = {2002},
}

@inproceedings{kalm_event_2019,
	address = {Stroudsburg},
	title = {Event structure representation: between verbs and argument structure constructions},
	booktitle = {The first international workshop on designing meaning representations},
	author = {Kalm, P. and Regan, M. and Croft, W.},
	year = {2019},
}

@inproceedings{kettnerova_syntax-semantics_2012,
	address = {Oslo},
	title = {The syntax-semantics interface of {Czech} verbs in the valency lexicon.},
	booktitle = { {The} 15th {EURALEX} international congress},
	author = {Kettnerová, V. and Lopatková, M. and Bejček, E.},
	year = {2012},
}

@inproceedings{preradovic_crovallex:_2009,
	address = {Zagreb},
	title = {{CROVALLEX}: {Croatian} verb valence lexicon},
	booktitle = { {The} {ITI} 2009 31st {International} {Conference} on {Information} {Technology} {Interfaces}},
	author = {Preradovic, N.M and Boras, D. and Kisicek , S.},
	year = {2009},
	url = {https://core.ac.uk/download/pdf/299371065.pdf},
urldate = {2022-3-10},
}

@article{preradovic_crovallex_2010,
	title = {{CROVALLEX} lexicon improvements: subcategorization and semantic constraints. },
	volume = {3},
	journal = {WSEAS Transactions on Computers},
	author = {Preradovic, N.M},
	year = {2010},
	pages = {288--298},
}

@book{ruppenhofer_framenet_2016,
	title = {{FrameNet} {II}: extended theory and practice},
	author = {Ruppenhofer, J. and Ellsworth, M. and Petruck, M.R.L and Johnson, C.R and Baker, C.F and Scheffczyk, J.},
	year = {2016},
	url = {https://framenet2.icsi.berkeley.edu/docs/r1.7/book.pdf},
	urldate = {2021-11-25},
}

@phdthesis{schuler_verbnet:_2005,
	address = {Philadelphia},
	type = {Phd dissertation ({Doctorate} in {Computational} {Linguistics})},
	title = {{VerbNet}: a broad-coverage, comprehensive verb lexicon},
	school = {University of Pennsylvania},
	author = {Schuler, K.K},
	year = {2005},
}

@online{serrapilheira_guia_2020,
	type = {serrapilheira.org},
	title = {Guia de boas práticas em ciência aberta e reprodutível},
	url = {https://olz34z4bb51rsojq274o1g19-wpengine.netdna-ssl.com/wp-content/uploads/2019/11/serrapilheira-guia_ciencia_aberta-e-reprodutivel.pdf},
	author = {Serrapilheira},
	urldate = {2021-11-25},
	year = {2020},
}
@book{malchukov_introducing_2015,
	title = {Introducing the {Framework}, and {Case} {Studies} from {Africa} and {Eurasia}},
	url = {https://www.degruyter.com/document/doi/10.1515/9783110338812/html},
	urldate = {2022-06-13},
	publisher = {De Gruyter},
	editor = {Malchukov, A. and Comrie, B.},
	month = aug,
	year = {2015},
	doi = {10.1515/9783110338812},
}

@book{mogus_hrvatski_1999,
	address = {Zavod za lingvistiku i Školska knjiga},
	title = {Hrvatski þestotni rjeþni},
	publisher = {Zagreb},
	author = {Moguš, M. and Bratanić, M. and Tadić , M.},
	year = {1999},
}