# zotero link: https://zbib.org/baffeae01b4c47e8a79fd5afe2f42c1b
# https://zbib.org/3f2b2afe966347828f702055a723ed8d

@article{ariel_interpreting_1994,
	title = {Interpreting anaphoric expressions: a cognitive versus a pragmatic approach},
	volume = {30},
	issn = {0022-2267, 1469-7742},
	shorttitle = {Interpreting anaphoric expressions},
	url = {https://www.cambridge.org/core/product/identifier/S0022226700016170/type/journal_article},
	doi = {10.1017/S0022226700016170},
	language = {en},
	number = {1},
	urldate = {2021-04-12},
	journal = {Journal of Linguistics},
	author = {Ariel, Mira},
	month = mar,
	year = {1994},
	pages = {3--42},
}

@article{arnold_effect_2001,
	title = {The {Effect} of {Thematic} {Roles} on {Pronoun} {Use} and {Frequency} of {Reference} {Continuation}},
	volume = {31},
	issn = {0163-853X, 1532-6950},
	url = {http://www.tandfonline.com/doi/abs/10.1207/S15326950DP3102_02},
	doi = {10.1207/S15326950DP3102_02},
	language = {en},
	number = {2},
	urldate = {2021-04-12},
	journal = {Discourse Processes},
	author = {Arnold, Jennifer E.},
	month = mar,
	year = {2001},
	pages = {137--162},
}

@inproceedings{florencio_da_silva_designing_2020,
	address = {Online Conference},
	title = {Designing an online course geared towards advisors in public institutions of Mexico to raise awareness about plagiarism},
	url = {http://library.iated.org/view/FLORENCIODASILVA2020DES},
	doi = {10.21125/iceri.2020.0827},
	urldate = {2021-04-12},
	author = {Florencio da Silva, Rodrigo and Mc Namara Valdes, Ángel de Jesus and Apolonio Zuñiga, Margarita and Ramírez-Sánchez, Miguel Ysrrael and Torres-Rivera, Alma Delia},
	month = nov,
	year = {2020},
	pages = {3675--3678},
	booktitle = {{ICERI}2020 Proceedings}
}

@incollection{bruscato_ensino_2020,
	address = {Cajazeiras, PB},
	title = {Ensino à distância de anáfora em inglês e espanhol como línguas estrangeiras: relato de experiência},
	isbn = {978-65-88798-00-3},
	url = {https://2da3ef0e-b3a2-4725-a7cf-19b6d57420dc.filesusr.com/ugd/976354_7625fe3f15a54892b688e94c39a915c0.pdf},
	booktitle = {Língua {Inglesa} e {Ensino} {Remoto}: desafios e perspectivas},
	publisher = {IDEIA - Inst. de Desen. Educ. Interd. e Aprendizagem},
	author = {Bruscato, Amanda Maraschin and Baptista, Jorge},
	year = {2020},
	pages = {137--145},
}

@article{bruscato_teaching_2020,
	title = {Teaching {Modalities} in {Brazilian} and {Portuguese} {Universities}: {A} {Case} {Study} on the {Perception} of {Students} and {Professors} in {Times} of {Covid}-19},
	volume = {26},
	journal = {Revista Brasileira de Educação},
	author = {Bruscato, Amanda Maraschin and Baptista, Jorge},
	year = {2020},
	note = {in press},
	pages = {1--20},
}

@inproceedings{bruscato_designing_2021,
	address = {Amsterdam, Netherlands},
	title = {Designing an {Online} {Course} to {Teach} {Anaphora} in {Foreign} {Languages}},
	url = {https://www.dpublication.com/proceeding/3rd-ictle/},
	booktitle = {Proceedings of 3rd {International} {Conference} on {Teaching}, {Learning} and {Education}},
	author = {Bruscato, Amanda Maraschin and Baptista, Jorge},
	year = {2021},
	pages = {57--68},
}

@inproceedings{carbonell_anaphora_1988,
	address = {Budapest, Hungry},
	title = {Anaphora resolution: a multi-strategy approach},
	volume = {1},
	isbn = {9789638431561},
	shorttitle = {Anaphora resolution},
	url = {http://portal.acm.org/citation.cfm?doid=991635.991656},
	doi = {10.3115/991635.991656},
	language = {en},
	urldate = {2021-04-12},
	booktitle = {Proceedings of the 12th conference on {Computational} linguistics  -},
	publisher = {Association for Computational Linguistics},
	author = {Carbonell, Jaime G. and Brown, Ralf D.},
	year = {1988},
	pages = {96--101},
}

@article{chen_adoption_2007,
	title = {The {Adoption} of {Synchronous} and {Asynchronous} {Media} in the {Teaching} of a {Second} {Language}},
	volume = {3},
	issn = {15297314},
	url = {https://iacis.org/iis/2007/Chen_Liu_Wong.pdf},
	doi = {10.48009/1_iis_2007_217-223},
	number = {1},
	urldate = {2021-04-12},
	journal = {Issues In Information Systems},
	author = {Chen, Yen-Tzu and Liu, Che-Hung and Wong, Roman},
	year = {2007},
	pages = {217--223},
}

@book{chomsky_lectures_1981,
	address = {Dordrecht, Holland ; Cinnaminson, [N.J.]},
	series = {Studies in generative grammar},
	title = {Lectures on government and binding},
	isbn = {9789070176280 9789070176136},
	number = {9},
	publisher = {Foris Publications},
	author = {Chomsky, Noam},
	year = {1981},
	keywords = {Generative grammar, Government-binding theory (Linguistics)},
}

@inproceedings{chou_comparative_2002,
	address = {Big Island, HI, USA},
	title = {A comparative content analysis of student interaction in synchronous and asynchronous learning networks},
	isbn = {9780769514352},
	url = {http://ieeexplore.ieee.org/document/994093/},
	doi = {10.1109/HICSS.2002.994093},
	urldate = {2021-04-12},
	booktitle = {Proceedings of the 35th {Annual} {Hawaii} {International} {Conference} on {System} {Sciences}},
	publisher = {IEEE Comput. Soc},
	author = {Chou, C.C.},
	year = {2002},
	pages = {1795--1803},
}

@book{council_of_europe_common_2009,
	address = {Cambridge},
	edition = {10. printing},
	title = {Common {European} {Framework} of {Reference} for {Languages}: learning, teaching, assessment},
	isbn = {9780521005319 9780521803137},
	shorttitle = {Common {European} {Framework} of {Reference} for {Languages}},
	language = {eng},
	publisher = {Cambridge Univ. Press [u.a.]},
	author = {{Council of Europe}},
	year = {2009},
	note = {OCLC: 837109490},
}

@misc{eberhard_ethnologue:_2020,
	title = {Ethnologue: {Languages} of the {World}},
	url = {https://www.ethnologue.com},
	journal = {Ethnologue: Languages of the World},
	author = {Eberhard, David M. and Simons, Gary F. and Fennig, Charles D. },
	month = jul,
	year = {2020},
}

@book{ellis_study_2008,
	address = {Oxford},
	edition = {2. ed},
	series = {Oxford applied linguistics},
	title = {The study of second language acquisition},
	isbn = {9780194422574},
	language = {eng},
	publisher = {Oxford Univ. Press},
	author = {Ellis, Rod},
	year = {2008},
	note = {OCLC: 261266233},
}

@book{favero_coesao_2010,
	address = {São Paulo},
	title = {Coesão e coerência textuais},
	language = {Portuguese},
	publisher = {Ática},
	author = {Fávero, Leonor Lopes},
	year = {2010},
}

@article{friedman_comparison_1940,
	title = {A {Comparison} of {Alternative} {Tests} of {Significance} for the {Problem} of \$m\$ {Rankings}},
	volume = {11},
	issn = {0003-4851},
	url = {http://projecteuclid.org/euclid.aoms/1177731944},
	doi = {10.1214/aoms/1177731944},
	language = {en},
	number = {1},
	urldate = {2021-04-12},
	journal = {The Annals of Mathematical Statistics},
	author = {Friedman, Milton},
	month = mar,
	year = {1940},
	pages = {86--92},
}

@article{favero_criterios_1985,
	title = {Critérios de textualidade},
	volume = {104},
	journal = {Veredas},
	author = {Fávero, Leonor Lopes and Koch, Ingedore G.},
	year = {1985},
	pages = {17--34},
}

@book{halliday_cohesion_2009,
	address = {London},
	edition = {Nachdr.},
	series = {English language series},
	title = {Cohesion in {English}},
	isbn = {9780582550414},
	language = {eng},
	number = {9},
	publisher = {Longman},
	author = {Halliday, Michael A. K. and Hasan, Ruqaiya},
	year = {2009},
	note = {OCLC: 553522471},
}

@book{halliday_cohesion_1976,
	address = {London},
	title = {Cohesion in {English}},
	language = {eng},
	publisher = {Longman},
	author = {Halliday, Michael A. K. and Hasan, Ruqaiya},
	year = {1976},
}

@article{grosz_centering:_1995,
	title = {Centering: {A} {Framework} for {Modeling} the {Local} {Coherence} of {Discourse}},
	volume = {21},
	shorttitle = {Centering},
	url = {https://www.aclweb.org/anthology/J95-2003},
	number = {2},
	urldate = {2021-04-12},
	journal = {Computational Linguistics},
	author = {Grosz, Barbara J. and Joshi, Aravind K. and Weinstein, Scott},
	year = {1995},
	pages = {203--225},
}

@article{heift_corrective_2004,
	title = {Corrective feedback and learner uptake in {CALL}},
	volume = {16},
	issn = {1474-0109, 0958-3440},
	url = {https://www.cambridge.org/core/journals/recall/article/abs/corrective-feedback-and-learner-uptake-in-call/31518DC0EE729736AFE866A774B019B8},
	doi = {10.1017/S0958344004001120},
	language = {en},
	number = {2},
	urldate = {2021-04-12},
	journal = {ReCALL},
	author = {Heift, Trude},
	month = nov,
	year = {2004},
	pages = {416--431},
}

@book{hirstanaphora1981,
	address = {Berlin},
	series = {Lecture notes in computer science},
	title = {Anaphora in natural language understanding: a survey},
	isbn = {9783540108580},
	shorttitle = {Anaphora in natural language understanding},
	number = {119},
	publisher = {Springer},
	author = {Hirst, Graeme},
	year = {1981}
}

@book{huanganaphora2000,
	address = {Oxford, New York},
	title = {Anaphora: A Cross-Linguistic Study},
	isbn = {9780198235293},
	shorttitle = {Anaphora},
	publisher = {OUP Oxford},
	author = {Huang, Yan},
	year = {2000}
}

@misc{ibm_corporation_ibm_2020,
	address = {Armonk},
	title = {{IBM} {SPSS} {Statistics} for {Windows}},
	publisher = {IBM CORPORATION},
	author = {{IBM CORPORATION}},
	year = {2020},
}

@article{kim_use_2002,
	title = {The Use of the Computer in Developing L2 Reading Comprehension: Literature Review and Its Implications},
	shorttitle = {The Use of the Computer in Developing {L2} Reading Comprehension},
	url = {https://eric.ed.gov/?id=ED472671},
	language = {en},
	urldate = {2021-04-12},
	author = {Kim, Myonghee},
	month = sep,
	year = {2002},
	keywords = {Computer Assisted Instruction, Computer Uses in Education, Educational Research, Educational Technology, Literature Reviews, Reading Comprehension, Second Language Instruction, Second Language Learning, Second Language Programs, Second Languages, Teaching Methods},
}

@book{koch_coesao_2010,
	address = {São Paulo},
	series = {Repensando a língua portuguesa},
	title = {A coesão textual},
	language = {por},
	publisher = {Editora Contexto},
	author = {Koch, Ingedore Grunfeld Villaça},
	year = {2010},
	note = {OCLC: 248550514},
}

@book{krashen1982,
	address = {New York},
	title = {Principles and Practice in Second Language Acquisition},
	isbn = {9780137100477},
	publisher = {Alemany Pr},
	author = {Krashen, Stephen D.},
	year = {1982}
}

@article{kruskal_use_1952,
	title = {Use of {Ranks} in {One}-{Criterion} {Variance} {Analysis}},
	volume = {47},
	issn = {0162-1459},
	url = {https://www.jstor.org/stable/2280779},
	doi = {10.2307/2280779},
	number = {260},
	urldate = {2021-04-12},
	journal = {Journal of the American Statistical Association},
	author = {Kruskal, William H. and Wallis, W. Allen},
	year = {1952},
	pages = {583--621},
}

@book{li_engaging_2014,
	series = {Advances in {Educational} {Technologies} and {Instructional} {Design}},
	title = {Engaging {Language} {Learners} through {Technology} {Integration}: {Theory}, {Applications}, and {Outcomes}},
	isbn = {9781466661745 9781466661752},
	shorttitle = {Engaging {Language} {Learners} through {Technology} {Integration}},
	url = {http://services.igi-global.com/resolvedoi/resolve.aspx?doi=10.4018/978-1-4666-6174-5},
	urldate = {2021-04-12},
	publisher = {IGI Global},
	editor = {Li, Shuai and Swanson, Peter and Tomei, Lawrence},
	year = {2014},
	doi = {10.4018/978-1-4666-6174-5},
}

@article{liu_look_2002,
	title = {A {Look} at the {Research} on {Computer}-{Based} {Technology} {Use} in {Second} {Language} {Learning}: {A} {Review} of the {Literature} from 1990-2000},
	volume = {34},
	issn = {1539-1523, 1945-0818},
	shorttitle = {A {Look} at the {Research} on {Computer}-{Based} {Technology} {Use} in {Second} {Language} {Learning}},
	url = {http://www.tandfonline.com/doi/abs/10.1080/15391523.2002.10782348},
	doi = {10.1080/15391523.2002.10782348},
	language = {en},
	number = {3},
	urldate = {2021-04-12},
	journal = {Journal of Research on Technology in Education},
	author = {Liu, Min and Moore, Zena and Graham, Leah and Lee, Shinwoong},
	month = mar,
	year = {2002},
	pages = {250--273},
}

@phdthesis{liu_acquisition_2010,
	title = {The {Acquisition} and {Online} {Processing} of {Anaphora} by {Chinese}-{English} {Bilinguals}: {A} {Computer} {Assisted} {Study}},
	shorttitle = {The {Acquisition} and {Online} {Processing} of {Anaphora} by {Chinese}-{English} {Bilinguals}},
	url = {https://repository.arizona.edu/handle/10150/145713},
	language = {en},
	urldate = {2021-04-12},
	school = {University of Arizona},
	author = {Liu, Rong},
	year = {2010},
}

@incollection{lozano_2016,
	address = {Amsterdam},
	title = {Pragmatic principles in anaphora resolution at the syntax-discourse interface: {Advanced} {English} learners of {Spanish} in the {CEDEL2} corpus},
	volume = {78},
	isbn = {9789027210753 9789027266248},
	shorttitle = {Pragmatic principles in anaphora resolution at the syntax-discourse interface},
	url = {https://benjamins.com/catalog/scl.78.09loz},
	language = {en},
	urldate = {2021-04-12},
	booktitle = {Studies in {Corpus} {Linguistics}},
	publisher = {John Benjamins Publishing Company},
	author = {Lozano, Cristóbal},
	editor = {Alonso-Ramos, Margarita},
	month = dec,
	year = {2016},
	doi = {10.1075/scl.78.09loz},
	pages = {235--265},
}

@article{lyster_corrective_1997,
	title = {{CORRECTIVE} {FEEDBACK} {AND} {LEARNER} {UPTAKE}: {Negotiation} of {Form} in {Communicative} {Classrooms}},
	volume = {19},
	issn = {0272-2631, 1470-1545},
	shorttitle = {{CORRECTIVE} {FEEDBACK} {AND} {LEARNER} {UPTAKE}},
	url = {https://www.cambridge.org/core/product/identifier/S0272263197001034/type/journal_article},
	doi = {10.1017/S0272263197001034},
	language = {en},
	number = {1},
	urldate = {2021-04-12},
	journal = {Studies in Second Language Acquisition},
	author = {Lyster, Roy and Ranta, Leila},
	month = mar,
	year = {1997},
	pages = {37--66},
}

@article{macaro_systematic_2012,
	title = {A systematic review of {CALL} in {English} as a second language: {Focus} on primary and secondary education},
	volume = {45},
	issn = {0261-4448, 1475-3049},
	shorttitle = {A systematic review of {CALL} in {English} as a second language},
	url = {https://www.cambridge.org/core/product/identifier/S0261444811000395/type/journal_article},
	doi = {10.1017/S0261444811000395},
	language = {en},
	number = {1},
	urldate = {2021-04-12},
	journal = {Language Teaching},
	author = {Macaro, Ernesto and Handley, Zöe and Walter, Catherine},
	month = jan,
	year = {2012},
	pages = {1--43},
}

@article{mackey_pushing_2006,
	title = {Pushing the methodological boundaries in interaction research:an introduction to the special issue},
	volume = {28},
	issn = {0272-2631},
	shorttitle = {Pushing the methodological boundaries in interaction research},
	url = {https://doi.org/10.1017/S0272263106060086},
	language = {en},
	number = {2},
	urldate = {2021-04-12},
	journal = {Studies in Second Language Acquisition},
	author = {Mackey, Alison and Gass, Susan M.},
	month = jun,
	year = {2006},
	pages = {169--178},
}

@article{mcdonald_time_1995,
	title = {The Time Course of Anaphor Resolution: Effects of Implicit Verb Causality and Gender},
	volume = {34},
	issn = {0749-596X},
	shorttitle = {The Time Course of Anaphor Resolution},
	url = {https://www.sciencedirect.com/science/article/abs/pii/S0749596X8571025X},
	doi = {10.1006/jmla.1995.1025},
	number = {4},
	urldate = {2021-04-12},
	journal = {Journal of Memory and Language},
	author = {Mcdonald, Janet L. and Macwhinney, Brian},
	year = {1995},
	pages = {543--566}
}

@book{mcenery_corpus_2006,
	address = {London},
	edition = {1},
	title = {Corpus Based Language Studies: An Advanced Resource Book},
	isbn = {9780415286237},
	shorttitle = {Corpus Based Language Studies},
	publisher = {Routledge},
	editor = {McEnery, Tony and Xiao, Richard and Tono, Yukio},
	year = {2006},
}

@misc{mckeachie_2008,
	title = {Title {Motivation} and {Learning} {Strategies} in {University} {Students} : adaptation of the {Motivated} {Strategies} {Learning} {Questionnaire} to the {Portuguese} population},
	shorttitle = {Title {Motivation} and {Learning} {Strategies} in {University} {Students}},
	url = {https://www.semanticscholar.org/paper/T%C3%ADtle-Motivation-and-Learning-Strategies-in-%3A-of-to-Mckeachie-Melo/a376bee9856136f1785b231e550235d6ed42f51f},
	language = {en},
	urldate = {2021-04-12},
	author = {Mckeachie, Bill and Melo, R. and Mendes, Rui},
	year = {2008},
}

@book{mitchell_second_2013,
	address = {New York, NY},
	title = {Second language learning theories},
	publisher = {Routledge},
	address = {New York},
	author = {Mitchell, Rosamond and Myles, Florence and Marsden, Emma},
	year = {2013},
	keywords = {Second language acquisition},
}

@book{mitkov_oxford_2005,
	address = {Oxford},
	title = {The Oxford Handbook of Computational Linguistics},
	isbn = {9780199276349},
	publisher = {OUP Oxford},
	editor = {Mitkov, Ruslan},
	year = {2005}
}

@article{pintrich_reliability_1993,
	title = {Reliability and {Predictive} {Validity} of the {Motivated} {Strategies} for {Learning} {Questionnaire} ({Mslq})},
	volume = {53},
	issn = {0013-1644, 1552-3888},
	url = {http://journals.sagepub.com/doi/10.1177/0013164493053003024},
	doi = {10.1177/0013164493053003024},
	language = {en},
	number = {3},
	urldate = {2021-04-12},
	journal = {Educational and Psychological Measurement},
	author = {Pintrich, Paul R. and Smith, David A. F. and Garcia, Teresa and Mckeachie, Wilbert J.},
	month = sep,
	year = {1993},
	pages = {801--813},
}

@article{pretorius_english_2005,
	title = {English as a second language learner differences in anaphoric resolution: {Reading} to learn in the academic context},
	volume = {26},
	issn = {0142-7164, 1469-1817},
	shorttitle = {English as a second language learner differences in anaphoric resolution},
	url = {https://www.cambridge.org/core/product/identifier/S0142716405050289/type/journal_article},
	doi = {10.1017/S0142716405050289},
	language = {en},
	number = {4},
	urldate = {2021-04-12},
	journal = {Applied Psycholinguistics},
	author = {Pretorius, Elizabeth J.},
	month = oct,
	year = {2005},
	pages = {521--539},
}

@inproceedings{rahman_coreference_2011,
	address = {Portland, Oregon, USA},
	title = {Coreference {Resolution} with {World} {Knowledge}},
	url = {https://www.aclweb.org/anthology/P11-1082},
	urldate = {2021-04-12},
	booktitle = {Proceedings of the 49th {Annual} {Meeting} of the {Association} for {Computational} {Linguistics}: {Human} {Language} {Technologies}},
	publisher = {Association for Computational Linguistics},
	author = {Rahman, Altaf and Ng, Vincent},
	month = jun,
	year = {2011},
	pages = {814--824},
}

@book{rizzi_issues_1982,
	title = {Issues in {Italian} {Syntax}:},
	isbn = {9783110139143},
	shorttitle = {Issues in {Italian} {Syntax}},
	url = {https://www.degruyter.com/document/doi/10.1515/9783110883718/html},
	urldate = {2021-04-12},
	publisher = {DE GRUYTER},
	author = {Rizzi, Luigi},
	month = dec,
	year = {1982},
	doi = {10.1515/9783110883718},
}

@article{skylar_comparison_2009,
	title = {A {Comparison} of {Asynchronous} {Online} {Text}-{Based} {Lectures} and {Synchronous} {Interactive} {Web} {Conferencing} {Lectures}},
	volume = {18},
	issn = {1536-3031},
	url = {https://eric.ed.gov/?id=EJ858506},
	language = {en},
	number = {2},
	urldate = {2021-04-12},
	journal = {Issues in Teacher Education},
	author = {Skylar, Ashley Ann},
	year = {2009},
	keywords = {Electronic Learning, Distance Education, Teaching Methods, Synchronous Communication, Asynchronous Communication, Lecture Method, Teleconferencing, Electronic Mail, Intermode Differences, Participant Satisfaction, Teacher Education Programs, Instructional Effectiveness, Pretests Posttests, Student Surveys},
	pages = {69--84},
}

@article{sotillo_discourse_2000,
	title = {Discourse {Functions} and {Syntactic} {Complexity} in {Synchronous} and {Asynchronous} {Communication}},
	volume = {4},
	url = {https://www.semanticscholar.org/paper/Discourse-Functions-and-Syntactic-Complexity-in-and-Sotillo/0dd4278042b5fbbf503aeb96ae2e4c2cef03adcb},
	language = {en},
	number = {1},
	urldate = {2021-04-12},
	journal = {Language learning \& technology},
	author = {Sotillo, Susana M.},
	year = {2000},
	pages = {77--110},
}

@article{yang_review_2012,
	title = {Review on {Study} of {Computer}-{Assisted} and {Net}-{Assisted} {EFL} {Writing} during {Recent} {Ten} {Years}},
	number = {2},
	journal = {Journal of Educational Institute of Jilin Province},
	author = {Yang, Li and Zhao, Linna and Li, Yuan},
	year = {2012},
	pages = {1--39},
}

@article{stockwell_review_2007,
	title = {\textit{{A} review of technology choice for teaching language skills and areas in the {CALL} literature}},
	volume = {19},
	issn = {0958-3440, 1474-0109},
	url = {https://www.cambridge.org/core/product/identifier/S0958344007000225/type/journal_article},
	doi = {10.1017/S0958344007000225},
	language = {en},
	number = {2},
	urldate = {2021-04-15},
	journal = {ReCALL},
	author = {Stockwell, Glenn},
	month = may,
	year = {2007},
	pages = {105--120},
}
