@article{davis1989tam,
    title         = {User Acceptance of Computer Technology: A Comparison of Two Theoretical Models},
    author        = {Davis, F. D. and Bagozzi, R. P. and Warshaw, P. R.},
    year          = {1989},
    journal       = {Management Science},
    volume        = {35},
    number        = {8},
    pages         = {982--1003},
}

@article{evans2005value,
    title         = {The value of online surveys},
    author        = {Evans, J. R. and Mathur, A.},
    year          = {2005},
    journal       = {Internet Research},
    volume        = {15},
    number        = {2},
    pages         = {195--219},
}

@article{mishra2009tpack,
    title         = {Using the TPACK Framework},
    author        = {Mishra, P. and Koehler, M.},
    year          = {2009},
    journal       = {Learning \& Leading with Technology},
    volume        = {36},
    number        = {7},
    pages         = {14--18},
}

@inproceedings{voogt2010tpack,
    title         = {Strategies for teacher professional development on TPACK, Part 2},
    author        = {Voogt, J. and others},
    year          = {2010},
    booktitle     = {Proceedings of Society for Information Technology Teacher Education International Conference 2010},
    note          = {Disponível em: \url{http://www.mendeley.com/research/strategies-teacher-professional-development-tpack/}},
}

@article{singh2014normality,
    title         = {Normality and Data Transformation for Applied Statistical Analysis},
    author        = {Singh, A. S. and Masuku, M. B.},
    year          = {2014},
    journal       = {International Journal of Economics, Commerce and Management},
    volume        = {2},
    number        = {7},
}

@article{rimando2015challenges,
    title         = {Data collection challenges and recommendations for early career researchers},
    author        = {Rimando, M. and Brace, A. M. and Namageyo-Funa, A. and Parr, T. L. and Sealy, D. A.},
    year          = {2015},
    journal       = {Qualitative Report},
    volume        = {20},
    number        = {12},
    pages         = {2025--2036},
}

@article{miot2017normality,
    title         = {Assessing normality of data in clinical and experimental trials},
    author        = {Miot, H. A.},
    year          = {2017},
    journal       = {Jornal Vascular Brasileiro},
    volume        = {16},
    number        = {2},
}

@article{weng2018tam,
    title         = {A TAM-based study of the attitude towards use intention of multimedia among school teachers},
    author        = {Weng, F. and Yang, R. J. and Ho, H. J. and Su, H. M.},
    year          = {2018},
    journal       = {Applied System Innovation},
    volume        = {1},
    number        = {3},
}

@article{ball2019survey,
    title         = {Conducting Online Surveys},
    author        = {Ball, H. L.},
    year          = {2019},
    journal       = {Journal of Human Lactation},
    volume        = {35},
    number        = {3},
}

@article{habibi2020tpack,
    title         = {The role of TPACK in affecting pre-service language teachers’ ICT integration during teaching practices: Indonesian context},
    author        = {Habibi, A. and Yusop, F. D. and Razak, R. A.},
    year          = {2020},
    journal       = {Education and Information Technologies},
    volume        = {25},
    number        = {3},
    pages         = {1929--1949},
}

@article{alharbi2021crypto,
    title         = {Technology Readiness and Cryptocurrency Adoption: PLS-SEM and Deep Learning Neural Network Analysis},
    author        = {Alharbi, A. and Sohaib, O.},
    year          = {2021},
    journal       = {IEEE Access},
    volume        = {9},
}

@article{mailizar2021tpack,
    title         = {Examining the impact of mathematics teachers’ TPACK on their acceptance of online professional development},
    author        = {Mailizar, M. and Hidayat, M. and Al-Manthari, A.},
    year          = {2021},
    journal       = {Journal of Digital Learning in Teacher Education},
    volume        = {37},
    number        = {3},
}

@article{wang2021aiadoption,
    title         = {Factors Affecting the Adoption of AI Based Applications in Higher Education: An Analysis of Teachers Perspectives Using Structural Equation Modeling},
    author        = {Wang, Y. and Liu, C. and Tu, Y. F.},
    year          = {2021},
    journal       = {Educational Technology and Society},
    volume        = {24},
    number        = {3},
}

@article{habibi2022beliefs,
    title         = {Beliefs and Knowledge for Pre-Service Teachers’ Technology Integration during Teaching Practice: An Extended Theory of Planned Behavior},
    author        = {Habibi, A. and Riady, Y. and Samed Al-Adwan, A. and Awni Albelbisi, N.},
    year          = {2022},
    journal       = {Computers in the Schools},
}

@article{magno2022pls,
    title         = {A brief review of partial least squares structural equation modeling (PLS-SEM) use in quality management studies},
    author        = {Magno, F. and Cassia, F. and Ringle, C. M. M.},
    year          = {2022},
    journal       = {TQM Journal},
}

@article{oliveira2022insulin,
    title         = {Content Validity of a Questionnaire Based on the Theory of Planned Behavior to Assess the Psychosocial Determinants of Insulin Adherence},
    author        = {Oliveira, M. K. de M. and Kaizer, U. A. de O. and Jannuzzi, F. F. and Gallani, M. C. and Alexandre, N. M. C. and Cornélio, M. E. and São-João, T. M. and Rodrigues, R. C. M.},
    year          = {2022},
    journal       = {Value in Health Regional Issues},
    volume        = {29},
}

@article{peng2022kiosks,
    title         = {Exploring the Influence of Determinants on Behavior Intention to Use of Multiple Media Kiosks Through Technology Readiness and Acceptance Model},
    author        = {Peng, M. Y. P. and Yan, X.},
    year          = {2022},
    journal       = {Frontiers in Psychology},
    volume        = {13},
}

@article{venkatesh2022utaut,
    title         = {Adoption and use of AI tools: a research agenda grounded in UTAUT},
    author        = {Venkatesh, V.},
    year          = {2022},
    journal       = {Annals of Operations Research},
    volume        = {308},
    number        = {1--2},
}

@article{wang2022tam2,
    title         = {Revisiting TAM2 in behavioral targeting advertising: A deep learning-based dual-stage SEM-ANN analysis},
    author        = {Wang, G. and Tan, G. W. H. and Yuan, Y. and Ooi, K. B. and Dwivedi, Y. K.},
    year          = {2022},
    journal       = {Technological Forecasting and Social Change},
    volume        = {175},
}

@article{alabdullatif2023chatbots,
    title         = {Modeling Students’ Perceptions of Chatbots in Learning: Integrating Technology Acceptance with the Value-Based Adoption Model},
    author        = {Al-Abdullatif, A. M.},
    year          = {2023},
    journal       = {Education Sciences},
    volume        = {13},
    number        = {11},
}

@article{an2023ai,
    title         = {Modeling English teachers’ behavioral intention to use artificial intelligence in middle schools},
    author        = {An, X. and Chai, C. S. and Li, Y. and Zhou, Y. and Shen, X. and Zheng, C. and Chen, M.},
    year          = {2023},
    journal       = {Education and Information Technologies},
    volume        = {28},
    number        = {5},
}

@article{habibi2023vocational,
    title         = {Factors affecting digital technology access in vocational education},
    author        = {Habibi, A. and Sofyan, S. and Mukminin, A.},
    year          = {2023},
    month         = dec,
    day           = {1},
    journal       = {Scientific Reports},
    volume        = {13},
    number        = {1},
    pages         = {5682},
}

@article{habibi2023mlms,
    title         = {m-Learning Management System use during Covid-19},
    author        = {Habibi, A. and Yaakob, M. F. M. and Al-Adwan, A. S.},
    year          = {2023},
    journal       = {Information Development},
}

@article{raman2023vr,
    title         = {Enhancing English Verbal Communication Skills through Virtual Reality: A Study on Engagement, Motivation, and Autonomy among English as a Second Language Learners},
    author        = {Raman, K. and Hashim, H. and Ismail, H. H.},
    year          = {2023},
    journal       = {International Journal of Learning, Teaching and Educational Research},
    volume        = {22},
    number        = {12},
    pages         = {237--261},
}

@article{liu2023chatgpt,
    title         = {Measuring EFL learners’ use of ChatGPT in informal digital learning of English based on the technology acceptance model},
    author        = {Liu, G. and Ma, C.},
    year          = {2023},
    journal       = {Innovation in Language Learning and Teaching},
}

@article{schuberth2023fit,
    title         = {Assessing the overall fit of composite models estimated by partial least squares path modeling},
    author        = {Schuberth, F. and Rademaker, M. E. and Henseler, J.},
    year          = {2023},
    journal       = {European Journal of Marketing},
    volume        = {57},
    number        = {6},
}

@article{sofyan2023tpack,
    title         = {TPACK–UotI: the validation of an assessment instrument for elementary school teachers},
    author        = {Sofyan, S. and Habibi, A. and Sofwan, M. and Yaakob, M. F. M. and Alqahtani, T. M. and Jamila, A. and Wijaya, T. T.},
    year          = {2023},
    month         = feb,
    day           = {13},
    journal       = {Humanities and Social Sciences Communications},
    volume        = {10},
    number        = {1},
    pages         = {55},
}

@article{thohir2023vr,
    title         = {The effects of TPACK and facility condition on preservice teachers’ acceptance of virtual reality in science education course},
    author        = {Thohir, M. A. and Ahdhianto, E. and Mas’ula, S. and Yanti, F. A. and Sukarelawan, M. I.},
    year          = {2023},
    journal       = {Contemporary Educational Technology},
    volume        = {15},
    number        = {2},
}

@article{wu2023aiuse,
    title         = {{“To Use or Not to Use?” A Mixed-Methods Study on the Determinants of EFL College Learners’ Behavioral Intention to Use AI in the Distributed Learning Context}},
    author        = {Wu, H. and Wang, Yunsong and Wang, Yongliang},
    year          = {2023},
    journal       = {International Review of Research in Open and Distributed Learning},
    note          = {[s.l.: s.n.]},
}

@article{yoon2023aispeakers,
    title         = {A Study on the Improvement Direction of Artificial Intelligence Speakers Applying DeLone and McLean’s Information System Success Model},
    author        = {Yoon, S. J. and Kim, M. Y.},
    year          = {2023},
    journal       = {Human Behavior and Emerging Technologies},
}

@article{zhang2023acceptance,
    title         = {Acceptance of artificial intelligence among pre-service teachers: a multigroup analysis},
    author        = {Zhang, C. and Schiessl, J. and Plössl, L. and Hofmann, F. and Gläser-Zikuda, M.},
    year          = {2023},
    journal       = {International Journal of Educational Technology in Higher Education},
    volume        = {20},
    number        = {1},
}

@article{zou2023speechai,
    title         = {Exploring students’ acceptance of an artificial intelligence speech evaluation program for EFL speaking practice: an application of the Integrated Model of Technology Acceptance},
    author        = {Zou, B. and Lyu, Q. and Han, Y. and Li, Z. and Zhang, W.},
    year          = {2023},
    journal       = {Computer Assisted Language Learning},
}

@article{aladwan2024useintention,
    title         = {Understanding continuous use intention of technology among higher education teachers in emerging economy: evidence from integrated TAM, TPACK, and UTAUT model},
    author        = {Al-Adwan, A. S. and Meet, R. K. and Anand, S. and Shukla, G. P. and Alsharif, R. and Dabbaghia, M.},
    year          = {2024},
    month         = apr,
    day           = {23},
    journal       = {Studies in Higher Education},
    pages         = {1--20},
}

@article{baskara2024ai,
    title         = {Redefining educational paradigms: Integrating generative AI into society 5.0 for sustainable learning outcomes},
    author        = {Baskara, F. X. R. and Vasudevan, A. and Sain, Z. H. and Tee, M. and Arumugam, V. and Parahakaran, S. S. and Balakrishnan, R.},
    year          = {2024},
    journal       = {Journal of Infrastructure, Policy and Development},
    volume        = {8},
    number        = {12},
    pages         = {6385},
}

@article{cepeda2024plssem,
    title         = {Emerging opportunities for information systems researchers to expand their PLS-SEM analytical toolbox},
    author        = {Cepeda, G. and Roldán, J. L. and Sabol, M. and Hair, J. and Chong, A. Y. L.},
    year          = {2024},
    month         = jun,
    day           = {18},
    journal       = {Industrial Management \& Data Systems},
    volume        = {124},
    number        = {6},
    pages         = {2230--2250},
}

@article{chen2024mr,
    title         = {Enhancing education quality: Exploring teachers’ attitudes and intentions towards intelligent MR devices},
    author        = {Chen, Y. and Zou, Y.},
    year          = {2024},
    month         = dec,
    day           = {11},
    journal       = {European Journal of Education},
    volume        = {59},
    number        = {4},
}

@article{cheng2024tpack,
    title         = {More than high, medium, and low: Pre-service teacher TPACK profiles and intentions to teach with technology},
    author        = {Cheng, J. and Hall, J. A. and Wang, Q. and Lei, J.},
    year          = {2024},
    month         = dec,
    day           = {11},
    journal       = {Education and Information Technologies},
    volume        = {29},
    number        = {18},
    pages         = {24387--24413},
}

@article{darwin2024critical,
    title         = {Critical thinking in the AI era: An exploration of EFL students’ perceptions, benefits, and limitations},
    author        = {Darwin and Rusdin, D. and Mukminatien, N. and Suryati, N. and Laksmi, E. D. and Marzuki},
    year          = {2024},
    journal       = {Cogent Education},
    volume        = {11},
    number        = {1},
}

@article{dehghani2024chatgpt,
    title         = {Exploring Iranian English as a Foreign Language Teachers’ Acceptance of ChatGPT in English Language Teaching: Extending the Technology Acceptance Model},
    author        = {Dehghani, H. and Mashhadi, A.},
    year          = {2024},
    month         = oct,
    day           = {1},
    journal       = {Education and Information Technologies},
    volume        = {29},
    number        = {15},
    pages         = {19813--19834},
}

@article{gumbi2024dgb,
    title         = {Exploring Pre-Service Teachers’ Perspectives on the Integration of Digital Game-Based Learning for Sustainable STEM Education},
    author        = {Gumbi, N. M. and Sibaya, D. and Chibisa, A.},
    year          = {2024},
    journal       = {Sustainability (Switzerland)},
    volume        = {16},
    number        = {3},
}

@article{habibi2024utaut,
    title         = {ChatGPT acceptance and use through UTAUT and TPB: A big survey in five Indonesian Universities},
    author        = {Habibi, A. and Mukminin, A. and Octavia, A. and Wahyuni, S. and Danibao, B. K. and Wibowo, Y. G.},
    year          = {2024},
    journal       = {Social Sciences \& Humanities Open},
    volume        = {10},
    pages         = {101136},
}

@article{habibi2024access,
    title         = {Access to the digital technology of urban and suburban vocational schools},
    author        = {Habibi, A. and Mukminin, A. and Sofyan, S.},
    year          = {2024},
    journal       = {Education and Information Technologies},
    volume        = {29},
    number        = {4},
}

@article{hair2024plssem,
    title         = {The shortcomings of equal weights estimation and the composite equivalence index in PLS-SEM},
    author        = {Hair, J. F. and Sharma, P. N. and Sarstedt, M. and Ringle, C. M. and Liengaard, B. D.},
    year          = {2024},
    journal       = {European Journal of Marketing},
    volume        = {58},
    number        = {13},
}

@article{lavidas2024ai,
    title         = {Determinants of Humanities and Social Sciences Students’ Intentions to Use Artificial Intelligence Applications for Academic Purposes},
    author        = {Lavidas, K. and Voulgari, I. and Papadakis, S. and Athanassopoulos, S. and Anastasiou, A. and Filippidi, A. and Komis, V. and Karacapilidis, N.},
    year          = {2024},
    month         = may,
    day           = {28},
    journal       = {Information},
    volume        = {15},
    number        = {6},
    pages         = {314},
}

@article{ma2024tam,
    title         = {Exploring the acceptance of generative artificial intelligence for language learning among EFL postgraduate students: An extended TAM approach},
    author        = {Ma, M.},
    year          = {2024},
    month         = aug,
    day           = {9},
    journal       = {International Journal of Applied Linguistics},
}

@article{mansour2024stem,
    title         = {Science and Mathematics Teachers’ Integration of TPACK in STEM Subjects in Qatar: A Structural Equation Modeling Study},
    author        = {Mansour, N. and Said, Z. and Çevik, M. and Abu-Tineh, A.},
    year          = {2024},
    month         = oct,
    day           = {21},
    journal       = {Education Sciences},
    volume        = {14},
    number        = {10},
    pages         = {1138},
}

@article{nadella2024elearning,
    title         = {Examining E-learning tools impact using IS-impact model: A comparative PLS-SEM and IPMA case study},
    author        = {Nadella, G. S. and Meduri, K. and Satish, S. and Maturi, M. H. and Gonaygunta, H.},
    year          = {2024},
    month         = sep,
    journal       = {Journal of Open Innovation: Technology, Market, and Complexity},
    volume        = {10},
    number        = {3},
    pages         = {100351},
}

@article{strzelecki2024chatgpt,
    title         = {Students’ Acceptance of ChatGPT in Higher Education: An Extended Unified Theory of Acceptance and Use of Technology},
    author        = {Strzelecki, A.},
    year          = {2024},
    month         = apr,
    day           = {30},
    journal       = {Innovative Higher Education},
    volume        = {49},
    number        = {2},
    pages         = {223--245},
}

@article{sun2024ai,
    title         = {Pre‐service teachers’ inclination to integrate AI into STEM education: Analysis of influencing factors},
    author        = {Sun, F. and Tian, P. and Sun, D. and Fan, Y. and Yang, Y.},
    year          = {2024},
    month         = nov,
    day           = {3},
    journal       = {British Journal of Educational Technology},
    volume        = {55},
    number        = {6},
    pages         = {2574--2596},
}

@article{teeluckdharry2024roadmap,
    title         = {A roadmap for the application of PLS-SEM and IPMA for effective service quality improvements},
    author        = {Teeluckdharry, N. B. and Teeroovengadum, V. and Seebaluck, A. K.},
    year          = {2024},
    journal       = {TQM Journal},
    volume        = {36},
    number        = {5},
}

@article{vaithilingam2024robustness,
    title         = {Robustness checks in PLS-SEM: A review of recent practices and recommendations for future applications in business research},
    author        = {Vaithilingam, S. and Ong, C. S. and Moisescu, O. I. and Nair, M. S.},
    year          = {2024},
    journal       = {Journal of Business Research},
    volume        = {173},
}

@article{xiaohong2024intentions,
    title         = {A study on behavioral intentions of artificial intelligence learning platform: comparing the perspectives of teachers and students},
    author        = {Xiaohong, L. and Jun, Z. and Xiaoming, C. and Beina, Z.},
    year          = {2024},
    month         = apr,
    day           = {24},
    journal       = {Interactive Learning Environments},
    pages         = {1--21},
}

@article{yao2024intention,
    title         = {Factors influencing pre-service special education teachers’ intention toward AI in education: Digital literacy, teacher self-efficacy, perceived ease of use, and perceived usefulness},
    author        = {Yao, N. and Wang, Q.},
    year          = {2024},
    month         = jul,
    journal       = {Heliyon},
    volume        = {10},
    number        = {14},
    pages         = {e34894},
}

@article{yuviler2024chatbot,
    title         = {How whatsappization of the chatbot affects perceived ease of use, perceived usefulness, and attitude toward using in a drive-sharing task},
    author        = {Yuviler-Gavish, N. and Halutz, R. and Neta, L.},
    year          = {2024},
    month         = dec,
    day           = {1},
    journal       = {Computers in Human Behavior Reports},
    volume        = {16},
}

@article{allali2024chatgpt,
    title         = {EFL Classroom: Teachers’ Perceptions and Intention to Use ChatGPT for Language Teaching},
    author        = {Allali, S. and Ghouati, A.},
    year          = {2025},
    journal       = {Journal of Applied Language and Culture Studies},
    url           = {https://revues.imist.ma/index.php?journal=JALCS},
    urldate       = {2025-7-18},
}

@article{barjestesh2025digital,
    title         = {Digital Literacy of Iranian English as a Foreign Language (EFL) Teachers: Teaching Experience in Focus},
    author        = {Barjestesh, H. and Vijayaratnam, P. and Sabzevari, M. and Rad, N. F. and Rabani, K. and Manoochehrzadeh, M.},
    year          = {2025},
    journal       = {Forum for Linguistic Studies},
    volume        = {7},
    number        = {1},
    pages         = {163--171},
}

@article{riady2025tam,
    title         = {TAM and IS success model on digital library use, user satisfaction and net benefits: Indonesian open university context},
    author        = {Riady, Y. and Habibi, A. and Mailizar, M. and Alqahtani, T. M. and Riady, H. and Al-Adwan, A. S.},
    year          = {2025},
    month         = jan,
    day           = {27},
    journal       = {Library Management},
}
