@book{Levelt1989,
    title         = {Speaking: from intention to articulation},
    author        = {Levelt, Willem},
    year          = {1989},
    publisher     = {The MIT Press},
    address       = {Cambridge, MA},
}

@book{Bakhtin1997,
    title         = {Estética da criação verbal},
    author        = {Bakhtin, Mikhail},
    year          = {1997},
    publisher     = {Martins Fontes},
    address       = {São Paulo},
}

@incollection{Gibson2000,
    title         = {The dependency locality theory: a distance-based theory of linguistic complexity},
    author        = {Gibson, Edward},
    year          = {2000},
    booktitle     = {Image, Language, Brain: Papers from the First Mind Articulation Project Symposium},
    publisher     = {The MIT Press},
    address       = {Cambridge, MA},
    pages         = {95--126},
    editor        = {Marantz, Alec and Miyashita, Yasushi and O'Neil, Wayne},
}

@misc{Mcnamara2002,
    title         = {Coh-Metrix: automated cohesion and coherence scores to predict text readability and facilitate comprehension},
    author        = {McNamara, Danielle and Louwerse, Max and Graesser, Arthur},
    year          = {2002},
    howpublished  = {Technical report, Institute for Intelligent Systems, University of Memphis, TN},
}

@book{Biber2009,
    title         = {Register, genre, and style},
    author        = {Biber, Douglas and Conrad, Susan},
    year          = {2009},
    publisher     = {Cambridge University Press},
    address       = {Cambridge},
}

@incollection{Vieira2009,
    title         = {O editorial de jornal},
    author        = {Vieira, Rosaura Maria Marques},
    year          = {2009},
    booktitle     = {Nos domínios dos gêneros textuais},
    publisher     = {Fale/ufmg},
    address       = {Belo Horizonte},
    volume        = {2},
    pages         = {15--20},
    editor        = {Dell'Isola, Regina Lúcia Péret},
}

@inproceedings{Almeida2010,
    title         = {Sobre o uso variável do subjuntivo em português: um estudo de tendência},
    author        = {Almeida, Erica and Callou, Dinah},
    year          = {2010},
    booktitle     = {XXV Encontro Nacional da Associação Portuguesa de Linguística: Textos seleccionados},
    publisher     = {Apl},
    address       = {Porto},
    pages         = {143--152},
    editor        = {Brito, Ana Maria and Silva, Maria de Fátima Henriques da and Veloso, João and Fiéis, Alexandra},
}

@article{Piantadosi2014,
    title         = {Zipf’s word frequency law in natural language: a critical review and future directions},
    author        = {Piantadosi, Steven T},
    year          = {2014},
    journal       = {Psychonomic Bulletin \& Review},
    volume        = {21},
    pages         = {1112--1130},
}

@article{Frantz2015,
    title         = {Syntactic complexity as an aspect of text complexity},
    author        = {Frantz, Roger and Starr, Laura and Bailey, Alison},
    year          = {2015},
    journal       = {Educational Researcher},
    volume        = {44},
    number        = {7},
    pages         = {387--393},
}

@misc{Gulordava2018,
    title         = {Colorless green recurrent networks dream hierarchically},
    author        = {Gulordava, Kristina and Bojanowski, Piotr and Grave, Edouard and Linzen, Tal and Baroni, Marco},
    year          = {2018},
    url           = {https://arxiv.org/abs/1803.11138},
    eprint        = {1803.11138},
    archiveprefix = {arXiv},
}

@inproceedings{Vaswani2018,
    title         = {Attention is all you need},
    author        = {Vaswani, Ashish and Shazeer, Noam and Parmar, Niki and Uszkoreit, Jakob and Jones, Llion and Gomez, Aidan and Kaiser, Lukasz and Polosukhin, Illia},
    year          = {2018},
    booktitle     = {Advances in Neural Information Processing Systems 30},
    publisher     = {Curran Associates, Inc.},
    address       = {Red Hook},
    pages         = {5999--6009},
    editor        = {von Luxburg, Ulrike and Guyon, Isabelle and Bengio, Samy and Wallach, Hanna and Fergus, Rob and Vishwanathan, S. and Garnett, Roman},
}

@article{Radford2019,
    title         = {Language models are unsupervised multitask learners},
    author        = {Radford, Alec and Wu, Jeffrey and Child, Rewon and Luan, David and Amodei, Dario and Sutskever, Ilya},
    year          = {2019},
    journal       = {OpenAI blog},
    volume        = {1},
    number        = {8},
    pages         = {1--9},
}

@misc{Welleck2019,
    title         = {Neural text generation with unlikelihood training},
    author        = {Welleck, Sean and Kulikov, Ilia and Roller, Stephen and Dinan, Emily and Cho, Kyunghyun and Weston, Jason},
    year          = {2019},
    url           = {https://arxiv.org/abs/1908.04319},
    eprint        = {1908.04319},
    archiveprefix = {arXiv},
}

@misc{Holtzman2020,
    title         = {The curious case of neural text degeneration},
    author        = {Holtzman, Ari and Buys, Jan and Du, Li and Forbes, Maxwell and Choi, Yejin},
    year          = {2020},
    url           = {https://arxiv.org/abs/1904.09751},
    eprint        = {1904.09751},
    archiveprefix = {arXiv},
}

@manual{R2021,
    title         = {R: A Language and Environment for Statistical Computing},
    author        = {R Core Team},
    year          = {2021},
    address       = {Vienna, Austria},
    url           = {https://www.R-project.org/},
    organization  = {R Foundation for Statistical Computing},
}

@article{Reisenbichler2022,
    title         = {Frontiers: supporting content marketing with natural language generation},
    author        = {Reisenbichler, Martin and Reutterer, Thomas and Schweidel, David A. and Dan, Daniel},
    year          = {2022},
    journal       = {Marketing Science},
    volume        = {41},
    number        = {3},
    pages         = {441--452},
}

@misc{Touvron2023,
    title         = {LLaMA: open and efficient foundation language models},
    author        = {Touvron, Hugo and Lavril, Thibaut and Izacard, Gautier and Martinet, Xavier and Lachaux, Marie-Anne and Lacroix, Timothée and Rozière, Baptiste and Goyal, Naman and Hambro, Eric and Azhar, Faisal and Rodriguez, Aurelien and Joulin, Armand and Grave, Edouard and Lample, Guillaume},
    year          = {2023},
    url           = {https://arxiv.org/abs/2302.13971},
    eprint        = {2302.13971},
    archiveprefix = {arXiv},
}

@article{Franceschelli2024,
    title         = {On the creativity of large language models},
    author        = {Franceschelli, Giorgio and Musolesi, Mirco},
    year          = {2024},
    journal       = {Ai \& Society},
    pages         = {1--11},
}

@article{Leal2024,
    title         = {NILC-Metrix: assessing the complexity of written and spoken language in Brazilian Portuguese},
    author        = {Leal, Sidney Evaldo and Duran, Magali Sanches and Scarton, Carolina Evaristo and Hartmann, Nathan Siegle and Aluísio, Sandra Maria},
    year          = {2024},
    journal       = {Language Resources and Evaluation},
    volume        = {58},
    number        = {1},
    pages         = {73--110},
}

@inproceedings{Naik2024,
    title         = {Applications of AI chatbots based on generative AI, large language models and large multimodal models},
    author        = {Naik, Dishita and Naik, Ishita and Naik, Nitin},
    year          = {2024},
    booktitle     = {Contributions Presented at The International Conference on Computing, Communication, Cybersecurity and AI, July 3--4, 2024, London, UK},
    publisher     = {Springer Nature Switzerland},
    address       = {Cham},
    pages         = {668--690},
    editor        = {Naik, Nitin and Jenkins, Paul and Prajapat, Shaligram and Grace, Paul},
}

@misc{Abonizio2025,
    title         = {Sabiá-3 technical report},
    author        = {Abonizio, Hugo and Almeida, Thales Sales and Laitz, Thiago and Malaquias Junior, Roseval and Bonás, Giovana Kerche and Nogueira, Rodrigo and Pires, Ramon},
    year          = {2025},
    url           = {https://arxiv.org/abs/2410.12049},
    eprint        = {2410.12049},
    archiveprefix = {arXiv},
}
