@article{prats2002hacia,
    title         = {Hacia una definici{\'o}n de la investigaci{\'o}n en Did{\'a}ctica de las Ciencias Sociales},
    author        = {Prats, Joaquim},
    year          = {2002},
    journal       = {Ense{\~n}anza de las ciencias sociales: revista de investigaci{\'o}n},
    volume        = {1},
    pages         = {81--89},
}

@article{mendler2002virtual,
    title         = {Virtual development and virtual geographies: using the Internet to teach interactive distance courses in the global South},
    author        = {Mendler, Janot and Simon, David and Broome, Paul},
    year          = {2002},
    journal       = {Journal of Geography in Higher Education},
    volume        = {26},
    number        = {3},
    pages         = {313--325},
    doi           = {10.1080/0309826022000019891},
}

@article{hillis2005ict,
    title         = {ICT in History Education--Scotland and Europe},
    author        = {Hillis, Peter and Munro, Bob},
    year          = {2005},
    journal       = {Social Science Computer Review},
    volume        = {23},
    number        = {2},
    pages         = {190--205},
    doi           = {10.1177/0894439304273268},
}

@article{mcdougall2006theory,
    title         = {Theory and history, questions and methodology: current and future issues in research into ICT in education},
    author        = {McDougall, Anne and Jones, Anthony},
    year          = {2006},
    journal       = {Technology, Pedagogy and Education},
    volume        = {15},
    number        = {3},
    pages         = {353--360},
    doi           = {10.1080/14759390600923915},
}

@article{maqsood2006applying,
    title         = {Applying project histories and project learning through knowledge management in an Australian construction company},
    author        = {Maqsood, Tayyab and Finegan, Andrew and Walker, Derek},
    year          = {2006},
    journal       = {The Learning Organization},
    volume        = {13},
    number        = {1},
    pages         = {80--95},
    doi           = {10.1108/09696470610639149},
}

@article{lynch2008learning,
    title         = {E-learning for geography's teaching and learning spaces},
    author        = {Lynch, Kenneth and Bednarz, Bob and Boxall, James and Chalmers, Lex and France, Derek and Kesby, Julie},
    year          = {2008},
    journal       = {Journal of Geography in Higher Education},
    volume        = {32},
    number        = {1},
    pages         = {135--149},
    doi           = {10.1080/03098260701731694},
}

@article{tuzun2009effects,
    title         = {The effects of computer games on primary school students' achievement and motivation in geography learning},
    author        = {T{\"u}z{\"u}n, Hakan and Y{\i}lmaz-Soylu, Meryem and Karaku{\c{s}}, T{\"u}rkan and Inal, Yavuz and K{\i}z{\i}lkaya, Gonca},
    year          = {2009},
    journal       = {Computers \& education},
    volume        = {52},
    number        = {1},
    pages         = {68--77},
    doi           = {10.1016/j.compedu.2008.06.008},
}

@article{deaney2009case,
    title         = {A case-study of one teacher's use of an interactive whiteboard system to support knowledge co-construction in the history classroom},
    author        = {Deaney, Rosemary and Chapman, Arthur and Hennessy, Sara},
    year          = {2009},
    journal       = {The Curriculum Journal},
    volume        = {20},
    number        = {4},
    pages         = {365--387},
    doi           = {10.1080/09585170903424898},
}

@article{bosco2011virtual,
    title         = {Virtual university teaching: contributions to innovation in higher education. The case of Online Geography at the Universitat Aut{\`o}noma de Barcelona},
    author        = {Bosco, Alejandra and Rodr{\'\i}guez-G{\'o}mez, David},
    year          = {2011},
    journal       = {Innovations in Education and Teaching International},
    volume        = {48},
    number        = {1},
    pages         = {13--23},
    doi           = {10.1080/14703297.2010.543772},
}

@book{biddulph,
    title         = {Learning to teach geography in the secondary school: A companion to school experience},
    author        = {Biddulph, Mary and Lambert, David and Balderstone, David},
    year          = {2012},
    publisher     = {Routledge},
    address       = {London},
}

@article{arancibia2013caracterizacion,
    title         = {Caracterizaci{\'o}n y valoraci{\'o}n de los usos educativos de las TIC en 10 secuencias did{\'a}cticas de historia en ense{\~n}anza secundaria},
    author        = {Arancibia, Marcelo and Badia, Antoni},
    year          = {2013},
    journal       = {Estudios pedag{\'o}gicos (Valdivia)},
    volume        = {39},
    number        = {ESPECIAL},
    pages         = {7--24},
    doi           = {10.4067/s0718-07052013000300002},
}

@article{sadik2014study,
    title         = {A study on environmental knowledge and attitudes of teacher candidates},
    author        = {Sadik, Fatma and Sadik, Semra},
    year          = {2014},
    journal       = {Procedia-Social and Behavioral Sciences},
    volume        = {116},
    pages         = {2379--2385},
    doi           = {10.1016/j.sbspro.2014.01.577},
}

@article{favier2014effects,
    title         = {The effects of geography lessons with geospatial technologies on the development of high school students' relational thinking},
    author        = {Favier, Tim and van der Schee, Joop A},
    year          = {2014},
    journal       = {Computers \& Education},
    volume        = {76},
    pages         = {225--236},
    doi           = {10.1016/j.compedu.2014.04.004},
}

@article{garcia2015aproximacion,
    title         = {Aproximaci{\'o}n al uso de recursos educativos abiertos para Ciencias Sociales en Educaci{\'o}n Secundaria y Bachillerato},
    author        = {S\'{a}nchez, Jos{\'e} Manuel and Morales, Purificaci{\'o}n Toledo},
    year          = {2015},
    journal       = {Prisma Social: revista de investigaci{\'o}n social},
    number        = {15},
    pages         = {222--253},
}

@article{arancibia2015concepciones,
    title         = {Concepciones de profesores de secundaria sobre ense{\~n}ar y aprender Historia con TIC},
    author        = {Arancibia Herrera, Marcelo Mauricio and Badia Gargant{\'e}, Antoni},
    year          = {2015},
    journal       = {Revista electr{\'o}nica de investigaci{\'o}n educativa},
    volume        = {17},
    number        = {2},
    pages         = {62--75},
}

@article{svobodova2016model,
    title         = {Model use of QR code in the teaching of geography},
    author        = {Svobodova, Hana and Hofmann, Eduard and Kejikova, Ivona and Durna, Radek and Dubovy, Arnost},
    year          = {2016},
    journal       = {GEOGRAPHIA CASSOVIENSIS},
    volume        = {10},
    number        = {1},
    pages         = {82--88},
}

@incollection{grigoriou,
    title         = {Using digital stories to teach geography in primary school},
    author        = {Grigoriou, Eleni},
    year          = {2016},
    booktitle     = {Digital Stories and Their Integration in Early Childhood and Primary Education: Teaching Scenarios and Practical Ideas},
    publisher     = {Nova},
    address       = {New York},
    pages         = {169--190},
    editor        = {Prentzas, Jim},
}

@article{boulahrouz2018digital,
    title         = {Digital technologies and education for sustainable development. An analysis of scientific production},
    author        = {Boulahrouz Lahmidi, Meriam and Medir Huerta, Rosa M and Calabuig i Serra, Salvador},
    year          = {2018},
    journal       = {P\'{\i}xel-Bit},
    number        = {54},
    pages         = {83--106},
    doi           = {10.12795/pixelbit.2019.i54.05},
}

@article{villena2019strolling,
    title         = {Strolling through a city of the Roman Empire: an analysis of the potential of virtual reality to teach history in Primary Education},
    author        = {Villena Taranilla, Rafael and C{\'o}zar-Guti{\'e}rrez, Ram{\'o}n and Gonz{\'a}lez-Calero, Jos{\'e} Antonio and L{\'o}pez Cirugeda, Isabel},
    year          = {2019},
    journal       = {Interactive Learning Environments},
    volume        = {30},
    number        = {4},
    pages         = {608--618},
    doi           = {10.1080/10494820.2019.1674886},
}

@article{piotrowska2019challenges,
    title         = {Challenges in geography education--a review of research problems},
    author        = {Piotrowska, Iwona and Cicho{\'n}, Ma{\l}gorzata and Abramowicz, Dawid and Sypniewski, Jakub},
    year          = {2019},
    journal       = {Quaestiones geographicae},
    volume        = {38},
    number        = {1},
    pages         = {71--84},
    doi           = {10.2478/quageo-2019-0009},
}

@article{ortega2019massive,
    title         = {Massive open online courses in the initial training of social science teachers: experiences, methodological conceptions, and technological use for sustainable development},
    author        = {Ortega-S{\'a}nchez, Delf{\'\i}n and G{\'o}mez-Trigueros, Isabel Mar{\'\i}a},
    year          = {2019},
    journal       = {Sustainability},
    volume        = {11},
    number        = {3},
    pages         = {578},
    doi           = {10.3390/su11030578},
}

@article{moreno2019estudio,
    title         = {Estudio bibliom{\'e}trico de la producci{\'o}n cient{\'\i}fica en Web of Science: Formaci{\'o}n Profesional y blended learning},
    author        = {Moreno Guerrero, Antonio Jos{\'e}},
    year          = {2019},
    journal       = {P\'{\i}xel-Bit},
    number        = {56},
    pages         = {149--168},
    doi           = {10.12795/pixelbit.2019.i56.08},
}

@article{miralles2019digital,
    title         = {Digital resources and didactic methodology in the initial training of History teachers},
    author        = {Miralles, Pedro and G{\'o}mez, CJ and Arias, V and Fontal, O},
    year          = {2019},
    journal       = {Comunicar},
    volume        = {27},
    number        = {61},
    pages         = {41--51},
    doi           = {10.3916/C61-2019-04},
}

@article{gomez2019investigacion,
    title         = {La investigaci{\'o}n en Did{\'a}ctica de las Ciencias Sociales en revistas espa{\~n}olas de Ciencias de la Educaci{\'o}n. Un an{\'a}lisis bibliom{\'e}trico (2007-2017)},
    author        = {G{\'o}mez, Cosme and L{\'o}pez Facal, Ram{\'o}n and Rodr{\'\i}guez Medina, Jairo},
    year          = {2019},
    journal       = {Did\'{a}ctica de las Ciencias Experimentales y Sociales},
    number        = {37},
    pages         = {67--88},
    doi           = {10.7203/dces.37.14440},
}

@article{khanra2020big,
    title         = {Big data analytics and enterprises: a bibliometric synthesis of the literature},
    author        = {Khanra, Sayantan and Dhir, Amandeep and M{\"a}ntym{\"a}ki, Matti},
    year          = {2020},
    journal       = {Enterprise Information Systems},
    volume        = {14},
    number        = {6},
    pages         = {737--768},
    doi           = {10.1080/17517575.2020.1734241},
}

@article{gonzalez2020quality,
    title         = {Quality education as a sustainable development goal in the context of 2030 agenda: Bibliometric approach},
    author        = {Gonz{\'a}lez Garc{\'\i}a, Erika and Colomo Maga{\~n}a, Ernesto and C{\'\i}vico Ariza, Andrea},
    year          = {2020},
    journal       = {Sustainability},
    volume        = {12},
    number        = {15},
    pages         = {e5884},
    doi           = {10.3390/su12155884},
}

@article{colomo2020spoc,
    title         = {SPOC y formaci{\'o}n del profesorado: aproximaci{\'o}n bibliom{\'e}trica y pedag{\'o}gica en Scopus y Web of Science},
    author        = {Colomo Maga{\~n}a, Ernesto and Rivas, Enrique S{\'a}nchez and Lacorte, Jos{\'e} Mar{\'\i}a Fern{\'a}ndez and Torres, Juan Manuel Trujillo},
    year          = {2020},
    journal       = {Revista electr{\'o}nica interuniversitaria de formaci{\'o}n del profesorado},
    volume        = {23},
    number        = {2},
    pages         = {37--51},
    doi           = {10.6018/reifop.413541},
}

@article{ruiz2021revision,
    title         = {Revisi{\'o}n de la producci{\'o}n cient{\'\i}fica sobre MOOC entre 2016 y 2019 a trav{\'e}s de SCOPUS},
    author        = {Ruiz Palmero, Julio and L{\'o}pez {\'A}lvarez, Daniel and S{\'a}nchez Rivas, Enrique and others},
    year          = {2021},
    journal       = {P{\'\i}xel-Bit},
    number        = {60},
    pages         = {95--107},
    doi           = {10.12795/pixelbit.77716},
}

@incollection{martinez2021,
    title         = {La evaluaci\'{o}n de grupos en Ciencias Sociales: an\'{a}lisis de r\'{u}bricas federadas en el Grado de Educaci\'{o}n Infantil},
    author        = {Mart\'{\i}nez, Daniel David and Cort\'{e}s, Sara},
    year          = {2021},
    booktitle     = {Discursos, mujeres y artes: \textquestiondown{}construyendo o derribando fronteras?},
    publisher     = {Dykinson},
    address       = {Madrid},
    pages         = {1644--1659},
    editor        = {Grana, Romina},
}

@article{marin2021steam,
    title         = {STEAM in education: a bibliometric analysis of performance and co-words in Web of Science},
    author        = {Mar{\'\i}n-Mar{\'\i}n, Jos{\'e}-Antonio and Moreno-Guerrero, Antonio-Jos{\'e} and D{\'u}o-Terr{\'o}n, Pablo and L{\'o}pez-Belmonte, Jes{\'u}s},
    year          = {2021},
    journal       = {International Journal of STEM Education},
    volume        = {8},
    number        = {1},
    pages         = {41},
    doi           = {10.1186/s40594-021-00296-x},
}

@article{lopez2021co,
    title         = {Co-word analysis and academic performance from the Australasian Journal of Educational Technology in Web of Science},
    author        = {Lopez-Belmonte, Jesus and Moreno-Guerrero, Antonio-Jos{\'e} and Pozo-Sanchez, Santiago and Mar{\'\i}n-Mar{\'\i}n, Jos{\'e}-Antonio},
    year          = {2021},
    journal       = {Australasian Journal of Educational Technology},
    volume        = {37},
    number        = {6},
    pages         = {119--140},
    doi           = {10.14742/ajet.6940},
}

@article{aguilar2022covid,
    title         = {COVID-19 y competencia digital: percepci{\'o}n del nivel en futuros profesionales de la educaci{\'o}n},
    author        = {Aguilar Cuesta, {\'A}ngel Ignacio and Colomo Maga{\~n}a, Ernesto and Colomo Maga{\~n}a, Alejandro and S{\'a}nchez Rivas, Enrique and others},
    year          = {2022},
    journal       = {Hachetetep\'{e}. Revista cient\'{\i}fica De Educaci\'{o}n Y Comunicaci\'{o}n},
    number        = {24},
    pages         = {1102},
    doi           = {10.25267/Hachetetepe.2022.i24.1102},
}

@article{rodriguez2022competencia,
    title         = {La competencia medi{\'a}tica del alumnado universitario para crear contenidos digitales},
    author        = {Ortega-Rodr{\'\i}guez, Pablo Javier and Garc{\'\i}a, Melchor G{\'o}mez and Hamed, Moussa Boumadan and Varela, Roberto Soto},
    year          = {2022},
    journal       = {Innoeduca: international journal of technology and educational innovation},
    volume        = {8},
    number        = {2},
    pages         = {69--82},
    doi           = {10.24310/innoeduca.2022.v8i2.14169},
}

@article{olivas2022strategic,
    title         = {Strategic Innovation: Conception of Innovation among Social Sciences Researchers in Higher Education in Northwestern M{\'e}xico},
    author        = {Olivas, Elsa Catalina and De Gunther Delgado, Leonel},
    year          = {2022},
    journal       = {Innovative Higher Education},
    volume        = {47},
    number        = {5},
    pages         = {855--874},
    doi           = {10.1007/s10755-022-09607-8},
}

@article{moreno2022computer,
    title         = {Computer in education in the 21st century. A scientific mapping of the literature in Web of Science},
    author        = {Moreno Guerrero, Antonio Jos{\'e} and Parra Gonz{\'a}lez, Mar{\'\i}a Elena and L{\'o}pez Belmonte, Jes{\'u}s and others},
    year          = {2022},
    journal       = {Campus Virtuales},
    volume        = {11},
    number        = {1},
    pages         = {201--223},
    doi           = {10.54988/cv.2022.1.1019},
}

@article{mielgo2022revision,
    title         = {Revisi{\'o}n sistem{\'a}tica de la literatura: Beneficios de los videojuegos en Educaci{\'o}n Primaria},
    author        = {Mielgo, Iv{\'a}n and Seijas-Santos, Sara and de Prado, Mario Grande},
    year          = {2022},
    journal       = {Innoeduca. International Journal of Technology and Educational Innovation},
    volume        = {8},
    number        = {1},
    pages         = {31--43},
    doi           = {10.24310/innoeduca.2022.v8i1.11144},
}

@article{jdaitawi2022factors,
    title         = {Probing the flipped learning literature in social sciences and humanities education},
    author        = {Jdaitawi, Malek and Hussein, Elham Taha and Muhaidat, Fatima and Joudeh, Maisoun Abu},
    year          = {2022},
    journal       = {International Journal of Instruction},
    volume        = {15},
    number        = {3},
    pages         = {677--694},
}

@article{gomez2022recursos,
    title         = {Recursos digitales y enfoques de ense\~{n}anza en la formaci\'{o}n inicial del profesorado de Historia},
    author        = {G\'{o}mez, Cosme and Rodr{\'\i}guez-Medina, Jairo and Sainz, {\'A}lvaro Chaparro and Garc{\'\i}a, Santiago Alonso},
    year          = {2022},
    journal       = {Educaci{\'o}n XX1},
    volume        = {25},
    number        = {1},
    pages         = {143--170},
    doi           = {10.5944/educxx1.30483},
}

@article{garcia2022developing,
    title         = {Developing robust state-of-the-art reports: Systematic Literature Reviews},
    author        = {Garc{\'\i}a-Pe{\~n}alvo, Francisco Jos{\'e}},
    year          = {2022},
    journal       = {Education in the Knowledge Society},
    volume        = {23},
    pages         = {e28600},
    doi           = {10.14201/eks.28600},
}

@article{colomo2022mooc,
    title         = {Mooc y universidad: an{\'a}lisis bibliom{\'e}tico sobre la producci{\'o}n cient{\'\i}fica en instituciones espa{\~n}olas},
    author        = {Colomo Maga{\~n}a, Ernesto and C{\'\i}vico Ariza, Andrea and Gabarda M{\'e}ndez, Vicente and Cuevas Monzon{\'\i}s, Nuria and others},
    year          = {2022},
    journal       = {Profesorado, Revista De Curr\'{\i}culum Y Formaci\'{o}n Del Profesorado},
    volume        = {26},
    number        = {2},
    pages         = {29--53},
    doi           = {10.30827/profesorado.v26i2.21223},
}

@article{civico2022twitter,
    title         = {Twitter and learning at university: Analysis of scientific production in Scopus},
    author        = {C{\'\i}vico Ariza, Andrea and Linde-Valenzuela, Teresa and G{\'o}mez Garc{\'\i}a, Melchor and Colomo Maga{\~n}a, Ernesto and others},
    year          = {2022},
    journal       = {Edutec. Revista Electr\'{o}nica De Tecnolog\'{\i}a Educativa},
    number        = {80},
    pages         = {131--148},
    doi           = {10.21556/edutec.2022.80.2281},
}

@article{ciriza2022technological,
    title         = {Technological Pedagogical Content Knowledge: Implementation of a Didactic Proposal for Preservice History Teachers},
    author        = {Ciriza-Mend{\'\i}vil, Carlos D and Lacambra, Ana Mendioroz and Hern{\'a}ndez de la Cruz, Jos{\'e} M},
    year          = {2022},
    journal       = {Frontiers in Education},
    volume        = {7},
    pages         = {852801},
    doi           = {10.3389/feduc.2022.852801},
}

@article{araya2022didactica,
    title         = {Did{\'a}ctica universitaria en entornos virtuales. Experiencia en ciencias sociales},
    author        = {Araya-Mu{\~n}oz, Isabel and Majano-Benavides, Jilma},
    year          = {2022},
    journal       = {Revista Electr{\'o}nica Educare},
    volume        = {26},
    number        = {3},
    pages         = {511--529},
    doi           = {10.15359/ree.26-3.28},
}

@article{alonso22,
    title         = {\textquestiondown{}Qu\'{e} entienden los investigadores de ciencias sociales por transferencia, utilidad y uso del conocimiento que producen?},
    author        = {Alonso, Mauro},
    year          = {2022},
    journal       = {Revista Eletr\^{o}nica Pesquiseduca},
    volume        = {14},
    number        = {33},
    pages         = {75--102},
    doi           = {10.58422/repesq.2022.e1207},
}

@incollection{aguilar,
    title         = {La realidad aumentada y virtual para el aprendizaje de la did\'{a}ctica de las ciencias sociales},
    author        = {Aguilar, \'{A}ngel Ignacio and Fern\'{a}ndez, Eugenia and Colomo, Alejandro},
    year          = {2022},
    booktitle     = {Recursos tecnol\'{o}gicos y educaci\'{o}n superior: una uni\'{o}n clave para la formaci\'{o}n de la sociedad digital},
    publisher     = {Gra\'{o}},
    address       = {Barcelona},
    pages         = {67--77},
    editor        = {Ruiz, Julio and Colomo, Ernesto and Guill\'{e}n, Francisco David and C\'{\i}vico, Andrea},
}

@article{pintosantos2023formacion,
    title         = {Formaci{\'o}n en competencia digital docente: validaci{\'o}n funcional del modelo TEP},
    author        = {Pinto, Alba Ruth and P{\'e}rez-Garcias, Adolfina and Mesquida, Antonia Darder},
    year          = {2023},
    journal       = {Innoeduca. International Journal of Technology and Educational Innovation},
    volume        = {9},
    number        = {1},
    pages         = {39--52},
    doi           = {10.24310/innoeduca.2023.v9i1.15191},
}

@article{oguguo2023analysis,
    title         = {Analysis of teachers in the use of digital resources in online teaching and assessment in COVID times},
    author        = {Oguguo, Basil and Ezechukwu, Roseline and Nannim, Fadip and Offor, Kelechi},
    year          = {2023},
    journal       = {Innoeduca. International Journal of Technology and Educational Innovation},
    volume        = {9},
    number        = {1},
    pages         = {81--96},
    doi           = {10.24310/innoeduca.2023.v9i1.15419},
}

@article{lopez2023aaugmented,
    title         = {Augmented reality in education. A scientific mapping in Web of Science},
    author        = {L{\'o}pez, Jes{\'u}s and Moreno-Guerrero, Antonio-Jos{\'e} and L{\'o}pez-N{\'u}{\~n}ez, Juan-Antonio and Hinojo-Lucena, Francisco-Javier},
    year          = {2023a},
    journal       = {Interactive learning environments},
    volume        = {31},
    number        = {4},
    pages         = {1860--1874},
    doi           = {10.1080/10494820.2020.1859546},
}

@article{guillen2023adigital,
    title         = {Which is the Digital Competence of Each Member of Educational Community to Use the Computer? Which Predictors Have a Greater Influence?},
    author        = {Guill{\'e}n, Francisco D and Colomo-Maga{\~n}a, Ernesto and C{\'\i}vico-Ariza, Andrea and Linde-Valenzuela, Teresa},
    year          = {2023a},
    journal       = {Technology, Knowledge and Learning},
    pages         = {1--20},
    doi           = {10.1007/s10758-023-09646-w},
}

@article{colomo2023acultural,
    title         = {Cultural e-snapshots as a digital resource: analysis of their influence on digital competence},
    author        = {Colomo Maga{\~n}a, Ernesto and C{\'\i}vico Ariza, Andrea},
    year          = {2023a},
    journal       = {IJERI: International Journal of Educational Research and Innovation},
    number        = {19},
    pages         = {94--108},
    doi           = {10.46661/ijeri.7569},
}

@article{lopez2023bmetaverse,
    title         = {Metaverse in education: A systematic review},
    author        = {L{\'o}pez, Jes{\'u}s and Pozo-S{\'a}nchez, Santiago and Moreno-Guerrero, Antonio-Jos{\'e} and Lampropoulos, Georgios},
    year          = {2023b},
    journal       = {RED. Revista de Educaci\'{o}n},
    volume        = {23},
    number        = {73},
    doi           = {10.6018/red.511421},
}

@article{guillen2023bconstruccion,
    title         = {Construcci{\'o}n de un instrumento sobre las competencias digitales del docente para utilizar YouTube como recurso did{\'a}ctico: an{\'a}lisis de fiabilidad y validez},
    author        = {Guill{\'e}n, Francisco David and Ruiz-Palmero, Julio and Colomo-Maga{\~n}a, Ernesto and C{\'\i}vico-Ariza, Andrea},
    year          = {2023b},
    journal       = {Revista de Educaci{\'o}n a Distancia (RED)},
    volume        = {23},
    number        = {76},
    doi           = {10.6018/red.549501},
}

@article{colomo2023binstantaneas,
    title         = {Instant{\'a}neas culturales y Flipped Classroom: percepciones de futuros docentes},
    author        = {Colomo Maga{\~n}a, Ernesto and C{\'\i}vico Ariza, Andrea and S{\'a}nchez Rivas, Enrique and Linde Valenzuela, Teresa and others},
    year          = {2023b},
    journal       = {Pixel-Bit. Revista De Medios Y Educaci\'{o}n},
    number        = {66},
    pages         = {173--198},
    doi           = {10.12795/pixelbit.97134},
}

@article{colomomagana2023cpercepcion,
    title         = {Percepci{\'o}n de futuros docentes sobre su nivel de competencia digital},
    author        = {Colomo Maga{\~n}a, Ernesto and Cuesta, {\'A}ngel Ignacio Aguilar and Ariza, Andrea C{\'\i}vico and Maga{\~n}a, Alejandro Colomo},
    year          = {2023c},
    journal       = {Revista electr{\'o}nica interuniversitaria de formaci{\'o}n del profesorado},
    volume        = {26},
    number        = {1},
    pages         = {27--39},
    doi           = {10.6018/reifop.542191},
}
