@book{antunes2014,
	address = {São Paulo},
	edition = {1ª ed.},
	title = {Gramática contextualizada: limpando "o pó das ideias simples},
	publisher = {Parábola Editorial},
	author = {Antunes, Irandé},
	year = {2014},
}
@book{bakhtin2006,
	address = {São Paulo},
	edition = {13ª ed.},
	title = {Marxismo e filosofia da linguagem: problemas fundamentais do método sociológico na ciência da linguagem},
	publisher = {Hucitec},
	author = {Bakhtin, Mikhail},
	translator = {Lahud, Michel and Frateschi, Yara},
	year = {2006},
}
@misc{brasil2017,
	title = {Base {Nacional} {Comum} {Curricular}},
	url = {http://basenacionalcomum.mec.gov.br/},
	urldate = {2021-06-10},
	author = {{BRASIL}},
	year = {2017},
}
@misc{brasil2018,
	title = {Base {Nacional} {Comum} {Curricular}},
	url = {http://basenacionalcomum.mec.gov.br/},
	urldate = {2021-06-10},
	author = {{BRASIL}},
	year = {2018},
}
@misc{brasil2008,
	title = {Decreto nº 6.583},
	url = {http://www.planalto.gov.br/ccivil_03/_ato2007-2010/2008/decreto/d6583.htm},
	urldate = {2021-05-20},
	author = {{BRASIL}},
	year = {2008},
}
@book{camara1970,
	address = {Petrópolis},
	edition = {36ª ed.},
	title = {Estrutura da língua {Portuguesa}},
	publisher = {Vozes},
	author = {Câmara, Joaquim Mattoso},
	year = {1970},
}
@phdthesis{cantoni2013,
	address = {Belo Horizonte},
	type = {Doutorado em {Estudos} {Linguísticos}},
	title = {O acento no português brasileiro: uma abordagem experimental},
	school = {Faculdade de Letras, Universidade Federal de Minas Gerais},
	author = {Cantoni, Maria Mendes},
	year = {2013},
}
@article{castelo2017,
	title = {Desempenho ortográfico em estudantes do ensino superior: a acentuação gráfica},
	volume = {7},
	number = {3},
	journal = {Invest},
	author = {Castelo, Adelina and Sousa, Otília},
	year = {2017},
	pages = {84-107},
}
@book{chomsky1986,
	address = {New York},
	series = {Convergence},
	title = {Knowledge of language: its nature, origin, and use},
	publisher = {Praeger},
	author = {Chomsky, Noam},
	year = {1986},
}
@incollection{collischonn2005,
	address = {Porto Alegre},
	title = {O acento em português},
	booktitle = {Introdução aos estudos de fonologia do português brasileiro},
	publisher = {EDIPUCRS},
	author = {Collischonn, Gisela},
	editor = {Bisol, Leda},
	year = {2005},
	pages = {135-169},
}
@incollection{coscarelli2016,
	address = {São Paulo},
	title = {Abrindo a conversa},
	booktitle = {Tecnologias para aprender},
	publisher = {Parábola Ediorial},
	author = {Coscarelli, Carla Viana},
	editor = {Coscarelli, Carla Viana},
	year = {2016},
	pages = {11-14},
}
@article{coscarelli2013,
	title = {Projeto {ALADIM}: jogos digitais e novas interfaces para alfabetização},
	volume = {6},
	doi = {10.18554/rt.v6i2.271},
	number = {2},
	journal = {Revista Triângulo},
	author = {Coscarelli, Carla Viana},
	year = {2013},
	pages = {4-15},
}
@phdthesis{costa_val1996,
	address = {Belo Horizonte},
	type = {Doutorado em {Educação}},
	title = {Entre a oralidade e a escrita: o desenvolvimento da representação do discurso narrativo escrito em crianças em fase de alfabetização},
	school = {Faculdade de Educação, Universidade Federal de Minas Gerais},
	author = {Costa Val, Maria da Graça},
	year = {1996},
}
@article{couto+guimaraes2020,
	title = {O acento gráfico no {Ensino} {Fundamental} {II}: reflexões sobre os textos dos alunos e práticas possíveis},
	volume = {24},
	number = {3},
	journal = {Veredas – Revista de Estudos Linguísticos},
	author = {Couto, Ana Luiza de Souza and Guimarães, Daniela Mara Lima Oliveira},
	year = {2020},
	pages = {1982-2243},
}
@phdthesis{couto2020,
	address = {Belo Horizonte},
	type = {Mestrado em {Estudos} {Linguísticos}},
	title = {A ortografia nos livros didáticos do 6º e do 7º ano do {Ensino} {Fundamental}},
	school = {Faculdade de Letras, Universidade Federal de Minas Gerais},
	author = {Couto, Ana Luiza de Souza},
	year = {2020},
}
@article{cristofaro2020,
	title = {Fonologia, acentuação gráfica e ensino},
	volume = {24},
	number = {3},
	journal = {Veredas-Revista de Estudos Linguísticos},
	author = {Cristófaro-Silva, Thaïs and Almeida, Leonardo da Silva and Marra, Amarildo},
	year = {2020},
	pages = {430-449},
}
@book{cristofaro2017,
	address = {São Paulo},
	edition = {1ª ed.},
	title = {Dicionário de fonética e fonologia},
	publisher = {Editora Contexto},
	author = {Cristófaro-Silva, Thaïs and Guimarães, Daniela Oliveira and Cantoni, Maria Mendes},
	year = {2017},
}
@article{elias2017,
	title = {Historiografia linguística: língua e linguagem},
	volume = {10},
	number = {5},
	journal = {Revista UFG},
	author = {Elias Milani, Sebastião},
	year = {2017},
	pages = {123-129},
}
@incollection{ferreira2007,
	address = {São Paulo},
	title = {O acento na língua portuguesa},
	booktitle = {O acento em português: abordagens fonológicas},
	publisher = {Parábola Editorial},
	author = {Ferreira Neto, Waldemar},
	editor = {Araujo, Gabriel Antunes},
	year = {2007},
	pages = {21-36},
}
@article{gee2009,
	title = {Bons video games e boa aprendizagem},
	volume = {27},
	url = {https://periodicos.ufsc.br/index.php/perspectiva/article/view/2175-795X.2009v27n1p167},
	doi = {10.5007/2175-795X.2009v27n1p167},
	number = {1},
	urldate = {2021-02-18},
	journal = {Perspectiva},
	author = {Gee, James Paul},
	month = jan,
	year = {2009},
	pages = {167-178},
}
@book{gee2004,
	address = {New York},
	title = {What video games have to teach us about learning and literacy},
	publisher = {Palgrave Macmillan},
	author = {Gee, James Paul},
	year = {2004},
}
@book{jones2004,
	address = {São Paulo},
	title = {Brincando de matar monstros: por que as crianças precisam de fantasia, videogames e violência de faz-de-conta},
	publisher = {Conrad Editora do Brasil},
	author = {Jones, Gerard},
	year = {2004},
}
@article{leffa2012,
	title = {Quando jogar é aprender: o videogame na sala de aula},
	volume = {20},
	url = {http://www.periodicos.letras.ufmg.br/index.php/relin/article/view/2579},
	number = {1},
	urldate = {2021-03-22},
	journal = {Revista de Estudos da Linguagem},
	author = {Leffa, Vilson J. and Bohn, Hilário I. and Damasceno, Vanessa D. and Marzari, Gabriela Q.},
	year = {2012},
	pages = {209-230},
}
@book{ludescher2006,
	address = {Viktorsberg},
	title = {How to teach grammar},
	publisher = {International Modul},
	author = {Ludescher, F.},
	year = {2006},
}
@book{luft2013,
	address = {São Paulo},
	title = {Grande {Manual} de {Ortografia}.},
	publisher = {Globo},
	author = {Luft, Celso Pedro},
	year = {2013},
}
@phdthesis{marra2012,
	address = {Belo Horizonte},
	type = {Mestrado em {Estudos} {Linguísticos}},
	title = {Acentuação gráfica no português brasileiro: desafios para a escrita infantil},
	school = {Faculdade de Letras, Universidade Federal de Minas Gerais},
	author = {Marra, Amarildo},
	year = {2012},
}
@article{ney2019,
	title = {Um estudo sobre o acento gráfico na aquisição da escrita: ortografia e fonologia},
	volume = {72},
	url = {https://periodicos.ufsc.br/index.php/desterro/article/view/2175-8026.2019v72n3p223},
	doi = {10.5007/2175-8026.2019v72n3p223},
	number = {3},
	urldate = {2021-06-01},
	journal = {Ilha do Desterro},
	author = {Ney, Luanda Alvariza Gomes and Miranda, Ana Ruth Moresco},
	month = oct,
	year = {2019},
	pages = {223-248},
}
@book{paiva2019,
	address = {São Paulo},
	title = {Manual de pesquisa em estudos linguísticos},
	publisher = {Parábola Editorial},
	author = {Paiva, Vera Lúcia Menezes de Oliveira},
	year = {2019},
}
@phdthesis{ribeiro2008,
	address = {Belo Horizonte},
	type = {Doutorado em {Estudos} {Linguísticos}},
	title = {Navegar lendo, ler navegando: aspectos do letramento digital e da leitura de jornais},
	school = {Faculdade de Letras, Universidade Federal de Minas Gerais},
	author = {Ribeiro, Ana Elisa},
	year = {2008},
}
@misc{ribeiro2020,
	address = {Online},
	title = {Educação e tecnologias digitais: ciclos da precariedade diante da pandemia},
	url = {https://aovivo.abralin.org/lives/ana-elisa-ribeiro/},
	urldate = {2021-08-11},
	author = {Ribeiro, Ana Elisa},
	year = {2020},
}
@incollection{ribeiro2014,
	address = {Belo Horizonte},
	title = {Letramento digital},
	url = {http://www.ceale.fae.ufmg.br/app/webroot/glossarioceale/verbetes/letramento-digital},
	urldate = {2021-03-23},
	booktitle = {Glossário {Ceale}: termos de alfabetização, leitura e escrita para educadores},
	publisher = {Editora UFMG},
	author = {Ribeiro, Ana Elisa and Coscarelli, Carla Viana},
	editor = {Frade, Isabel Cristina and Costa Val, Maria de Graça and Bregunci, Maria das Graças de Castro},
	year = {2014},
}
@inproceedings{ribeiro2009,
	address = {Belo Horizonte},
	title = {Jogos online para alfabetização: o que a internet oferece hoje.},
	url = {http://nehte.com.br/hipertexto2009/anais/g-l/jogos-online.pdf},
	urldate = {2021-02-10},
	booktitle = {Anais do {III} {Encontro} {Nacional} sobre {Hipertexto}},
	author = {Ribeiro, Andréa Lourdes and Coscarelli, Carla Viana},
	year = {2009},
}
@article{ribeiro2012,
	title = {Aquisição da escrita na era virtual: incorporando os jogos digitais online},
	volume = {6},
	doi = {10.14393/DL13-v6n2a2012-7},
	number = {2},
	journal = {Domínios de Lingu@gem},
	author = {Ribeiro, Andréa Lourdes},
	month = dec,
	year = {2012},
	pages = {111-127},
}
@incollection{ribeiro2016,
	address = {São Paulo},
	title = {Jogos online no ensino-aprendizagem da leitura e da escrita},
	booktitle = {Tecnologias para aprender},
	publisher = {Parábola},
	author = {Ribeiro, Andréa Lourdes},
	editor = {Coscarelli, Carla Viana},
	year = {2016},
	pages = {159-174},
}
@phdthesis{ribeiro2013,
	address = {Fortaleza},
	type = {Mestrado em {Linguística} {Aplicada}},
	title = {Jogos educacionais digitais para ensino de língua portuguesa: uma proposta de avaliação didático-pedagógica e ergonômica},
	school = {Universidade Estadual do Ceará},
	author = {Ribeiro, Fernanda Rodrigues},
	year = {2013},
}
@book{rochalima2011,
	address = {Rio de Janeiro},
	edition = {49ª ed.},
	title = {Gramática normativa da língua {Portuguesa}: edição revista segundo o novo {Acordo} {Ortogra}́fico},
	publisher = {José Olympio},
	author = {Rocha Lima, Carlos Henrique},
	year = {2011},
}
@article{sartori2015,
	title = {Ensino-aprendizagem de língua portuguesa: a questão da ortografia no ensino médio},
	volume = {12},
	journal = {Caminhos em Linguística Aplicada},
	author = {Sartori, Adriane Teresinha and Mendes, Lucíola Zacarias and Costa, Bárbara Rosário},
	year = {2015},
	pages = {120-139},
}
@book{saussure2006,
	address = {São Paulo},
	edition = {27ª ed.},
	title = {Curso de {Lingui}́stica {Geral}},
	publisher = {Cultrix},
	author = {Saussure, Ferdinand de},
	year = {2006},
}
@book{schuytema2016,
	address = {São Paulo},
	title = {Design de games uma abordagem prática},
	publisher = {Cengage Learning},
	author = {Schuytema, Paul},
	translator = {Belhassof, Cláudia Mello},
	year = {2016},
}
@book{soares2018,
	address = {São Paulo},
	edition = {1ª ed.},
	title = {Alfabetização: a questão dos métodos},
	publisher = {Editora Contexto},
	author = {Soares, Magda},
	year = {2018},
}
@article{soares2004,
	title = {Letramento e alfabetização: as muitas facetas},
	url = {http://www.scielo.br/scielo.php?script=sci_arttext&pid=S1413-24782004000100002&lng=pt&tlng=pt},
	doi = {10.1590/S1413-24782004000100002},
	number = {25},
	urldate = {2021-06-01},
	journal = {Revista Brasileira de Educação},
	author = {Soares, Magda},
	month = apr,
	year = {2004},
	pages = {5-17},
}
@book{treiman2014,
	address = {New York},
	title = {How children learn to write words},
	publisher = {Oxford University Press},
	author = {Treiman, Rebecca and Kessler, Brett},
	year = {2014},
}