@online{fogaca_gases_nodate,
	title = {Gases {Nobres}. {Elementos} da família dos gases nobres},
	url = {https://brasilescola.uol.com.br/quimica/gases-nobres.htm},
	urldate = {2021-08-15},
	journal = {Brasil Escola},
	author = {Fogaça, Jennifer},
}

@article{araujo_consideracoes_2009,
	title = {Considerações sobre a intertextualidade no hipertexto},
	volume = {9},
	url = {http://www.portaldeperiodicos.unisul.br/index.php/Linguagem_Discurso/article/view/429},
	number = {3},
	urldate = {2021-08-13},
	journal = {Linguagem em (Dis)curso},
	author = {Araújo, Júlio César and Lobo-Sousa, Ana Cristina},
	month = oct,
	year = {2009},
	pages = {565--584},
}

@article{azevedo_o_2021,
	title = {O tweet como um gênero discursivo digital materializado no suporte {Twitter}},
	volume = {27},
	url = {http://www.filologia.org.br/xiii_SINEFIL/resumos/o_tweet_ANA.pdf},
	number = {79},
	urldate = {2021-08-13},
	journal = {Revista Philologus},
	author = {Azevedo, Ana Claudia Oliveira and Pereira, Márcia Helena de Melo and Ayres, Dayana Junqueira},
	year = {2021},
	pages = {1--9},
}

@article{azevedo_estrategias_2020,
	title = {Estratégias de adequação estrutural no twitter: ajustes hipertextuais ao limite de 280 caracteres},
	volume = {9},
	url = {http://www.periodicos.letras.ufmg.br/index.php/anais_linguagem_tecnologia/article/view/17713},
	number = {1},
	urldate = {2021-08-13},
	journal = {Anais do Encontro Virtual de Documentação em Software Livre e Congresso Internacional de Linguagem e Tecnologia Online},
	author = {Azevedo, Ana Claudia Oliveira and Pereira, Márcia Helena de Melo and Guerra, Filipe Santos},
	month = nov,
	year = {2020},
	keywords = {adequação estrutural, hipertexto, limite de caracteres, tweet, twitter.},
}

@incollection{bakhtin_os_2011,
	address = {São Paulo, SP},
	title = {Os gêneros do discurso},
	booktitle = {Estética da criação verbal},
	publisher = {Martins Fontes},
	author = {Bakhtin, Mikhail},
	collaborator = {Bakhtin, Mikhail},
	year = {2011},
	pages = {261--306},
}

@phdthesis{barth_letramento_2014,
	address = {Passo Fundo},
	type = {Monografia ({Especialização} em {Língua} {Portuguesa})},
	title = {Letramento digital no ensino de língua materna: uma análise sobre twitter},
	school = {Universidade de Passo Fundo},
	author = {Barth, Pedro Afonso},
	year = {2014},
}

@article{freitas_genero_2015,
	title = {Gênero ou suporte? {O} entrelaçamento de gêneros no {Twitter}},
	volume = {9},
	url = {https://periodicos.ufes.br/index.php/contextoslinguisticos/article/view/8888},
	number = {12},
	urldate = {2021-08-13},
	journal = {Revista (Con)Textos Linguísticos},
	author = {Freitas, Ernani Cesar and Barth, Pedro Afonso},
	year = {2015},
	pages = {8--26},
}

@incollection{bezerra_prefacio:_2018,
	address = {Rio de Janeiro},
	edition = {5 ed.},
	title = {Prefácio: uma obra à prova do tempo},
	booktitle = {Problemas da poética de Dostoiévski},
	publisher = {Forense Universitária},
	author = {Bezerra, Paulo},
	translator = {Bezerra, Paulo},
	collaborator = {Bakhtin, Mikhail},
	year = {2018},
	pages = {V--XXII},
}

@misc{brasil_base_2018,
	title = {Base {Nacional} {Comum} {Curricular}},
	publisher = {MEC/Secretaria de Educação Básica},
	author = {{Brasil}},
	address = {Brasília},
	year = {2018},
}

@article{cavalcante_sobre_2017,
	title = {Sobre intertextualidades estritas e amplas},
	volume = {2},
	url = {http://www.periodicos.ufc.br/revletras/article/view/31250},
	number = {36},
	urldate = {2021-08-14},
	journal = {Revista de Letras},
	author = {Cavalcante, Mônica Magalhães and Faria, Maria da Graça dos Santos and Carvalho, Ana Paula Lima de},
	year = {2017},
}

@article{garcia_intertextualidade_2020,
	title = {Intertextualidade multimodal},
	volume = {34},
	url = {http://diacritica.ilch.uminho.pt/index.php/dia/article/view/352},
	doi = {10.21814/diacritica.352},
	number = {1},
	urldate = {2021-08-14},
	journal = {Diacrítica},
	author = {Garcia, Carlos Eduardo Nunes},
	month = apr,
	year = {2020},
	pages = {122--134},
}

@article{koch__1991,
	title = { {Intertextualidade} e polifonia: um só fenômeno?},
	volume = {7},
	number = {2},
	journal = {DELTA. Documentação de Estudos em Lingüística Teórica e Aplicada},
	author = {Koch, Ingedore Grunfeld Villaça},
	year = {1991},
	pages = {529--541},
}

@book{koch_intertextualidade:_2012,
	address = {São Paulo},
	title = {Intertextualidade: diálogos possíveis},
	publisher = {Cortez},
	author = {Koch, Ingedore G. Villaça and Bentes, Anna Christina and Cavalcante, Mônica Magalhães},
	year = {2012},
}

@book{koch_coerencia_2015,
	address = {São Paulo},
	edition = {18 ed.},
	series = {Repensando a língua portuguesa},
	title = {A coerência textual},
	publisher = {Ed. Contexto},
	author = {Koch, Ingedore Grunfeld Villaça and Travaglia, Luiz Carlos},
	year = {2015},
}

@book{kristeva_introducao_2005,
	address = {São Paulo},
	edition = {2ª edição},
	title = {Introdução a semanálise},
	publisher = {Perspectiva},
	author = {Kristeva, Julia},
	year = {2005},
}

@incollection{marcuschi_generos_2010,
	address = {São Paulo},
	title = {Gêneros {Textuais}: definição e funcionalidade},
	booktitle = {Gêneros {Textuais} \& {Ensino}},
	publisher = {Parábola Editorial},
	author = {Marcuschi, Luiz Antônio},
	editor = {Dionisio, Ângela Paiva and Bezerra, Maria Auxiliadora and Machado, Anna Rachel},
	editortype = {organizer},
	year = {2010},
	pages = {19--38},
}

@article{mozdzenski_intertextualidade_2013,
	title = {Intertextualidade verbo-visual: como os textos multissemióticos dialogam?},
	volume = {8},
	url = {http://www.scielo.br/scielo.php?script=sci_arttext&pid=S2176-45732013000200011&lng=pt&tlng=pt},
	doi = {10.1590/S2176-45732013000200011},
	number = {2},
	urldate = {2021-08-14},
	journal = {Bakhtiniana: Revista de Estudos do Discurso},
	author = {Mozdzenski, Leonardo},
	month = dec,
	year = {2013},
	pages = {177--201},
}

@incollection{pedrosa_frases:_2010,
	address = {São Paulo},
	title = {“{Frases}”: caracterização do gênero e aplicação pedagógica},
	booktitle = {Gêneros {Textuais} \& {Ensino}},
	publisher = {Parábola Editorial},
	author = {Pedrosa, Cleide Emília Faye},
	editor = {Dionisio, Ângela Paiva and Bezerra, Maria Auxiliadora and Machado, Anna Rachel},
	year = {2010},
	pages = {163--178},
}

@book{rojo_hipermodernidade_2015,
	address = {São Paulo},
	edition = {1ª edição},
	title = {Hipermodernidade, {Multiletramentos} e {Gêneros} {Discursivos}},
	publisher = {Parábola},
	author = {Rojo, Roxane and Barbosa, Jacqueline Peixoto},
	editor = {Marcionilo, Marcos},
	year = {2015},
}

@article{sturm_o_2019,
	title = {O {Gênero} mapa mental e o letramento do professor de línguas},
	volume = {22},
	url = {https://periodicos.ufpel.edu.br/ojs2/index.php/rle/article/view/16667},
	doi = {10.15210/rle.v22i3.16667},
	number = {3},
	urldate = {2021-08-14},
	journal = {Revista Linguagem \& Ensino},
	author = {Sturm, Luciane},
	month = oct,
	year = {2019},
	pages = {689--709},
}

@phdthesis{testa_uma_2020,
	address = {Pato Branco},
	type = {Dissertação ({Mestrado} em {Letras})},
	title = {Uma análise dialógica do discurso sobre o trabalho docente no gênero meme},
	urldate = {2021-08-14},
	school = {Universidade Tecnológica Federal do Paraná},
	author = {Testa, Luana Fossatti},
	month = feb,
	year = {2020},
}

@article{xavier_desafio_2015,
	title = {Desafio do hipertexto e estratégias de sobrevivência do sujeito contemporâneo ({Challenge} hypertext and survival strategies of the subject of contemporary)},
	volume = {13},
	url = {https://periodicos2.uesb.br/index.php/estudosdalinguagem/article/view/1302},
	doi = {10.22481/el.v13i2.1302},
	number = {2},
	urldate = {2021-08-14},
	journal = {Estudos da Língua(gem)},
	author = {Xavier, Antonio Carlos},
	month = dec,
	year = {2015},
	keywords = {Modo de Enunciação Digital},
	pages = {73--90},
}