
@article{alderete_2020,
	title = {Efecto de las {TIC} sobre los resultados educativos: estudio en barrios vulnerables de {Bahía} {Blanca}},
	volume = {31},
	url = {https://pcient.uner.edu.ar/index.php/cdyt/article/view/736},
	doi = {10.33255/3161/736},
	number = {61 nov-mar},
	urldate = {2022-03-07},
	journal = {Ciencia, Docencia y Tecnología},
	author = {Alderete, M. V. and Formichella, M. M. and Krüger, N.},
	month = oct,
	year = {2020},
}

@article{anderete_schwal_desigualdades_2021,
	title = {Las desigualdades en la educación secundaria argentina durante la pandemia},
	volume = {2},
	url = {https://revistas.uma.es/index.php/mgn/article/view/11638},
	doi = {10.24310/mgnmar.v2i2.11638},
	number = {2},
	urldate = {2022-03-07},
	journal = {Márgenes Revista de Educación de la Universidad de Málaga},
	author = {Anderete Schwal, M.},
	month = jul,
	year = {2021},
	pages = {42--56},
}

@article{anderete_schwal_pandemia_2022,
	title = {La pandemia y el año que enseñamos por {WhatsApp}: el recurso tecnológico más utilizado en las secundarias pobres de {Bahía} {Blanca} durante el 2020},
	volume = {1},
	url = {https://revistacseducacion.unr.edu.ar/index.php/educacion/article/view/687},
	doi = {10.35305/rece.v1i17.687},
	number = {17},
	urldate = {2022-03-07},
	journal = {Revista de la Escuela de Ciencias de la Educación},
	author = {Anderete Schwal, M.},
	month = dec,
	year = {2022},
}

@article{bonilla-guachamin_dos_2020,
	title = {Las dos caras de la educación en el {COVID}-19},
	volume = {9},
	url = {http://cienciamerica.uti.edu.ec/openjournal/index.php/uti/article/view/294},
	doi = {10.33210/ca.v9i2.294},
	number = {2},
	urldate = {2022-03-07},
	journal = {CienciAmérica},
	author = {Bonilla-Guachamín, J. A.},
	month = may,
	year = {2020},
	pages = {89},
}

@book{braslavsky_discriminacion_1985,
	address = {Buenos Aires},
	series = {Colección {FLACSO}},
	title = {La discriminación educativa en {Argentina}},
	publisher = {FLACSO, Grupo Editor Latinoamericano},
	author = {Braslavsky, C.},
	year = {1985},
	keywords = {Education, Secondary, Argentina, High school attendance, Argentina, High school dropouts, Argentina, Discrimination in education, Argentina},
}

@article{cabrera_se_2020,
	title = {¿{Se} incrementa la desigualdad de oportunidades educativas en la {Enseñanza} {Primaria} con el cierre escolar por el coronavirus?},
	url = {https://hipatiapress.com/hpjournals/index.php/rise/article/view/5613},
	doi = {10.17583/rise.2020.5613},
	urldate = {2022-03-07},
	journal = {International Journal of Sociology of Education},
	author = {Cabrera, L. and Pérez, C. N. and Santana, F.},
	month = jun,
	year = {2020},
	pages = {27--52},
}

@article{camacho_tic:_2018,
	title = {{TIC}: ¿{Para} qué? {Funciones} de las tecnologías de la información},
	volume = {2},
	copyright = {Derechos de autor},
	url = {https://www.recimundo.com/index.php/es/article/view/327},
	doi = {10.26820/recimundo/2.(3).julio.2018.680-693},
	number = {3},
	urldate = {2022-03-07},
	journal = {RECIMUNDO},
	author = {Camacho Ramírez, W. M. and Vera Castro, Y. K. and Mendes Palomeque, E. D.},
	month = aug,
	year = {2018},
	keywords = {Tecnologías, información, innovación, contextualización, ventaja.},
	pages = {680--693},
}

@article{canelles_se_2021,
	title = {¿{Se} debe hablar de los efectos secundarios de las vacunas?},
	url = {https://digital.csic.es/handle/10261/239446},
	urldate = {2022-01-25},
	journal = {The Conversation en español},
	author = {Cañelles, M. and Jiménez, M.},
	year = {2021},
	pages = {1--5},
}

@misc{comision_economica_para_america_latina_y_el_caribe_cepal_covid-19_2020,
	type = {Text},
	title = {{COVID}-19 tendrá graves efectos sobre la economía mundial e impactará a los países de {América} {Latina} y el {Caribe}},
	url = {https://www.cepal.org/es/comunicados/covid-19-tendra-graves-efectos-la-economia-mundial-impactara-paises-america-latina},
	urldate = {2022-03-07},
	author = {{Comisión Económica para América Latina y el Caribe (CEPAL)}},
	month = mar,
	year = {2020},
}

@article{de_giusti_reflexiones_2021,
	title = {Reflexiones sobre {Educación} y {Tecnología} {Post}-{Pandemia}},
	url = {https://teyet-revista.info.unlp.edu.ar/TEyET/article/view/1659},
	doi = {10.24215/18509959.28.e1},
	number = {28},
	urldate = {2022-03-07},
	journal = {Revista Iberoamericana de Tecnología en Educación y Educación en Tecnología},
	author = {De Giusti, A.},
	month = apr,
	year = {2021},
	pages = {e1},
}

@article{dussel_escuela_2020,
	title = {La escuela en la pandemia. {Reflexiones} sobre lo escolar en tiempos dislocados},
	volume = {15},
	url = {https://revistas2.uepg.br/index.php/praxiseducativa/article/view/16482},
	doi = {10.5212/PraxEduc.v.15.16482.090},
	urldate = {2022-03-07},
	journal = {Praxis Educativa},
	author = {Dussel, I.},
	year = {2020},
	pages = {1--16},
}

@article{exposito_percepcion_2021,
	title = {Percepción docente de las debilidades del sistema educativo en el regreso a la presencialidad. {Un} estudio cualitativo en tiempos de {COVID}-19},
	volume = {11},
	url = {http://portal.amelica.org/ameli/jatsRepo/248/2482275003/index.html},
	number = {1},
	urldate = {2022-03-07},
	journal = {Revista Educación las Américas},
	author = {Expósito, C. and Marsollier, R.},
	pages = {1--16},
	month = {julio},
	year = {2021},
}

@article{formichella_condiciones_2019,
	title = {Condiciones de educabilidad y resultados escolares en barrios vulnerables de la ciudad de {Bahía} {Blanca}, {Argentina}.},
	volume = {14},
	url = {https://revistaobets.ua.es/article/view/2019-v14-n1-condiciones-de-educabilidad-y-resultados-escolares},
	doi = {10.14198/OBETS2019.14.1.03},
	number = {1},
	urldate = {2022-03-07},
	journal = {OBETS. Revista de Ciencias Sociales},
	author = {Formichella, M. M. and Krüger, N.},
	month = jul,
	year = {2019},
	pages = {89},
}

@incollection{formichella_pandemia_2020,
	address = {Bahía Blanca},
	title = {Pandemia y brechas educativas: reflexiones desde la {Economía} de la {Educación}},
	booktitle = {La investigación en ciencias sociales en tiempos de la pandemia por {Covid}-19},
	publisher = {IESS},
	author = {Formichella, M. M. and Krüger, N.},
	editor = {London, S.},
	year = {2020},
	pages = {168--186},
}

@article{garcia_aretio_covid-19_2021,
	title = {{COVID}-19 y educación a distancia digital: preconfinamiento, confinamiento y posconfinamiento},
	volume = {24},
	url = {http://revistas.uned.es/index.php/ried/article/view/28080},
	doi = {10.5944/ried.24.1.28080},
	number = {1},
	urldate = {2022-03-07},
	journal = {RIED. Revista Iberoamericana de Educación a Distancia},
	author = {García Aretio, L.},
	month = sep,
	year = {2021},
	pages = {09},
}

@article{gewerc_ninos_2017,
	title = {Niños y adolescentes frente a la {Competencia} {Digital}. {Entre} el teléfono móvil, youtubers y videojuegos},
	volume = {31},
	url = {https://www.redalyc.org/journal/274/27452662013/},
	number = {2},
	urldate = {2022-03-07},
	journal = {Revista Interuniversitaria de Formación del Profesorado},
	author = {Gewerc, A. and Fraga, F. and Rodés, V.},
	year = {2017},
	pages = {171--186},
}

@book{hernandez_sampiero_metodologiinvestigacion:_2018,
	address = {Madrid},
	title = {Metodología de la investigación: {Las} rutas cuantitativa, cualitativa y mixta},
	publisher = {McGraw Hill},
	author = {Hernández Sampiero, R. and Mendoza Torres, C. P.},
	year = {2018},
}

@article{jacovkis_covid-19_2021,
	title = {{COVID}-19 y escuela a distancia: viejas y nuevas desigualdades},
	volume = {14},
	url = {https://ojs.uv.es/index.php/RASE/article/view/18525},
	doi = {10.7203/RASE.14.1.18525},
	number = {1},
	urldate = {2022-03-07},
	journal = {Revista de Sociología de la Educación-RASE},
	author = {Jacovkis, J. and Tarabini, A.},
	month = jan,
	year = {2021},
	pages = {85},
}

@article{kruger_efectos_2020,
	title = {Efectos {Compañero} en {Contextos} {Escolares} {Altamente} {Segregados}},
	volume = {18},
	url = {https://revistas.uam.es/reice/article/view/reice2020_18_4_007},
	doi = {10.15366/reice2020.18.4.007},
	number = {4},
	urldate = {2022-03-07},
	journal = {REICE. Revista Iberoamericana sobre Calidad, Eficacia y Cambio en Educación},
	author = {Krüger, N.},
	month = sep,
	year = {2020},
	pages = {171--196},
}

@article{martin_en_2019,
	title = {En primer@ person@: políticas públicas de formación del profesorado en {TIC} en {Argentina}},
	volume = {10},
	url = {https://dialnet.unirioja.es/servlet/articulo?codigo=7869074},
	number = {19},
	urldate = {2022-03-07},
	journal = {Virtualidad, Educación y Ciencia},
	author = {Martin, M. V.},
	year = {2019},
	pages = {33--43},
}

@article{martinez_lopez_brecha_2020,
	title = {Brecha digital educativa. {Cuando} el territorio es importante},
	volume = {4},
	url = {https://revistas.ucm.es/index.php/SOCI/article/view/69629},
	doi = {10.5209/soci.69629},
	urldate = {2022-03-07},
	journal = {Sociedad e Infancias},
	author = {Martínez López, O.},
	month = jun,
	year = {2020},
	pages = {267--270},
}

@misc{matovich_regreso_2021,
	title = {El regreso a clases 2021: un análisis de los protocolos provinciales},
	url = {https://www.cippec.org/textual/el-regreso-a-clases-2021-un-analisis-de-los-protocolos-provinciales/},
	urldate = {2022-03-07},
	year = {mayo 2021},
	journal = {Informe CIPPEC},
	author = {Matovich, I. and Bucciarelli, M. E.},
}

@article{picon_desempeno_2021,
	title = {Desempeño y formación docente en competencias digitales en clases no presenciales durante la pandemia {COVID}-19},
	volume = {8},
	url = {http://www.utic.edu.py/revista.ojs/index.php/revistas/article/view/129},
	number = {1},
	urldate = {2022-03-07},
	journal = {Arandu UTIC},
	author = {Picon, G. A. and González de Cabalero, G. K. and Paredes Sánchez, J. N.},
	month = sep,
	year = {2021},
	keywords = {Competencias del docente, Formación de docentes, Competencias digitales, Educación a distancia},
	pages = {139--153},
}

@techreport{romero_escuelas_2021,
	title = {“{Escuelas} {WhatsApp} y {Escuelas} {Zoom}” {Desigualdad} y segregación educativa durante la pandemia {Covid} 19 en {Argentina}},
	url = {https://ideas.repec.org/p/udt/wpecon/wp_gob_2021_10.html},
	number = {wp\_gob\_2021\_10},
	urldate = {2022-03-07},
	institution = {Universidad Torcuato Di Tella},
	author = {Romero, C. and Krichesky, G. and Zacarías, N.},
	month = mar,
	year = {2021},
	keywords = {enseñanza, segregación escolar, política educativa, COVID 19},
}

@article{schmidt_entrevistas_2020,
	title = {Entrevistas online: potencialidades e desafios para coleta de dados no contexto da pandemia de {COVID}-19},
	volume = {8},
	url = {http://seer.uftm.edu.br/revistaeletronica/index.php/refacs/article/view/4877},
	doi = {10.18554/refacs.v8i4.4877},
	number = {4},
	urldate = {2022-03-07},
	journal = {Revista Família, Ciclos de Vida e Saúde no Contexto Social},
	author = {Schmidt, B. and Palazzi, A. and Piccinini, C. A.},
	month = oct,
	year = {2020},
	pages = {960},
}

@article{tiramonti_politicas_2021,
	title = {Políticas educativas para el mundo digital},
	volume = {2},
	copyright = {Derechos de autor 2021},
	url = {https://ojs2.fch.unicen.edu.ar/ojs-3.1.0/index.php/espacios-en-blanco/article/view/938},
	doi = {10.37177/UNICEN/EB31-303},
	number = {31},
	urldate = {2022-03-07},
	journal = {ESPACIOS EN BLANCO. Revista de educación (Serie Indagaciones)},
	author = {Tiramonti, G. and Tobeña, V.},
	month = apr,
	year = {2021},
	keywords = {mundo contemporáneo, matriz tecnológica, cambios y continuidades},
	pages = {299--315},
}

@article{tobena_cambio_2019,
	title = {\#{Cambio} o \#{Fuera}. {Pensar} lo nuevo para resetear la escuela},
	volume = {35},
	url = {https://revistas.uam.es/tendenciaspedagogicas/article/view/tp2020.35.003},
	doi = {10.15366/tp2020.35.003},
	urldate = {2022-03-07},
	journal = {Tendencias Pedagógicas},
	author = {Tobeña, V.},
	month = dec,
	year = {2019},
	pages = {18},
}

@article{torras_virgili_emergency_2021,
	title = {Emergency {Remote} {Teaching}: las {TIC} aplicadas a la educación durante el confinamiento por {COVID}-19},
	volume = {7},
	url = {https://revistas.uma.es/index.php/innoeduca/article/view/9079},
	doi = {10.24310/innoeduca.2021.v7i1.9079},
	number = {1},
	urldate = {2022-03-07},
	journal = {Innoeduca. International Journal of Technology and Educational Innovation},
	author = {Torras Virgili, M. E.},
	month = jun,
	year = {2021},
	pages = {122--136},
}

@article{vivanco-saraguro_teleducacion_2020,
	title = {Teleducación en tiempos de {COVID}-19: brechas de desigualdad},
	volume = {9},
	url = {http://cienciamerica.uti.edu.ec/openjournal/index.php/uti/article/view/307},
	doi = {10.33210/ca.v9i2.307},
	number = {2},
	urldate = {2022-03-07},
	journal = {CienciAmérica},
	author = {Vivanco-Saraguro, A.},
	month = jun,
	year = {2020},
	pages = {166},
}

@article{zhu_education_2020,
	title = {Education in and {After} {Covid}-19: {Immediate} {Responses} and {Long}-{Term} {Visions}},
	volume = {2},
	url = {https://link.springer.com/10.1007/s42438-020-00126-3},
	doi = {10.1007/s42438-020-00126-3},
	number = {3},
	urldate = {2022-03-07},
	journal = {Postdigital Science and Education},
	author = {Zhu, X. and Liu, J.},
	month = oct,
	year = {2020},
	pages = {695--699},
}