@article{abeysekera_motivation_2015,
	title = {Motivation and cognitive load in the flipped classroom: definition, rationale and a call for research},
	volume = {34},
	url = {http://www.tandfonline.com/doi/abs/10.1080/07294360.2014.934336},
	doi = {10.1080/07294360.2014.934336},
	number = {1},
	urldate = {2021-03-05},
	journal = {Higher Education Research \& Development},
	author = {Abeysekera, Lakmal and Dawson, Phillip},
	month = {jan},
	year = {2015},
	pages = {1--14}
}

@article{awidi_impact_2019,
	title = {The impact of a flipped classroom approach on student learning experience},
	volume = {128},
	issn = {03601315},
	url = {https://linkinghub.elsevier.com/retrieve/pii/S0360131518302495},
	doi = {10.1016/j.compedu.2018.09.013},
	urldate = {2021-03-05},
	journal = {Computers \& Education},
	author = {Awidi, Isaiah T. and Paynter, Mark},
	month = {jan},
	year = {2019},
	pages = {269--283}
}

@article{baez_perez_mirada_2019,
	title = {Una mirada a la Educación Ubicua},
	volume = {22},
	url = {http://revistas.uned.es/index.php/ried/article/view/22422},
	doi = {10.5944/ried.22.1.22422},
	number = {1},
	urldate = {2021-03-05},
	journal = {RIED. Revista Iberoamericana de Educación a Distancia},
	author = {Báez Pérez, Carmen Inés and Clunie Beaufond, Clifton Eduardo},
	month = {jan},
	year = {2019},
	pages = {325}
}

@article{borao_moreno_alisis_2016,
	title = {Análisis de la implementación de Flipped Classroom en las asignaturas instrumentales de 4º Educación Secundaria Obligatoria},
	url = {http://www.edutec.es/revista/index.php/edutec-e/article/view/733},
	doi = {10.21556/edutec.2016.55.733},
	number = {55},
	urldate = {2021-03-05},
	journal = {Edutec. Revista Electrónica de Tecnología Educativa},
	author = {Borao Moreno, Laura and Palau Martín, Ramon Félix},
	month = {mar},
	year = {2016}
}

@article{bauer-ramazani_flipped_2016,
	title = {Flipped Learning in TESOL: Definitions, Approaches, and Implementation},
	volume = {7},
	url = {http://doi.wiley.com/10.1002/tesj.250},
	doi = {10.1002/tesj.250},
	number = {2},
	urldate = {2021-03-05},
	journal = {TESOL Journal},
	author = {Bauer-Ramazani, Christine and Graney, John M. and Marshall, Helaine W. and Sabieh, Christine},
	month = {jun},
	year = {2016},
	pages = {429--437}
}

@book{bergmann_flip_2012,
	address = {Eugene, Or},
	title = {Flip your classroom: reach every student in every class every day},
	publisher = {International Society for Technology in Education},
	author = {Bergmann, Jonathan and Sams, Aaron},
	year = {2012}
}

@article{blair_performance_2016,
	title = {Performance and perception in the flipped classroom},
	volume = {21},
	url = {http://link.springer.com/10.1007/s10639-015-9393-5},
	doi = {10.1007/s10639-015-9393-5},
	number = {6},
	urldate = {2021-03-05},
	journal = {Education and Information Technologies},
	author = {Blair, Erik and Maharaj, Chris and Primus, Simone},
	month = {nov},
	year = {2016},
	pages = {1465--1482}
}

@article{blau_re-designed_2017,
	title = {Re-designed flipped learning model in an academic course: The role of co-creation and co-regulation},
	volume = {115},
	url = {https://linkinghub.elsevier.com/retrieve/pii/S036013151730177X},
	doi = {10.1016/j.compedu.2017.07.014},
	urldate = {2021-03-05},
	journal = {Computers \& Education},
	author = {Blau, Ina and Shamir-Inbal, Tamar},
	month = {dec},
	year = {2017},
	pages = {69--81}
}

@article{boelens_design_2018,
	title = {The design of blended learning in response to student diversity in higher education: Instructors’ views and use of differentiated instruction in blended learning},
	volume = {120},
	url = {https://linkinghub.elsevier.com/retrieve/pii/S0360131518300423},
	doi = {10.1016/j.compedu.2018.02.009},
	urldate = {2021-03-05},
	journal = {Computers \& Education},
	author = {Boelens, Ruth and Voet, Michiel and De Wever, Bram},
	month = {may},
	year = {2018},
	pages = {197--212}
}

@incollection{daniela_flipped_2019,
	address = {Cham},
	title = {Flipped Learning and Online Discussion in Higher Education Teaching},
	url = {http://link.springer.com/10.1007/978-3-030-01551-0_19},
	urldate = {2021-03-05},
	booktitle = {Didactics of {Smart} {Pedagogy}},
	publisher = {Springer International Publishing},
	author = {Bognar, Branko and Sablić, Marija and Škugor, Alma},
	editor = {Daniela, Linda},
	year = {2019},
	doi = {10.1007/978-3-030-01551-0_19},
	pages = {371--392}
}

@article{cabi2018,
	title = {The Impact of the Flipped Classroom Model on Students' Academic Achievement},
	volume = {19},
	url = {http://www.irrodl.org/index.php/irrodl/article/view/3482},
	doi = {10.19173/irrodl.v19i3.3482},
	number = {3},
	urldate = {2021-03-05},
	journal = {The International Review of Research in Open and Distributed Learning},
	author = {Cabi, Emine},
	month = {jul},
	year = {2018}
}

@article{castellanos_sanchez_nuevos_2017,
	title = {Nuevos modelos tecnopedagógicos. {Competencia} digital de los alumnos universitarios},
	volume = {19},
	url = {http://redie.uabc.mx/redie/article/view/1148},
	doi = {10.24320/redie.2017.19.1.1148},
	number = {1},
	urldate = {2021-03-05},
	journal = {Revista Electrónica de Investigación Educativa},
	author = {Castellanos Sánchez, Almudena and Sánchez Romero, Cristina and Calderero Hernández, José Fernando},
	month = {jan},
	year = {2017},
	pages = {1}
}

@article{chen_findings_2019,
	title = {Findings and implications of flipped science learning research: {A} review of journal publications},
	shorttitle = {Findings and implications of flipped science learning research},
	url = {https://www.tandfonline.com/doi/full/10.1080/10494820.2019.1690528},
	doi = {10.1080/10494820.2019.1690528},
	urldate = {2021-03-05},
	journal = {Interactive Learning Environments},
	author = {Chen, Chun-Kuei and Huang, Neng-Tang Norman and Hwang, Gwo-Jen},
	month = {nov},
	year = {2019},
	pages = {1--18}
}

@article{chen_is_2014,
	title = {Is FLIP enough? Or should we use the FLIPPED model instead?},
	volume = {79},
	issn = {03601315},
	url = {https://linkinghub.elsevier.com/retrieve/pii/S0360131514001559},
	doi = {10.1016/j.compedu.2014.07.004},
	urldate = {2021-03-05},
	journal = {Computers \& Education},
	author = {Chen, Yunglung and Wang, Yuping and {Kinshuk} and Chen, Nian-Shing},
	month = {oct},
	year = {2014},
	pages = {16--27}
}

@article{cobo_science_2011,
	title = {Science mapping software tools: {Review}, analysis, and cooperative study among tools},
	volume = {62},
	url = {http://doi.wiley.com/10.1002/asi.21525},
	doi = {10.1002/asi.21525},
	number = {7},
	urldate = {2021-03-05},
	journal = {Journal of the American Society for Information Science and Technology},
	author = {Cobo, M.J. and López-Herrera, A.G. and Herrera-Viedma, E. and Herrera, F.},
	month = {jul},
	year = {2011},
	pages = {1382--1402}
}

@article{chyr_exploring_2017,
	title = {Exploring the Effects of Online Academic HelpSeeking and Flipped Learning on Improving Students’ Learning},
	volume = {20},
	url = {https://pdfs.semanticscholar.org/9431/67d5104f67c9ce4361e07332ef784a3c27a2.pdf},
	number = {3},
	journal = {Educational Technology \& Society},
	author = {Chyr, Wen-Li  and Shen, Pei-Di  and Chiang, Yi-Chun  and Lin, Jau-Bi  and Tsai, Chia-Wen },
	year = {2017},
	pages = {11--23}
}

@article{davies_flipping_2013,
	title = {Flipping the classroom and instructional technology integration in a college-level information systems spreadsheet course},
	volume = {61},
	url = {http://link.springer.com/10.1007/s11423-013-9305-6},
	doi = {10.1007/s11423-013-9305-6},
	number = {4},
	urldate = {2021-03-05},
	journal = {Educational Technology Research and Development},
	author = {Davies, Randall S. and Dean, Douglas L. and Ball, Nick},
	month = {aug},
	year = {2013},
	pages = {563--580}
}

@article{bravo_desarrollo_2019,
	title = {El desarrollo del modelo flipped classroom en la universidad: impacto de su implementación desde la voz del estudiantado},
	volume = {37},
	url = {https://revistas.um.es/rie/article/view/327831},
	doi = {10.6018/rie.37.2.327831},
	number = {2},
	urldate = {2021-03-05},
	journal = {Revista de Investigación Educativa},
	author = {Bravo, Isabel del Arco and Alarcia, Óscar Flores and García, Patricia Silva},
	month = {jun},
	year = {2019},
	pages = {451--469}
}

@article{delozier_flipped_2017,
	title = {Flipped Classrooms: a Review of Key Ideas and Recommendations for Practice},
	volume = {29},
	url = {https://doi.org/10.1007/s10648-015-9356-9},
	doi = {10.1007/s10648-015-9356-9},
	number = {1},
	urldate = {2021-03-05},
	journal = {Educational Psychology Review},
	author = {DeLozier, Sarah J. and Rhodes, Matthew G.},
	month = {mar},
	year = {2017},
	pages = {141--151}
}

@incollection{el_miedany_flipped_2019,
	address = {Cham},
	title = {Flipped Learning},
	url = {http://link.springer.com/10.1007/978-3-319-98213-7_15},
	urldate = {2021-03-05},
	booktitle = {Rheumatology {Teaching}},
	publisher = {Springer International Publishing},
	author = {El Miedany, Yasser},
	collaborator = {El Miedany, Yasser},
	year = {2019},
	doi = {10.1007/978-3-319-98213-7_15},
	pages = {285--303}
}

@article{fisher_flipped_2017,
	title = {Flipped learning, flipped satisfaction, getting the balance right},
	volume = {5},
	url = {https://journalhosting.ucalgary.ca/index.php/tli/article/view/57358},
	doi = {10.20343/teachlearninqu.5.2.9},
	number = {2},
	urldate = {2021-03-05},
	journal = {Teaching \& Learning Inquiry},
	author = {Fisher, Rosemary and Ross, Bella and LaFerriere, Richard and Maritz, Alex},
	month = {sep},
	year = {2017},
	pages = {114}
}

@article{froehlich_non-technological_2018,
	title = {Non-Technological Learning Environments in a Technological World: Flipping Comes To The Aid},
	volume = {7},
	url = {https://naerjournal.ua.es/article/view/v7n2-2},
	doi = {10.7821/naer.2018.7.304},
	number = {2},
	urldate = {2021-03-05},
	journal = {Journal of New Approaches in Educational Research},
	author = {Froehlich, Dominik Emanuel},
	month = {jul},
	year = {2018},
	pages = {88--92}
}

@article{hao_exploring_2016,
	title = {Exploring undergraduates' perspectives and flipped learning readiness in their flipped classrooms},
	volume = {59},
	url = {https://linkinghub.elsevier.com/retrieve/pii/S0747563216300401},
	doi = {10.1016/j.chb.2016.01.032},
	urldate = {2021-03-05},
	journal = {Computers in Human Behavior},
	author = {Hao, Yungwei},
	month = {jun},
	year = {2016},
	pages = {82--92}
}

@article{he_effects_2016,
	title = {The effects of flipped instruction on out-of-class study time, exam performance, and student perceptions},
	volume = {45},
	url = {https://linkinghub.elsevier.com/retrieve/pii/S0959475216300664},
	doi = {10.1016/j.learninstruc.2016.07.001},
	urldate = {2021-03-05},
	journal = {Learning and Instruction},
	author = {He, Wenliang and Holton, Amanda and Farkas, George and Warschauer, Mark},
	month = {oct},
	year = {2016},
	pages = {61--71}
}

@article{hinojo_lucena_influencia_2019,
	title = {Influencia del aula invertida en el rendimiento académico. Una revisión sistemática},
	volume = {8},
	url = {http://www.uajournals.com/campusvirtuales/journal/14/1.pdf},
	number = {1},
	journal = {Campus Virtuales},
	author = {Hinojo Lucena, Francisco J. and Aznar Díaz, Inmaculada  and Romero Rodríguez, José M. and Marín Marín, José A.},
	year = {2019},
	pages = {9--18}
}

@article{hinojo-lucena_incidence_2018,
	title = {Incidence of the Flipped Classroom in the Physical Education Students’ Academic Performance in University Contexts},
	volume = {10},
	url = {http://www.mdpi.com/2071-1050/10/5/1334},
	doi = {10.3390/su10051334},
	number = {5},
	urldate = {2021-03-05},
	journal = {Sustainability},
	author = {Hinojo-Lucena, Francisco and Mingorance-Estrada, Ángel and Trujillo-Torres, Juan and Aznar-Díaz, Inmaculada and Cáceres Reche, María},
	month = {apr},
	year = {2018},
	pages = {1334}
}

@article{hirsch_index_2005,
	title = {An index to quantify an individual's scientific research output},
	volume = {102},
	url = {http://www.pnas.org/cgi/doi/10.1073/pnas.0507655102},
	doi = {10.1073/pnas.0507655102},
	number = {46},
	urldate = {2021-03-05},
	journal = {Proceedings of the National Academy of Sciences},
	author = {Hirsch, J. E.},
	month = {nov},
	year = {2005},
	pages = {16569--16572}
}

@article{huang_investigating_2019,
	title = {Investigating the effects of gamification-enhanced flipped learning on undergraduate students’ behavioral and cognitive engagement},
	volume = {27},
	url = {https://www.tandfonline.com/doi/full/10.1080/10494820.2018.1495653},
	doi = {10.1080/10494820.2018.1495653},
	number = {8},
	urldate = {2021-03-05},
	journal = {Interactive Learning Environments},
	author = {Huang, Biyun and Hew, Khe Foon and Lo, Chung Kwan},
	month = {nov},
	year = {2019},
	pages = {1106--1126}
}

@article{hwang_seamless_2015,
	title = {Seamless flipped learning: a mobile technology-enhanced flipped classroom with effective learning strategies},
	volume = {2},
	url = {http://link.springer.com/10.1007/s40692-015-0043-0},
	doi = {10.1007/s40692-015-0043-0},
	number = {4},
	urldate = {2021-03-05},
	journal = {Journal of Computers in Education},
	author = {Hwang, Gwo-Jen and Lai, Chiu-Lin and Wang, Siang-Yi},
	month = {dec},
	year = {2015},
	pages = {449--473}
}

@article{kazanidis_can_2019,
	title = {Can the flipped classroom model improve students’ academic performance and training satisfaction in Higher Education instructional media design courses?},
	volume = {50},
	url = {https://onlinelibrary.wiley.com/doi/abs/10.1111/bjet.12694},
	doi = {10.1111/bjet.12694},
	number = {4},
	urldate = {2021-03-05},
	journal = {British Journal of Educational Technology},
	author = {Kazanidis, Ioannis and Pellas, Nikolaos and Fotaris, Panagiotis and Tsinakos, Avgoustos},
	month = {jul},
	year = {2019},
	pages = {2014--2027}
}

@article{karabulut-ilgu_flipping_2018,
	title = {Flipping to engage students: Instructor perspectives on flipping large enrolment courses},
	volume = {34},
	url = {https://ajet.org.au/index.php/AJET/article/view/4036},
	doi = {10.14742/ajet.4036},
	number = {4},
	urldate = {2021-03-05},
	journal = {Australasian Journal of Educational Technology},
	author = {Karabulut-Ilgu, Aliye and Jaramillo Cherrez, Nadia and Hassall, Lesya},
	month = {sep},
	year = {2018}
}

@article{university_of_otago_wellington_new_zealand_just_2017,
	title = {“{Just} tell me what {I} need to know to pass the exam!” {Can} active flipped learning overcome passivity?},
	volume = {2},
	url = {https://medicine.nus.edu.sg/taps/just-tell-me-what-i-need-to-know-to-pass-the-exam-can-active-flipped-learning-overcome-passivity/},
	doi = {10.29060/TAPS.2017-2-1/OA1007},
	number = {1},
	urldate = {2021-03-05},
	journal = {The Asia Pacific Scholar},
	author = {{University of Otago Wellington, New Zealand} and Kenwright, Diane and Dai, Wei and Osborne, Emma and Gladman, Tehmina and Gallagher, Peter and Grainger, Rebecca},
	month = {jan},
	year = {2017},
	pages = {1--6}
}

@article{ahmed_flipped_2016,
	title = {Flipped learning as a new educational paradigm: an analytical critical study},
	volume = {12},
	url = {https://eujournal.org/index.php/esj/article/view/7335},
	doi = {10.19044/esj.2016.v12n10p417},
	number = {10},
	urldate = {2021-03-05},
	journal = {European Scientific Journal, ESJ},
	author = {Ahmed, Hanaa Ouda Khadri},
	month = apr,
	year = {2016},
	pages = {417--417}
}

@article{kostaris_investigating_2017,
	title = {Investigating the potential of the Flipped Classroom Model in K-12 ICT teaching and learning: an action research study},
	volume = {20},
	number = {1},
	journal = {Educational Technology \& Society},
	author = {Kostaris, Christoforos and Sergis, Stylianos  and Sampson, Demetrios G.  and Giannakos, Michail N. and Pelliccione, Lina},
	year = {2017},
	pages = {261--273}
}

@article{kwon_impact_2018,
	title = {The impact of Flipped Learning on cooperative and competitive mindsets},
	volume = {10},
	issn = {https://doi.org/10.3390/su10010079},
	doi = {10.3390/su10010079},
	number = {1},
	journal = {Sustainability},
	author = {Kwon, Jung Eon  and Woo, Hyung Rok},
	year = {2018},
	pages = {1--15},
}

@article{lai_self-regulated_2016,
	title = {A self-regulated flipped classroom approach to improving students’ learning performance in a mathematics course},
	volume = {100},
	url = {https://linkinghub.elsevier.com/retrieve/pii/S0360131516301166},
	doi = {10.1016/j.compedu.2016.05.006},
	urldate = {2021-03-05},
	journal = {Computers \& Education},
	author = {Lai, Chiu-Lin and Hwang, Gwo-Jen},
	month = {sep},
	year = {2016},
	pages = {126--140}
}

@article{lee_rethinking_2019,
	title = {Rethinking the flipped learning pre-class: {Its} influence on the success of flipped learning and related factors: {FL} pre-class},
	volume = {50},
	url = {http://doi.wiley.com/10.1111/bjet.12618},
	doi = {10.1111/bjet.12618},
	number = {2},
	urldate = {2021-03-05},
	journal = {British Journal of Educational Technology},
	author = {Lee, Jihyun and Choi, Hyoseon},
	month = {mar},
	year = {2019},
	pages = {934--945}
}

@article{lee_development_2017,
	title = {Development of an instructional design model for flipped learning in higher education},
	volume = {65},
	url = {http://link.springer.com/10.1007/s11423-016-9502-1},
	doi = {10.1007/s11423-016-9502-1},
	number = {2},
	urldate = {2021-03-05},
	journal = {Educational Technology Research and Development},
	author = {Lee, Jihyun and Lim, Cheolil and Kim, Hyeonsu},
	month = {apr},
	year = {2017},
	pages = {427--453}
}

@article{lee_what_2018,
	title = {What affects learner engagement in flipped learning and what predicts its outcomes?: {FL} engagement and outcomes},
	url = {http://doi.wiley.com/10.1111/bjet.12717},
	doi = {10.1111/bjet.12717},
	urldate = {2021-03-05},
	journal = {British Journal of Educational Technology},
	author = {Lee, Jihyun and Park, Taejung and Davis, Robert Otto},
	month = nov,
	year = {2018}
}

@article{llanos_garcia_flipped_2019,
	title = {Flipped classroom como puente hacia nuevos retos en la educación primaria},
	url = {http://www.revistasocitec.org/index.php/TCE/article/download/153/125},
	number = {8},
	journal = {Revista Tecnología, Ciencia y Educación},
	author = {Llanos Garcia, Gonzalo  and Bravo-Agapito, Javier},
	year = {2019},
	pages = {39--49}
}

@article{long_use_2017,
	title = {Use of the flipped classroom instructional model in higher education: instructors’ perspectives},
	volume = {29},
	url = {http://link.springer.com/10.1007/s12528-016-9119-8},
	doi = {10.1007/s12528-016-9119-8},
	number = {2},
	urldate = {2021-03-05},
	journal = {Journal of Computing in Higher Education},
	author = {Long, Taotao and Cummins, John and Waugh, Michael},
	month = {aug},
	year = {2017},
	pages = {179--200}
}

@article{lopez-robles_profesional_2019,
	title = {El profesional de la información ({EPI}): {Bibliometric} and thematic analysis (2006-2017)},
	volume = {28},
	url = {https://revista.profesionaldelainformacion.com/index.php/EPI/article/view/epi.2019.jul.17},
	doi = {10.3145/epi.2019.jul.17},
	number = {4},
	urldate = {2021-03-05},
	journal = {El Profesional de la Información},
	author = {López-Robles, José-Ricardo and Guallar, Javier and Otegi-Olaso, Jose-Ramón and Gamboa-Rosales, Nadia-Karina},
	month = {aug},
	year = {2019}
}

@article{lopez2019,
	title = {Creación de contenidos y flipped learning: un binomio necesario para la educación del nuevo milenio},
	volume = {77},
	url = {https://revistadepedagogia.org/lxxvii/no-274/creacion-de-contenidos-y-flipped-learning-un-binomio-necesario-para-la-educacion-del-nuevo-milenio/101400075517/},
	doi = {10.22550/REP77-3-2019-07},
	number = {274},
	urldate = {2021-03-12},
	journal = {Revista Española de Pedagogía},
	author = {López-Belmonte, Jesús and Pozo Sánchez, Santiago and Fuentes Cabrera, Arturo and López Núñez, Juan Antonio},
	month = {sep},
	year = {2019},
	pages = {535--555}
}

@article{lopez_belmonte_analysis_2019,
	title = {Analysis of the Productive, Structural, and Dynamic Development of Augmented Reality in Higher Education Research on the Web of Science},
	volume = {9},
	url = {https://www.mdpi.com/2076-3417/9/24/5306},
	doi = {10.3390/app9245306},
	number = {24},
	urldate = {2021-03-12},
	journal = {Applied Sciences},
	author = {López-Belmonte, Jesús and Moreno-Guerrero, Antonio-José and López Núñez, Juan Antonio and Pozo Sánchez, Santiago},
	month = {dec},
	year = {2019b},
	pages = {5306}
}

@article{macleod_technological_2018,
	title = {Technological factors and {student}-to-{student} connected classroom climate in cloud classrooms},
	volume = {56},
	url = {http://journals.sagepub.com/doi/10.1177/0735633117733999},
	doi = {10.1177/0735633117733999},
	number = {6},
	urldate = {2021-03-05},
	journal = {Journal of Educational Computing Research},
	author = {MacLeod, Jason and Yang, Harrison Hao and Zhu, Sha and Shi, Yinghui},
	month = {oct},
	year = {2018},
	pages = {826--847}
}

@article{martinez_analyzing_2015,
	title = {Analyzing the Scientific Evolution of Social Work Using Science Mapping},
	volume = {25},
	url = {http://journals.sagepub.com/doi/10.1177/1049731514522101},
	doi = {10.1177/1049731514522101},
	number = {2},
	urldate = {2021-03-05},
	journal = {Research on Social Work Practice},
	author = {Martínez, Ma Angeles and Cobo, Manuel Jesús and Herrera, Manuel and Herrera-Viedma, Enrique},
	month = {mar},
	year = {2015},
	pages = {257--277}
}

@article{mason_comparing_2013,
	title = {Comparing the effectiveness of an inverted classroom to a traditional cassroom in an {Upper}-{Division} engineering course},
	volume = {56},
	doi = {10.1109/TE.2013.2249066},
	number = {4},
	journal = {IEEE Transactions on Education},
	author = {Mason, G. S. and Shuman, T. R. and Cook, K. E.},
	month = {nov},
	year = {2013},
	pages = {430--435}
}

@article{mclaughlin_flipped_2014,
	title = {The Flipped Classroom: a course redesign to foster learning and engagement in a health professions school},
	volume = {89},
	url = {http://journals.lww.com/00001888-201402000-00017},
	doi = {10.1097/ACM.0000000000000086},
	number = {2},
	urldate = {2021-03-05},
	journal = {Academic Medicine},
	author = {McLaughlin, Jacqueline E. and Roth, Mary T. and Glatt, Dylan M. and Gharkholonarehe, Nastaran and Davidson, Christopher A. and Griffin, LaToya M. and Esserman, Denise A. and Mumper, Russell J.},
	month = {feb},
	year = {2014},
	pages = {236--243}
}

@article{mcnally_flipped_2017,
	title = {Flipped classroom experiences: student preferences and flip strategy in a higher education context},
	volume = {73},
	shorttitle = {Flipped classroom experiences},
	url = {http://link.springer.com/10.1007/s10734-016-0014-z},
	doi = {10.1007/s10734-016-0014-z},
	number = {2},
	urldate = {2021-03-05},
	journal = {Higher Education},
	author = {McNally, Brenton and Chipperfield, Janine and Dorsett, Pat and Del Fabbro, Letitia and Frommolt, Valda and Goetz, Sandra and Lewohl, Joanne and Molineux, Matthew and Pearson, Andrew and Reddan, Gregory and Roiko, Anne and Rung, Andrea},
	month = {feb},
	year = {2017},
	pages = {281--298}
}

@article{mingorance_estrada_mejora_2017,
	title = {Mejora del rendimiento académico a través de la metodología de aula invertida centrada en el aprendizaje activo del estudiante universitario deficiencias de la educación},
	volume = {9},
	url = {http://www.journalshr.com/papers/Vol\%209_suplemento/JSHR\%20V09_supl_05.pdf},
	number = {1},
	journal = {Journal of Sport and Health Research},
	author = {Mingorance Estrada, Ángel Custodio and Cáceres-Reche, Mª. P.  and TRUJILLO TORRES, Juan Manuel and Torres-Martín, César},
	year = {2017},
	pages = {129--136}
}

@article{mino-puigcercos_transforming_2018,
	title = {Transforming the teaching and learning culture in higher education from a {DIY} perspective},
	volume = {22},
	url = {http://revistas.uned.es/index.php/educacionXX1/article/view/20057},
	doi = {10.5944/educxx1.20057},
	number = {1},
	urldate = {2021-03-05},
	journal = {Educación XX1},
	author = {Miño-Puigcercós, Raquel and Domingo-Coscollola, María and Sancho-Gil, Juana M.},
	month = {nov},
	year = {2018}
}

@article{mok_teaching_2014,
	title = {Teaching tip: the Flipped Classroom},
	volume = {25},
	url = {https://ink.library.smu.edu.sg/cgi/viewcontent.cgi?referer=https://scholar.google.com/&httpsredir=1&article=3363&context=sis_research},
	number = {1},
	journal = {Journal of Information Systems Education},
	author = {Mok, Heng Ngee},
	year = {2014},
	pages = {7--11}
}

@article{mortensen_flipped_2015,
	title = {The flipped classroom stimulates greater learning and is a modern 21st century approach to teaching today's undergraduates},
	volume = {93},
	url = {https://academic.oup.com/jas/article/93/7/3722/4701924},
	doi = {10.2527/jas.2015-9087},
	number = {7},
	urldate = {2021-03-05},
	journal = {Journal of Animal Science},
	author = {Mortensen, C. J. and Nicholson, A. M.},
	month = {jul},
	year = {2015},
	pages = {3722--3731}
}

@article{nouri_flipped_2016,
	title = {The flipped classroom: for active, effective and increased learning – especially for low achievers},
	volume = {13},
	url = {http://educationaltechnologyjournal.springeropen.com/articles/10.1186/s41239-016-0032-z},
	doi = {10.1186/s41239-016-0032-z},
	number = {1},
	urldate = {2021-03-05},
	journal = {International Journal of Educational Technology in Higher Education},
	author = {Nouri, Jalal},
	month = {dec},
	year = {2016},
	pages = {33}
}

@article{oflaherty_use_2015,
	title = {The use of flipped classrooms in higher education: a scoping review},
	volume = {25},
	url = {https://linkinghub.elsevier.com/retrieve/pii/S1096751615000056},
	doi = {10.1016/j.iheduc.2015.02.002},
	urldate = {2021-03-05},
	journal = {The Internet and Higher Education},
	author = {O'Flaherty, Jacqueline and Phillips, Craig},
	month = {apr},
	year = {2015},
	pages = {85--95}
}

@article{pereira_young_2019,
	title = {Young people learning from digital media outside of school: {The} informal meets the formal},
	volume = {27},
	url = {https://www.revistacomunicar.com/index.php?contenido=detalles&numero=58&articulo=58-2019-04},
	doi = {10.3916/C58-2019-04},
	number = {58},
	urldate = {2021-03-05},
	journal = {Comunicar},
	author = {Pereira, Sara and Fillol, Joana and Moura, Pedro},
	month = {jan},
	year = {2019},
	pages = {41--50}
}

@article{romero_flipped_2019,
	title = {The flipped learning model in online based education for secondary teachers},
	volume = {9},
	url = {http://www.jotse.org/index.php/jotse/article/view/435},
	doi = {10.3926/jotse.435},
	number = {2},
	urldate = {2021-03-05},
	journal = {Journal of Technology and Science Education},
	author = {Romero, María del Carmen and Buzón-García, Olga and Touron, Javier},
	month = {mar},
	year = {2019},
	pages = {109}
}

@article{sacristan_san_cristobal_flipped_2017,
	title = {Flipped classroom y didáctica de las matemáticas en la formación online de Maestros de Educación Infantil},
	volume = {20},
	url = {http://revistas.um.es/reifop/article/view/292551},
	doi = {10.6018/reifop.20.3.292551},
	number = {3},
	urldate = {2021-03-05},
	journal = {Revista Electrónica Interuniversitaria de Formación del Profesorado},
	author = {Sacristán San Cristóbal, Mara and Martín R., Déborah and Navarro Asencio, Enrique and Tourón Figueroa, Javier},
	month = {jul},
	year = {2017},
	pages = {1}
}

@article{seery_flipped_2015,
	title = {Flipped learning in higher education chemistry: emerging trends and potential directions},
	volume = {16},
	url = {http://xlink.rsc.org/?DOI=C5RP00136F},
	doi = {10.1039/C5RP00136F},
	number = {4},
	urldate = {2021-03-05},
	journal = {Chemistry Education Research and Practice},
	author = {Seery, Michael K.},
	year = {2015},
	pages = {758--768}
}

@article{shih_students_2016,
	title = {Students’ perception of a flipped classroom approach to facilitating online project-based learning in marketing research courses},
	url = {http://ajet.org.au/index.php/AJET/article/view/2884},
	doi = {10.14742/ajet.2884},
	urldate = {2021-03-05},
	journal = {Australasian Journal of Educational Technology},
	author = {Shih, Wen-Ling and Tsai, Chun-Yen},
	month = {dec},
	year = {2016}
}

@article{sola_martinez_eficacia_2019,
	title = {Eficacia del Método Flipped Classroom en la universidad: meta-análisis de la producción científica de impacto},
	volume = {17},
	url = {https://revistas.uam.es/index.php/reice/article/view/10432},
	doi = {10.15366/reice2019.17.1.002},
	number = {1},
	urldate = {2021-03-05},
	journal = {REICE. Revista Iberoamericana sobre Calidad, Eficacia y Cambio en Educación},
	author = {Sola Martínez, Tomás and Aznar Díaz, Inmaculada and Romero Rodríguez, José María and Rodríguez-García, Antonio-Manuel},
	month = {dec},
	year = {2019},
	pages = {25}
}

@article{thai_impact_2017,
	title = {The impact of a flipped classroom design on learning performance in higher education: Looking for the best “blend” of lectures and guiding questions with feedback},
	volume = {107},
	url = {https://linkinghub.elsevier.com/retrieve/pii/S0360131517300039},
	doi = {10.1016/j.compedu.2017.01.003},
	urldate = {2021-03-05},
	journal = {Computers \& Education},
	author = {Thai, Ngoc Thuy Thi and De Wever, Bram and Valcke, Martin},
	month = {apr},
	year = {2017},
	pages = {113--126}
}

@article{touron_modelo_2015,
	title = {El modelo Flipped learning y el desarrollo del talento en la escuela},
	url = {https://sede.educacion.gob.es/publiventa/detalle.action?cod=20325},
	number = {368},
	journal = {Revista de educación},
	author = {Tourón, Javier and Santiago, Raúl},
	year = {2015},
	pages = {196--231}
}

@article{roach_student_2014,
	title = {Student perceptions toward flipped learning: New methods to increase interaction and active learning in economics},
	volume = {17},
	url = {https://linkinghub.elsevier.com/retrieve/pii/S1477388014000280},
	doi = {10.1016/j.iree.2014.08.003},
	urldate = {2021-03-05},
	journal = {International Review of Economics Education},
	author = {Roach, Travis},
	month = {sep},
	year = {2014},
	pages = {74--84}
}

@article{tse_effects_2019,
	title = {Effects of video-based flipped class instruction on subject reading motivation: {Flipped} class instruction},
	volume = {50},
	url = {http://doi.wiley.com/10.1111/bjet.12569},
	doi = {10.1111/bjet.12569},
	number = {1},
	urldate = {2021-03-05},
	journal = {British Journal of Educational Technology},
	author = {Tse, Wai S. and Choi, Lai Y. A. and Tang, Wing S.},
	month = {jan},
	year = {2019},
	pages = {385--398}
}

@article{wu_creating_2017,
	title = {Creating an online Learning community in a Flipped Classroom to enhance EFL learners' Oral Proficiency},
	volume = {20},
	url = {https://eric.ed.gov/?id=EJ1137524},
	number = {2},
	journal = {Educational Technology \& Society},
	author = {Wu, Wen-Chi Vivian and Hsieh, Jun Scott Chen and Yang, Jie Chi},
	year = {2017},
	pages = {142--157}
}

@article{yilmaz_exploring_2017,
	title = {Exploring the role of e-learning readiness on student satisfaction and motivation in flipped classroom},
	volume = {70},
	url = {https://linkinghub.elsevier.com/retrieve/pii/S0747563216309141},
	doi = {10.1016/j.chb.2016.12.085},
	urldate = {2021-03-05},
	journal = {Computers in Human Behavior},
	author = {Yilmaz, Ramazan},
	month = {may},
	year = {2017},
	pages = {251--260}
}

@article{yoshida2016,
	title = {Perceived usefulness of "Flipped Learning" on instructional design for elementary and secondary education: with focus on pre-service Teacher education},
	volume = {6},
	url = {http://www.ijiet.org/show-73-816-1.html},
	doi = {10.7763/IJIET.2016.V6.727},
	number = {6},
	urldate = {2021-03-05},
	journal = {International Journal of Information and Education Technology},
	author = {Yoshida, Hiroki},
	year = {2016},
	pages = {430--434}
}

@article{zainuddin_flipped_2016,
	title = {Flipped Classroom research and trends from different fields of study},
	volume = {17},
	url = {http://www.irrodl.org/index.php/irrodl/article/view/2274},
	doi = {10.19173/irrodl.v17i3.2274},
	number = {3},
	urldate = {2021-03-05},
	journal = {The International Review of Research in Open and Distributed Learning},
	author = {Zainuddin, Zamzami and Halili, Siti Hajar},
	month = {may},
	year = {2016}
}

@article{zainuddin_how_2019,
	title = {How do students become self-directed learners in the {EFL} flipped-class pedagogy? A study in higher education},
	volume = {8},
	url = {http://ejournal.upi.edu/index.php/IJAL/article/view/15270},
	doi = {10.17509/ijal.v8i3.15270},
	number = {3},
	urldate = {2021-03-05},
	journal = {Indonesian Journal of Applied Linguistics},
	author = {Zainuddin, Zamzami and Habiburrahim, H. and Muluk, Safrul and Keumala, Cut Muftia},
	month = {jan},
	year = {2019},
	pages = {678}
}
