@incollection{brammerts1996,
    title         = {Tandem language learning via the internet and the international e-mail tandem network},
    author        = {Brammerts, Helmut},
    year          = {1996},
    booktitle     = {A Guide to Language Learning in Tandem via the Internet},
    publisher     = {Trinity College},
    series        = {CLCS Occasional Paper},
    volume        = {46},
    pages         = {9--21},
    editor        = {Little, David and Brammerts, Helmut},
}

@book{warschauer1996,
    title         = {Telecollaboration in foreign language learning: proceedings of the Hawaii Symposium},
    year          = {1996},
    publisher     = {University of Hawaii Second Language Teaching and Curriculum Center},
    address       = {Honolulu, HI},
    editor        = {Mark Warschauer},
}

@book{little1996,
    title         = {A Guide to Language Learning in Tandem via the Internet},
    author        = {David Little and Helmut Brammerts},
    year          = {1996},
    publisher     = {Trinity College Dublin, Centre for Language and Communication Studies},
    series        = {CLCS Occasional Paper},
    number        = {46},
    url           = {https://www.academia.edu/98368662/A_Guide_to_Language_Learning_in_Tandem_via_the_Internet_CLCS_Occasional_Paper_No_46},
    editor        = {David Little and Helmut Brammerts},
}

@incollection{brammerts2002,
    title         = {Aprendizagem autónoma de línguas em tandem: desenvolvimento de um conceito},
    author        = {Brammerts, Helmut},
    year          = {2002},
    booktitle     = {Aprendizagem autónoma de línguas em tandem},
    publisher     = {Edições Colibri},
    editor        = {Delille, Karl Heinz},
}

@article{telles2006a,
    title         = {Foreign language learning in-tandem: Teletandem as an alternative proposal in CALLT},
    author        = {João Antonio Telles and Maria Luísa Vassallo},
    year          = {2006},
    journal       = {The Especialist},
    volume        = {27},
    number        = {2},
    pages         = {189--212},
}

@article{vassallo2006,
    title         = {Foreign language learning in-tandem: Theoretical principles and research perspectives},
    author        = {Maria Luísa Vassallo and João Antonio Telles},
    year          = {2006},
    journal       = {The Especialist},
    volume        = {27},
    pages         = {83--118},
}

@misc{paiva2008,
    title         = {O uso da tecnologia no ensino de línguas estrangeiras: breve retrospectiva histórica},
    author        = {Vera Menezes de Oliveira Paiva},
    year          = {2008},
    note          = {Accessed: 2025-04-14},
    howpublished  = {\url{http://www.veramenezes.com/techist.pdf}},
}

@article{odowd2009,
    title         = {Critical issues in telecollaborative task design},
    author        = {Robert O'Dowd and P. Ware},
    year          = {2009},
    journal       = {Computer Assisted Language Learning},
    volume        = {22},
    number        = {2},
    pages         = {173--188},
    doi           = {10.1080/09588220902778369},
}

@incollection{salomao2009,
    title         = {A aprendizagem colaborativa em tandem: um olhar sobre seus princípios},
    author        = {Ana Cristina Biondo Salomão and Andressa Carvalho Silva and Fátima de Gênova Daniel},
    year          = {2009},
    booktitle     = {Teled@ndem: um contexto virtual, autônomo e colaborativo para aprendizagem de línguas estrangeiras no século XXI},
    publisher     = {Pontes},
    address       = {Campinas},
    editor        = {J. A. Telles},
}

@book{foucher2010,
    title         = {Didactique des Langues-Cultures et Tice: scénarios, tâches, interactions},
    author        = {Foucher, Anne-Laure},
    year          = {2010},
    publisher     = {Université Blaise Pascal - Clermont-Ferrand II},
}

@article{aranha2014,
    title         = {A trajetória do projeto Teletandem Brasil: da modalidade institucional não-integrada à institucional integrada},
    author        = {Aranha, Solange and Cavalari, Suzi Marques Spatti},
    year          = {2014},
    journal       = {The ESPecialist},
    volume        = {35},
    number        = {2},
    pages         = {183--201},
}

@article{anikina2015,
    title         = {Integrating Telecollaboration into EFL Classroom: Theoretical and Practical Implications},
    author        = {Anikina, Zhanna and Sobinova, Liubov and Petrova, Galina},
    year          = {2015},
    journal       = {Procedia - Social and Behavioral Sciences},
    volume        = {206},
    pages         = {156--161},
    doi           = {10.1016/j.sbspro.2015.10.045},
}

@article{garcia2015,
    title         = {A logística das sessões de interação e mediação no teletandem com vistas ao ensino/aprendizagem de línguas estrangeiras},
    author        = {Garcia, Daniela Nogueira Moraes},
    year          = {2015},
    journal       = {Estudos Lingu{\'\i}sticos},
    volume        = {44},
    number        = {2},
    pages         = {725--738},
    doi           = {10.17851/1981-4381.44.2.725-738},
}

@incollection{rubinguth2015,
    title         = {Collaborative Online International Learning. An Emerging Format for Internationalizing Curricula},
    author        = {Rubin, Jon and Guth, Sara},
    year          = {2015},
    booktitle     = {Globally Networked Teaching in the Humanities: Theories and Practices},
    publisher     = {Routledge},
    editor        = {Moore, Alexandra Schultheis and Simon, Sunka},
}

@article{telles2015,
    title         = {Learning foreign languages in teletandem: Resources and strategies},
    author        = {João Antonio Telles},
    year          = {2015},
    journal       = {Documentação de Estudos em Linguística Teórica e Aplicada (DELTA)},
    volume        = {31},
    number        = {3},
}

@incollection{chanier2016,
    title         = {A scientific methodology for researching CALL interaction data: Multimodal LEarning and TEaching Corpora},
    author        = {Chanier, Thierry and Wigham, Ciara},
    year          = {2016},
    booktitle     = {Language-Learner Computer Interactions: Theory, methodology and CALL applications},
    publisher     = {John Benjamins},
    editor        = {Caws, Catherine and Hamel, Marie-Josée},
}

@incollection{lewis2016,
    title         = {Online Intercultural Exchange and Foreign Language Learning: A Systematic Review},
    author        = {Lewis, Tim and O'Dowd, Robert},
    year          = {2016},
    booktitle     = {Online intercultural exchange: Policy, pedagogy, practice},
    publisher     = {Routledge},
    address       = {New York and London},
    pages         = {29--72},
    editor        = {O'Dowd, Robert and Lewis, Tim},
}

@article{sadler2016,
    title         = {Twelve years of telecollaboration: what we have learnt},
    author        = {Randall Sadler and Melinda Dooly},
    year          = {2016},
    journal       = {ELT Journal},
    volume        = {70},
    number        = {4},
    pages         = {401--413},
}

@incollection{aranha2017,
    title         = {The development of DOTI (Databank of oral teletandem interactions)},
    author        = {Aranha, Solange and Leone, Paola},
    year          = {2017},
    booktitle     = {Investigating computer-mediated communication: corpus-based approaches to language in the digital world},
    publisher     = {Ljubljana University Press, Faculty of Arts},
    pages         = {172--190},
    editor        = {Fisher, Darja and Beibwenger, Michael},
}

@book{funk2017,
    title         = {Handbook for Foreign Language Learning in Online Tandems and Educational Settings},
    author        = {Funk, Hermann and Gerlach, Manja and Spaniel-Weise, Dorothea},
    year          = {2017},
    publisher     = {Peter Lang},
    series        = {Foreign Language Teaching in Europe, Volume 15},
    doi           = {10.3726/b10732},
    isbn          = {978-3-631-71448-5},
}

@incollection{garcia2017,
    title         = {A typology of metacognition: Examining autonomy in collective blog compiled in a Teletandem environment},
    author        = {Garcia, Daniela Nogueira Moraes and O'Connor, Katheleen and Cappellini, Marco},
    year          = {2017},
    booktitle     = {Learner Autonomy and Web 2.0},
    publisher     = {Equinox Publishing Ltd},
    address       = {United Kingdom},
    pages         = {69--92},
    editor        = {Equinox Publishing Ltd},
}

@article{cavalari2018,
    title         = {Integrating telecollaborative language learning into Higher Education: a study on teletandem practice},
    author        = {Cavalari, Suzi Marques Spatti},
    year          = {2018},
    journal       = {Brazilian English Language Teaching Journal (BELT)},
    volume        = {9},
    number        = {2},
    pages         = {417--432},
    doi           = {10.15448/2178-3640.2018.2.31927},
}

@article{odowd2018,
    title         = {From telecollaboration to virtual exchange: state-of-the-art and the role of UNICollaboration in moving forward},
    author        = {Robert O'Dowd},
    year          = {2018},
    journal       = {Journal of Virtual Exchange},
    volume        = {1},
    doi           = {10.21827/jve.1.1.1-22},
}

@phdthesis{lopes2019,
    title         = {MulTeC: A constru{\c{c}}{\~a}o de um corpus multimodal em teletandem},
    author        = {Lopes, Queila Barbosa},
    year          = {2019},
    address       = {S{\~a}o Jos{\'e} do Rio Preto, Brasil},
    url           = {https://repositorio.unesp.br/items/27ac4bd2-4cd8-447d-ba12-28a27f7dcece},
    school        = {Universidade Estadual Paulista “J{\'u}lio de Mesquita Filho”},
}

@book{paiva2019,
    title         = {Manual de pesquisa em estudos linguísticos},
    author        = {Paiva, Vera Lúcia Menezes de Oliveira e},
    year          = {2019},
    publisher     = {Parábola Editorial},
    address       = {São Paulo},
    isbn          = {9788579341694},
    edition       = {1},
}

@incollection{cappellini2020,
    title         = {Reciprocity 2.0: How reciprocity is mediated through different formats of learners’ logs},
    author        = {Cappellini, Marco and Elstermann, Anna-Katharina and Mompean, Annick Rivens},
    year          = {2020},
    booktitle     = {Redefining Tandem Language and Culture Learning in Higher Education},
    publisher     = {Routledge},
    editor        = {Horgues, Claire and Tardieu, Céline},
}

@book{helm2020,
    title         = {Designing and implementing virtual exchange - a collection of case studies},
    author        = {Helm, Francesca and Beaven, Ana},
    year          = {2020},
    publisher     = {Research-publishing.net},
    address       = {Padova, Italy},
    doi           = {10.14705/rpnet.2020.45.1110},
}

@article{messias2020,
    title         = {Teletandem como “terceiro espa{\c c}o” no desenvolvimento de professores de l{\'\i}nguas estrangeiras},
    author        = {Messias, Rozana Aparecida Lopes and Telles, Jo{\~a}o Antonio},
    year          = {2020},
    journal       = {Educa{\c c}{\~a}o Tem{\'a}tica Digital},
    volume        = {22},
    number        = {3},
    pages         = {731--750},
    doi           = {10.20396/etd.v22i3.8655293},
}

@article{picolietal2020,
    title         = {O princípio da separação de línguas no Teletandem: o que as teorias propõem e como ele funciona na prática},
    author        = {Picoli, Fabiana and Salomão, Ana Cristina Biondo},
    year          = {2020},
    journal       = {Revista Estudos Linguísticos},
    volume        = {49},
    number        = {3},
    pages         = {1605--1623},
}

@book{salomao2020,
    title         = {Perspectivas de internacionalização em casa: intercâmbio virtual por meio do Programa BRaVE - Unesp},
<<<<<<< HEAD
    author        = {Ana Cristina Biondo Salomão},
    editor        = {José Celso {Freire Junior}},
=======
    author        = {Ana Cristina Biondo Salomão and José Celso Freire Junior (Org.)},
>>>>>>> 9e461e9c156cb04fc53be9851c7ea40967ed5e98
    year          = {2020},
    publisher     = {Cultura Acadêmica Editora},
    address       = {São Paulo},
}

@article{souza2020,
    title         = {Teletandem na Uenp: primeiras experiências de implementação},
    author        = {Micheli Gomes Souza},
    year          = {2020},
    journal       = {Revista Aproximação},
    volume        = {2},
    number        = {3},
}

@article{succi2020,
    title         = {Projetos colaborativos internacionais na unidade de ensino superior de graduação: a evolução dos intercâmbios virtuais no Centro Paula Souza},
<<<<<<< HEAD
    author        = {Osvaldo {Succi Junior}},
=======
    author        = {Osvaldo Succi Junior},
>>>>>>> 9e461e9c156cb04fc53be9851c7ea40967ed5e98
    year          = {2020},
    journal       = {Regit},
    volume        = {14},
    number        = {2},
    pages         = {126--140},
}

@incollection{aranha2021,
    title         = {Teletandem},
    author        = {Aranha, Solange and Cavalari, Suzi Marques Spatti},
    year          = {2021},
    booktitle     = {Panorama da contribuição do Brasil para a difusão do português},
    publisher     = {Funag},
}

@article{campos2021,
    title         = {A mediação no Teletandem durante a pandemia da COVID-19},
    author        = {Campos, Bruna da Silva and Kami, Camila Maria da Costa and Salomão, Ana Cristina Biondo},
    year          = {2021},
    journal       = {Revista Horizontes de Linguística Aplicada},
    volume        = {20},
    number        = {1},
    doi           = {10.26512/rhla.v20i1.36452},
}

@article{odowd2021,
    title         = {Virtual exchange: moving forward into the next decade},
    author        = {Robert O'Dowd},
    year          = {2021},
    journal       = {Computer Assisted Language Learning},
    volume        = {34},
    number        = {1},
    pages         = {1--17},
    doi           = {10.1080/09588221.2021.1902201},
}

@phdthesis{rampazzo2021,
    title         = {Gêneros do intercâmbio virtual: recorrência retórica e uso de polidez no primeiro encontro síncrono},
    author        = {Rampazzo, Laura},
    year          = {2021},
    address       = {São José do Rio Preto},
    school        = {Universidade Estadual Paulista “Júlio de Mesquita Filho”},
}

@article{rampazzacunha2021,
    title         = {Telecollaborative practice in Brazil: what has been published about teletandem?},
    author        = {Rampazzo, Laura and Cunha, Jéssica Nunes Caldeira},
    year          = {2021},
    journal       = {Brazilian English Language Teaching Journal (BELT)},
    volume        = {12},
    number        = {1},
    pages         = {1--12},
}

@mastersthesis{sartori2021,
    title         = {A sessão de mediação no teletandem: um estudo sobre sua estrutura com base na Análise da Conversação},
    author        = {Jéssica Sordi Sartori},
    year          = {2021},
    school        = {Faculdade de Ciências e Letras de Araraquara, Universidade Estadual Paulista 'Júlio de Mesquita Filho'},
}

@techreport{stevens2021,
    title         = {Virtual Exchange Typology},
<<<<<<< HEAD
    author        = {{Stevens Initiative}},
=======
    author        = {Stevens Initiative},
>>>>>>> 9e461e9c156cb04fc53be9851c7ea40967ed5e98
    year          = {2021},
    address       = {Washington},
    institution   = {The Aspen Institute},
}

@inproceedings{willima2021,
    title         = {Internacionalización en Casa: una propuesta para desarrollar la competencia intercultural y promover la ciudadanía global},
    author        = {Kleverson Gonçalves Willima and Ileana Celeste Fernández Franzoso and Daniel Vasconcelos Corrêa Silva},
    year          = {2021},
    booktitle     = {8º Congresso de Ensino, Pesquisa e Extensão. CONEPE 2021},
}

@article{aquino2022,
    title         = {Fremdsprachenlernen im Teletandem: Ein deutsch-brasilianisches Kollaborationsprojekt aus der Sicht teilnehmender Studierender},
    author        = {Aquino, Marceli Cherchiglia and Mechtenberg, Franz and Tassinari, Maria Giovanna},
    year          = {2022},
    journal       = {Pandaemonium Germanicum},
    volume        = {25},
    number        = {47},
    pages         = {122--147},
    doi           = {10.11606/1982-883724547122},
}

@article{aranha2022,
    title         = {Research methods in teletandem context: approaches and possibilities},
    author        = {Aranha, Solange and Rampazzo, Laura},
    year          = {2022},
    journal       = {The ESPecialist},
    volume        = {43},
    number        = {1},
}

@incollection{cavalari2022,
    title         = {Learners’ diaries as a tool for teachers’ assessment in teletandem},
    author        = {Cavalari, Suzi Marques Spatti and Aranha, Solange},
    year          = {2022},
    booktitle     = {Assessing virtual exchange in foreign language courses at tertiary level},
    publisher     = {Research-publishing.net},
    pages         = {65--78},
    editor        = {Czura, Anna and Dooly, Melinda Ann},
}

@article{dooly2022,
    title         = {Language Teaching, Language Learning, and Virtual Exchange in an Age of Complexity},
    author        = {Dooly, Melinda},
    year          = {2022},
    journal       = {International Journal of Computer-Assisted Language Learning and Teaching},
    volume        = {12},
    number        = {3},
    pages         = {1--18},
    doi           = {10.4018/ijcallt.316459},
}

@incollection{elstermann2022,
    title         = {Peer group mediation sessions as an assessment tool in teletandem},
    author        = {Elstermann, Anna-Katharina},
    year          = {2022},
    booktitle     = {Assessing virtual exchange in foreign language courses at tertiary level},
    publisher     = {Research-publishing.net},
    pages         = {79--91},
    editor        = {Czura, Anna and Dooly, Melinda Ann},
}

@article{garcia2022,
    title         = {Ocorr{\^e}ncias da (n{\~a}o) separa{\c{c}}{\~a}o de l{\'\i}nguas no Teletandem},
    author        = {Garcia, Daniela Nogueira Moraes and Oliveira, Victor C{\'e}sar and Santos, Douglas Cunha},
    year          = {2022},
    journal       = {The Especialist},
    volume        = {43},
    number        = {1},
    pages         = {1--20},
    doi           = {10.23925/2318-7115.2022v43i1e65897},
}

@article{lee2022,
    title         = {The Impact of International Virtual Exchange on participation in Education Abroad},
    author        = {Lee, Jonathan and Leibowitz, Jami and Rezek, Jon},
    year          = {2022},
    journal       = {Journal of Studies in International Education},
    volume        = {26},
    number        = {2},
    pages         = {202--221},
    doi           = {10.1177/10283153211052777},
}

@article{lopes2022,
    title         = {Learning experiences in a virtual exchange project: the University of California, Davis’ and the Federal University of Acre's first partnership},
    author        = {Lopes, Queila Barbosa and Queiroz, Rodrigo Nascimento and Fernandes, Eug{\^e}nia Magn{\'o}lia da Silva},
    year          = {2022},
    journal       = {The Especialist},
    volume        = {43},
    number        = {1},
    pages         = {1--20},
    doi           = {10.23925/2318-7115.2022v43i1a16},
}

@incollection{munoz2022,
    title         = {Enfoques plurales y aplicaciones didácticas en contexto universitario},
    author        = {Muñoz, Ángela María Erazo and Álvarez, Graciela Uribe and Ribeiro, Jocenilson and Tirloni, Larissa Paula and Martínez, Zahyra Camargo and Rammé, Valdilena},
    year          = {2022},
    booktitle     = {Literaturas, Línguas e Tradução. Forjando Identidades},
    publisher     = {Editora Projetium},
    address       = {Uberlândia, MG, Brasil},
    pages         = {267--287},
    editor        = {Pinheiro-Mariz, Josilene and Tavares, Tássia and Rodrigues, Fábio},
}

@phdthesis{oliveira2022,
    title         = {Encontros transculturais e histórias na terceira idade: uma experiência em teletandem},
    author        = {Victor César de Oliveira},
    year          = {2022},
    address       = {Presidente Prudente, SP, Brasil},
    url           = {http://hdl.handle.net/11449/236799},
    school        = {Universidade Estadual Paulista “Júlio de Mesquita Filho”},
    type          = {Mestrado em Educação},
}

@article{salomao2022,
    title         = {Foreign Language Communication in Virtual Exchanges: Reflections and Implications for Applied Linguistics},
    author        = {Ana Cristina Biondo Salomão},
    year          = {2022},
    journal       = {International Journal of Computer-Assisted Language Learning and Teaching},
    volume        = {12},
    number        = {3},
}

@article{silva2022,
    title         = {Crenças e expectativas acerca da aprendizagem colaborativa de línguas estrangeiras no teletandem},
    author        = {Rickison Cristiano de Araújo Silva},
    year          = {2022},
    journal       = {Revista X},
    volume        = {17},
    number        = {3},
    pages         = {929--949},
}

@article{silva2022b,
    title         = {A formação do professor interculturalista de língua espanhola mediada pelo Teletandem},
    author        = {Rickison Cristiano de Araújo Silva and Fábio Marques Souza},
    year          = {2022},
    journal       = {Revista Letras Raras},
    volume        = {11},
    number        = {2},
    pages         = {139--160},
}

@article{zakir2022,
    title         = {Apresentação Volume Temático. Telecolaboração em Educação para o Ensino de Línguas Estrangeiras},
    author        = {Maisa A. Zakir and Michael Ferreira and Micheli Gomes Souza and Rozana Aparecida Lopes Messias},
    year          = {2022},
    journal       = {The Especialist},
    volume        = {43},
    number        = {1},
}

@incollection{aranha2023,
    title         = {Task Design Within Virtual Exchange: The Case of Institutionally Integrated Teletandem},
    author        = {Aranha, Solange and Cavalari, Suzi Marques Spatti and Cunha, Jessica Nunes Caldeira},
    year          = {2023},
    booktitle     = {Language, Culture and Literature in Telecollaboration Contexts},
    publisher     = {Springer \& Editora Unesp},
}

@article{barbosa2023,
    title         = {Emerging trends in telecollaboration and virtual exchange: a bibliometric study},
    author        = {Barbosa, Marcelo Werneck and Ferreira-Lopes, Luana},
    year          = {2023},
    journal       = {Educational Review},
    volume        = {75},
    number        = {3},
    pages         = {558--586},
    doi           = {10.1080/00131911.2022.2041234},
}

@phdthesis{fernandes2023,
    title         = {Políticas públicas para o ensino/aprendizagem de língua espanhola nas escolas técnicas estaduais do Centro Paula Souza},
    author        = {Fernandes, Fabiane Cristina},
    year          = {2023},
    url           = {https://repositorio.unesp.br/items/97d57c33-1e19-4a62-b12b-316b13af822b},
    school        = {Universidade Estadual Paulista “Júlio de Mesquita Filho" - Faculdade de Ciências e Letras de Araraquara},
}

@article{moore2023,
    title         = {Teletandem principles in focus: documenting how learners act during the oral sessions},
    author        = {Moore, Viviane Klen-Alves and Rampazzo, Laura},
    year          = {2023},
    journal       = {Revista (Con)Textos Ling{\"u}{\i}sticos},
    volume        = {17},
    number        = {38},
    pages         = {182--202},
    doi           = {10.20396/etd.v22i3.8657382},
}

@article{pereira2023,
    title         = {A implementação do projeto Teletandem na Universidade Nacional de Assunção},
    author        = {Pereira, Gabriel Maciel},
    year          = {2023},
    journal       = {Ñemitỹrã, Revista Multilingüe de Lengua, Sociedad y Educación},
    volume        = {5},
    number        = {3},
    pages         = {38--45},
    doi           = {10.47133/NEMITYRA20232d12-3A4},
    url           = {https://revistascientificas.una.py/index.php/nemityra/article/view/3970},
}

@incollection{ramoscarvalho2023,
    title         = {Preface},
    author        = {Ramos, Karin Adriane Henschel Pobbe and Carvalho, Kelly Cristiane Henschel Pobbe},
    year          = {2023},
    booktitle     = {Language, Culture and Literature in Telecollaboration Contexts},
    publisher     = {Springer \& Editora Unesp},
}

@incollection{rubin2023,
    title         = {Preface to an evolving international educational landscape},
    author        = {Jon Rubin},
    year          = {2023},
    booktitle     = {The Guide to COIL Virtual Exchange: Implementing, Growing, and Sustaining Collaborative Online International Learning},
    publisher     = {Routledge},
    address       = {New York},
    editor        = {Jon Rubin and Sara Guth},
}

@article{satar2023,
    title         = {Low proficiency level learners’ translingual and transmodal practices in teletandem: challenging the separation of languages principle},
    author        = {Müge Satar and Solange Aranha and Suzi Marques Spatti Cavalari and Wala Almijiwl},
    year          = {2023},
    journal       = {System},
    volume        = {120},
    pages         = {1--17},
}

@incollection{koris2023,
    title         = {Twenty-first-century methods for twenty-first-century skills: Developing students' ESP competencies through virtual exchange projects},
    author        = {Rita Kóris},
    year          = {2023},
    booktitle     = {New to the LSP classroom? A selection of monographs on successful practices},
    location      = {Wilmington},
    publisher     = {Vernon Press},
    editor        = {M{\'a}ria V{\'a}r{\'a}nov{\'a}},
}

@article{lima-lopes2023,
    title         = {Language Separation in Teletandem: What corpus analysis can tell us},
    author        = {Rodrigo Esteves de Lima-Lopes and Solange Aranha},
    year          = {2023},
    journal       = {Ilha do Desterro},
    volume        = {76},
    number        = {3},
    pages         = {329--351},
    doi           = {10.5007/2175-8026.2023.e94574},
    url           = {https://doi.org/10.5007/2175-8026.2023.e94574},
}

@book{athanasiou2024,
    title         = {Innovative Language Teaching Practices in Higher Education in a Post-COVID Era},
    year          = {2024},
    publisher     = {Ubiquity Press},
    editor        = {Athanasiou, Androulla and Adjiconstantinou, Stravoulla and Christoforou, Maria},
}

@article{bozhinova2024,
    title         = {Télecollaboration en langues et émergence d’une communauté virtuelle d’apprentissage},
    author        = {Bozhinova, Krastanka},
    year          = {2024},
    journal       = {Alsic. Apprentissage des Langues et Systèmes d’Information et de Communication},
    volume        = {27},
    number        = {2},
    doi           = {10.4000/alsic.4596},
}

@misc{brasil2024,
    title         = {Lei n° 14.945, de 31 de julho de 2024. Altera a Lei nº 9.394, de 20 de dezembro de 1996 (Lei de Diretrizes e Bases da Educação Nacional), a fim de definir diretrizes para o ensino médio, e as Leis nºs 14.818, de 16 de janeiro de 2024, 12.711, de 29 de agosto de 2012, 11.096, de 13 de janeiro de 2005, e 14.640, de 31 de julho de 2023},
    author        = {{Brasil}},
    year          = {2024},
    url           = {https://www.in.gov.br/web/dou/-/lei-n-14.945-de-31-de-julho-de-2024-575696390},
}

@article{calvo2024,
    title         = {Virtual exchange in teacher education programs from Brazil and USA: outcomes and challenges},
    author        = {Calvo, Luciana Cabrini Simões and Hartle, Lynn C.},
    year          = {2024},
    journal       = {Texto Livre - Linguagem e Tecnologia},
    volume        = {17},
    doi           = {10.1590/1983-3652.2024.47921},
}

@phdthesis{cruz2024,
    title         = {“Teletandem com Literatura” na formação inicial de professores de espanhol como língua estrangeira em contexto telecolaborativo},
    author        = {Cruz, Jheniffer da Silva},
    year          = {2024},
    url           = {https://hdl.handle.net/11449/252719},
    school        = {Universidade Estadual Paulista (UNESP)},
}

@phdthesis{cunha2024,
    title         = {A tarefa de troca de textos em TTDii em perspectiva processual (task-in-process): um estudo de caso},
    author        = {Cunha, Jéssica Nunes Caldeira},
    year          = {2024},
    url           = {https://hdl.handle.net/11449/257620},
    school        = {Universidade Estadual Paulista (UNESP)},
}

@article{dutra2024,
    title         = {O desenvolvimento da competência intercultural em alunos envolvidos em interação via teletandem},
    author        = {Dutra, Anelise Fonseca and Ferreira, Michael J.},
    year          = {2024},
    journal       = {Trabalhos em Linguística Aplicada},
    volume        = {63},
    number        = {3},
    pages         = {476--489},
    doi           = {10.1590/1984-6398202463487},
}

@article{ferro2024,
    title         = {Genre dynamics in teletandem chats: a longitudinal study of English \textless{}>\textgreater{} Portuguese partnerships at UNESP-SJRP},
    author        = {Ferro, Priscilla},
    year          = {2024},
    journal       = {The ESPecialist},
    volume        = {45},
    number        = {5},
    pages         = {20--41},
    doi           = {10.23925/2318-7115.2024v45i5e65898},
}

@article{figueiredo2024,
    title         = {O uso da pedagogia de projetos em sessões de teletandem: o ponto de vista de alunos brasileiros e argentinos},
    author        = {Figueiredo, Francisco José Quaresma de},
    year          = {2024},
    journal       = {Domínios de Lingu@gem},
    volume        = {18},
    doi           = {10.14393/DLv18a2024-26},
}

@article{gonzalez-lloret2024,
    title         = {The future of language learning teaching in a technology-mediated 21st century},
    author        = {Gonz{\'a}lez-Lloret, Marta},
    year          = {2024},
    journal       = {The Modern Language Journal},
    volume        = {108},
    number        = {2},
    pages         = {541--547},
    doi           = {10.1111/modl.12928},
}

@phdthesis{maciel2024,
    title         = {Interculturalidade e cinema: uma experi{\^e}ncia de forma{\c c}{\~a}o de professores de espanhol mediada pelo teletandem},
    author        = {Maciel, Helaine de Souza},
    year          = {2024},
    school        = {Universidade Federal de Campina Grande},
}

@article{oliveira2024,
    title         = {O uso do espanhol em sessões orais de Teletandem português-inglês no corpus MulTeC: um estudo à luz do conceito de translanguaging},
    author        = {Rosângela Aparecida Dantas de Oliveira},
    year          = {2024},
    journal       = {The ESPecialist},
    volume        = {45},
    number        = {3},
    pages         = {154--182},
    doi           = {10.23925/2318-7115.2024v45i3e65912},
}

@article{rampazzo2024,
    title         = {Virtual Exchange Genres: what can genre theories inform us about the first synchronous session?},
    author        = {Rampazzo, Laura},
    year          = {2024},
    journal       = {Folios. Revista de la Facultad de Humanidades},
    volume        = {60},
    pages         = {35--51},
}

@book{rampazzamoore2024,
    title         = {Guia teórico-prático do intercâmbio virtual},
    author        = {Laura Rampazzo and Viviane de Souza Klen-Alves Moore},
    year          = {2024},
    publisher     = {Pontes Editores},
}

@incollection{rampazzamoore2024b,
    title         = {Turning Tables: Redesigning Virtual Exchange through the Learners’ Experience},
    author        = {Rampazzo, Laura and Moore, Viviane Klen-Alves},
    year          = {2024},
    booktitle     = {Innovative Language Teaching Practices in Higher Education in a Post-COVID Era},
    publisher     = {Ubiquity Press},
    pages         = {123--150},
    editor        = {Athanasiou, Androulla and Hadjiconstantinou, Stravoulla and Christoforou, Maria},
}

@phdthesis{reno2024,
    title         = {Contribuições das mediações coletivas em intercâmbio virtual: um estudo de caso sobre o contexto Teletandem (português/espanhol) na perspectiva de estudantes de Institutos Federais},
    author        = {Renó, Aline Fernandes da Silva},
    year          = {2024},
    address       = {São Carlos},
    school        = {Universidade Federal de São Carlos},
}
