@article{flyvbjerg_five_2006,
    title         = {Five {Misunderstandings} {About} {Case}-{Study} {Research}},
    author        = {Flyvbjerg, Bent},
    year          = {2006},
    month         = apr,
    journal       = {Qualitative Inquiry},
    volume        = {12},
    number        = {2},
    pages         = {219--245},
    doi           = {10.1177/1077800405284363},
    issn          = {1077-8004, 1552-7565},
    url           = {http://journals.sagepub.com/doi/10.1177/1077800405284363},
    urldate       = {2023-01-05},
    language      = {en},
}

@article{martos_nunez_tunear_2006,
    title         = {``{Tunear}'' los libros: series, fanfiction, blogs y otras pr\'{a}cticas emergentes de lectura},
    shorttitle    = {``{Tunear}'' los libros},
    author        = {Martos N\'{u}\~{n}ez, Eloy},
    year          = {2006},
    month         = nov,
    journal       = {Ocnos. Revista de estudios sobre lectura},
    number        = {2},
    pages         = {63--77},
    doi           = {10.18239/ocnos\_2006.02.04},
    issn          = {2254-9099},
    url           = {https://revista.uclm.es/index.php/ocnos/article/view/ocnos\_2006.02.04},
    urldate       = {2023-01-05},
    copyright     = {Derechos de autor 0},
    language      = {es},
    keywords      = {mitolog\'{\i}a},
}

@article{bombini2006practicas,
    title         = {Pr\'{a}cticas de lectura. Una perspectiva sociocultural},
    author        = {Bombini, Gustavo},
    year          = {2006},
    journal       = {G. Bombini et al., Lengua y literatura: pr\'{a}cticas de ense\~{n}anza, perspectivas y propuestas},
    pages         = {27--43},
}

@book{leveratto_internet_2008,
    title         = {Internet et la sociabilit\'{e} litt\'{e}raire},
    author        = {Leveratto, Jean-Marc and Leontsini, Mary},
    year          = {2008},
    publisher     = {\'{E}ditions de la Biblioth\`{e}que publique d'information},
    address       = {Paris},
    series        = {\'{E}tudes et recherche},
    keywords      = {internet, sociologie de la lecture, sociabilit\'{e} num\'{e}rique, sociabilit\'{e} litt\'{e}raire, loisir litt\'{e}raire, internet, sociologie de la lecture, sociabilit\'{e} num\'{e}rique, sociabilit\'{e} litt\'{e}raire, loisir litt\'{e}raire, internet, sociologie de la lecture, sociabilit\'{e} num\'{e}rique, sociabilit\'{e} litt\'{e}raire, loisir litt\'{e}raire, internet, sociologie de la lecture, sociabilit\'{e} num\'{e}rique, sociabilit\'{e} litt\'{e}raire, loisir litt\'{e}raire},
}

@article{abdad_ruiz_fanfiction:_2011,
    title         = {Fanfiction: fomento de la escritura creativa a trav\'{e}s de las formas de literatura emergentes},
    author        = {Abdad Ruiz, B\'{a}rbara},
    year          = {2011},
    journal       = {Tonos Digital},
    volume        = {11},
    number        = {21},
    url           = {http://www.tonosdigital.com/ojs/index.php/tonos/issue/view/28},
    urldate       = {2023-01-05},
    keywords      = {ISSN 1577-6921, tonos, digital, tonosdigital, revista, estudios, filol\'{o}gicos, filolog\'{\i}a, hispanica, espa\~{n}ol},
}

@book{cassany_en_linea._2012,
    title         = {En\_l\'{\i}nea. {Leer} y escribir en la red},
    author        = {Cassany, Daniel},
    year          = {2012},
    publisher     = {Anagrama},
    address       = {Barcelona, Espa\~{n}a},
}

@article{sanchezgarcia_lectura_2013,
    title         = {La lectura en la web 2.0. {Estudio} de caso: los blogs en el '{Reto} {Delirium}'},
    shorttitle    = {La lectura en la web 2.0. {Estudio} de caso},
    author        = {S\'{a}nchez Garc\'{\i}a, Sandra and Lluch Crespo, Gemma and Del R\'{\i}o Toledo, Tatiana},
    year          = {2013},
    month         = jun,
    journal       = {\@tic. revista d'innovaci\'{o} educativa},
    volume        = {0},
    number        = {10},
    pages         = {75--84},
    doi           = {10.7203/attic.10.1783},
    issn          = {1989-3477},
    url           = {http://ojs.uv.es/index.php/attic/article/view/1783},
    urldate       = {2023-01-05},
}

@article{granado_teachers_2014,
    title         = {Teachers as readers: a study of the reading habits of future teachers / {El} docente como lector: estudio de los h\'{a}bitos lectores de futuros docentes},
    shorttitle    = {Teachers as readers},
    author        = {Granado, Cristina},
    year          = {2014},
    month         = jan,
    journal       = {Cultura y Educaci\'{o}n},
    volume        = {26},
    number        = {1},
    pages         = {44--70},
    doi           = {10.1080/11356405.2014.908666},
    issn          = {1135-6405, 1578-4118},
    url           = {http://www.tandfonline.com/doi/abs/10.1080/11356405.2014.908666},
    urldate       = {2023-01-05},
    language      = {en},
}

@book{igarza_metodologicomun_2014,
    title         = {Metodolog\'{\i}a com\'{u}n para explorar y medir el comportamiento lector: el encuentro con lo digital},
    shorttitle    = {Metodolog\'{\i}a com\'{u}n para explorar y medir el comportamiento lector},
    author        = {Igarza, Roberto and Monak Salinas, Lenin},
    year          = {2014},
    publisher     = {CERLAC-UNESCO},
    address       = {Bogot\'{a}},
    series        = {Lectura y escritura {Manuales}},
    isbn          = {9789586712002},
    edition       = {Primera edici\'{o}n},
    language      = {spa},
}

@article{munita_reading_2014,
    title         = {Reading habits of pre-service teachers / {Trayectorias} de lectura del profesorado en formaci\'{o}n},
    author        = {Munita, Felipe},
    year          = {2014},
    month         = jul,
    journal       = {Cultura y Educaci\'{o}n},
    volume        = {26},
    number        = {3},
    pages         = {448--475},
    doi           = {10.1080/11356405.2014.965449},
    issn          = {1135-6405, 1578-4118},
    url           = {http://www.tandfonline.com/doi/abs/10.1080/11356405.2014.965449},
    urldate       = {2023-01-05},
    language      = {en},
}

@article{travancas2014juventud,
    title         = {Juventud y lectura: una investigaci\'{o}n sobre adolescentes en Barcelona},
    author        = {Travancas, Isabel},
    year          = {2014},
    journal       = {GRAFO working papers},
    volume        = {3},
    pages         = {47--73},
}

@inproceedings{ravettino_destefanis_booktubers_2015,
    title         = {Booktubers y performances virtuales: modos contempor\'{a}neos de difundir y compartir literatura juvenil en la red},
    author        = {Ravettino Destefanis, Alejandra},
    year          = {2015},
    booktitle     = {{VIII} {Jornadas} de {J\'{o}venes} {Investigadores}},
    publisher     = {Facultad de Ciencias Sociales, Universidad de Buenos Aires},
    address       = {Buenos Aires},
    url           = {http://dspace.uces.edu.ar:8180/xmlui/handle/123456789/3343},
    urldate       = {2022-01-05},
}

@article{yubero_lectura_2015,
    title         = {Lectura y universidad: h\'{a}bitos lectores de los estudiantes universitarios de {Espa\~{n}a} y {Portugal}},
    shorttitle    = {Lectura y universidad},
    author        = {Yubero, Santiago and Larra\~{n}aga, Elisa},
    year          = {2015},
    month         = nov,
    journal       = {El Profesional de la Informaci\'{o}n},
    volume        = {24},
    number        = {6},
    pages         = {717},
    doi           = {10.3145/epi.2015.nov.03},
    issn          = {1699-2407, 1386-6710},
    url           = {https://revista.profesionaldelainformacion.com/index.php/EPI/article/view/epi.2015.nov.03},
    urldate       = {2023-01-05},
}

@misc{garcia2015leer,
    title         = {Leer en papel y en pantallas: el giro antropol\'{o}gico},
    author        = {Garc\'{\i}a-Canclini, N\'{e}stor},
    year          = {2015},
    journal       = {Hacia una antropolog\'{\i}a de los lectores},
    publisher     = {Universidad Aut\'{o}noma Metropolitana Fundaci\'{o}n Telef\'{o}nica},
    pages         = {1--35},
}

@article{ballester_educacion_2016,
    title         = {La educaci\'{o}n lectora, literaria y el libro en la era digital},
    author        = {Ballester, Josep and Ibarra, Noelia},
    year          = {2016},
    month         = dec,
    journal       = {Revista chilena de literatura},
    number        = {94},
    pages         = {147--171},
    doi           = {10.4067/S0718-22952016000300008},
    issn          = {0718-2295},
    url           = {http://www.scielo.cl/scielo.php?script=sci\_abstract\&pid=S0718-22952016000300008\&lng=en\&nrm=iso\&tlng=en},
    urldate       = {2023-01-05},
}

@incollection{felipe_morales_percepciones_2016,
    title         = {Percepciones de maestros en formaci\'{o}n inicial en tono a las influencias en su h\'{a}bito lector},
    author        = {Felipe Morales, Andrea and Barrios Espinosa, Elvira},
    year          = {2016},
    booktitle     = {Innovaci\'{o}n universitaria: digitalizaci\'{o}n 2.0 y excelencia en contenidos},
    publisher     = {Mc Graw Hill Education},
    address       = {Madrid},
    pages         = {195--210},
    editor        = {Linares Herrera, Manuel and D\'{\i}az Cuesta, Jos\'{e} and Del Valle Mej\'{\i}as, Elena},
}

@article{manresa_practicas_2016,
    title         = {Pr\'{a}cticas de lectura en red: exploraci\'{o}n de blogs literarios adolescentes},
    shorttitle    = {Pr\'{a}cticas de lectura en red},
    author        = {Manresa, Mireia and Margallo, Ana Mar\'{\i}a},
    year          = {2016},
    month         = dec,
    journal       = {Catalejos. Revista sobre lectura, formaci\'{o}n de lectores y literatura para ni\~{n}os},
    volume        = {2},
    number        = {3},
    pages         = {51--69},
    issn          = {2525-0493},
    url           = {https://fh.mdp.edu.ar/revistas/index.php/catalejos/article/view/1985},
    urldate       = {2023-01-05},
    copyright     = {Copyright (c) 2016 Catalejos. Revista sobre lectura, formaci\'{o}n de lectores y literatura para ni\~{n}os},
    language      = {es-ES},
    keywords      = {pr\'{a}cticas lectoras, lector literario adolescente, lectura en la red, blogs  literarios, estudio de caso},
}

@phdthesis{quiroga_terreros_formas_2017,
    title         = {Formas emergentes de creaci\'{o}n colectiva en la red: el fen\'{o}meno del fanfiction},
    shorttitle    = {Formas emergentes de creaci\'{o}n colectiva en la red},
    author        = {Quiroga Terreros, Debora},
    year          = {2017},
    url           = {https://dialnet.unirioja.es/servlet/tesis?codigo=151615},
    urldate       = {2023-01-05},
    type          = {http://purl.org/dc/dcmitype/{Text}},
    language      = {es},
    school        = {Universidad Complutense de Madrid},
}

@article{rovira-collado_booktrailer_2017,
    title         = {Booktrailer y {Booktuber} como herramientas {LIJ} 2.0 para el desarrollo del h\'{a}bito lector},
    author        = {Rovira-Collado, Jos\'{e}},
    year          = {2017},
    month         = jan,
    journal       = {Investigaciones Sobre Lectura},
    number        = {7},
    pages         = {55--72},
    doi           = {10.24310/revistaisl.vi7.10981},
    issn          = {2340-8685},
    url           = {https://revistas.uma.es/index.php/revistaISL/article/view/10981},
    urldate       = {2023-01-05},
    copyright     = {Derechos de autor},
    language      = {Spanish},
    keywords      = {Sitio web, revista ISL, competencia lectora, comprensi\'{o}n lectora, literatura infantil y juvenil, fomento de la lectura, social reading, booktrailer, booktuber, internet},
}

@article{vera_valencia_reading_2017,
    title         = {Reading motivation and reading habits of future teachers},
    author        = {Vera Valencia, Sergio},
    year          = {2017},
    month         = jan,
    journal       = {Investigaciones Sobre Lectura},
    number        = {7},
    pages         = {85--96},
    doi           = {10.24310/revistaisl.vi7.10983},
    issn          = {2340-8685, 2340-8685},
    url           = {https://revistas.uma.es/index.php/revistaISL/article/view/10983},
    urldate       = {2023-01-05},
}

@article{gonzalez2017habitos,
    title         = {H\'{a}bitos lectores y pol\'{\i}ticas habituales de lectura},
    author        = {Gonz\'{a}lez, Luis},
    year          = {2017},
    journal       = {La lectura en Espa\~{n}a. Informe},
    pages         = {81--91},
}

@book{gordo_lopez_jovenes_2018,
    title         = {Jo\'venes en la  encrucijada digital: {Itinerarios} de socializacio\'n y desigualdad en los entornos digitales},
    shorttitle    = {Jo\'venes en la  encrucijada digital},
    author        = {Gordo Lo\'pez, Angel and Garci\'a Arnau, Albert and Rivera, Javier de and Di\'az-Catala\'n, Celia},
    year          = {2018},
    publisher     = {Morata},
    address       = {Madrid},
    isbn          = {9788471129079},
    language      = {spa},
}

@incollection{paterna_roda_fanfiction_2018,
    title         = {Fanfiction como propuesta para mejorar la escritura creativa a trav\'{e}s de la red},
    author        = {Paterna Roda, Adri\'{a}n},
    year          = {2018},
    booktitle     = {Experiencias pedag\'{o}gicas e innovaci\'{o}n educativa: aportaciones desde la praxis docente e investigadora},
    publisher     = {Octaedro},
    address       = {Barcelona},
    pages         = {3203--3211},
    editor        = {L\'{o}pez Meneses, Eloy and Cobos Sanchiz, David and Mart\'{\i}n Padilla, Antonio Hilario and Molina Garc\'{\i}a, Laura and Ja\'{e}n Mart\'{\i}nez, Alicia},
}

@article{putro_profiles_2018,
    title         = {Profiles of {Readers} in a {Digital} {Age}},
    author        = {Putro, Nur Hidayanto Pancoro Setyo and Lee, Jihyun},
    year          = {2018},
    month         = oct,
    journal       = {Reading Psychology},
    volume        = {39},
    number        = {6},
    pages         = {585--601},
    doi           = {10.1080/02702711.2018.1496502},
    issn          = {0270-2711, 1521-0685},
    url           = {https://www.tandfonline.com/doi/full/10.1080/02702711.2018.1496502},
    urldate       = {2023-01-05},
    language      = {en},
}

@article{valdes2018,
    title         = {La consolidaci\'{o}n del h\'{a}bito lector en un mundo globalizado: la mediaci\'{o}n familiar y docente},
    author        = {Vald\'{e}s Zamudio, Ignacio and Mariscal Vega, Sara},
    year          = {2018},
    journal       = {Aula de Encuentro},
    volume        = {20},
    number        = {2},
}

@article{elche_larranaga_compleja_2019,
    title         = {La compleja relaci\'{o}n de los docentes con la lectura: el comportamiento lector del profesorado de {Educaci\'{o}n} {Infantil} y {Primaria} en formaci\'{o}n},
    author        = {Elche Larra\~{n}aga, Mar\'{\i}a and Yubero Jim\'{e}nez, Santiago},
    year          = {2019},
    month         = jan,
    journal       = {Bord\'{o}n. Revista de Pedagog\'{\i}a},
    volume        = {71},
    number        = {1},
    pages         = {31--45},
    doi           = {10.13042/Bordon.2019.66083},
    issn          = {2340-6577, 0210-5934},
    url           = {https://recyt.fecyt.es/index.php/BORDON/article/view/66083},
    urldate       = {2023-01-05},
}

@article{perez-parejo_habitos_2019,
    title         = {H\'{a}bitos de lectura de los estudiantes de la {Universidad} de {Extremadura} ({Espa\~{n}a}). {Aproximaci\'{o}n} estad\'{\i}stica},
    author        = {P\'{e}rez-Parejo, Ram\'{o}n and Guti\'{e}rrez-Cabezas, \'{A}lvaro and Soto-V\'{a}zquez, Jos\'{e} and Jara\'{\i}z-Cabanillas, Francisco Javier and Guti\'{e}rrez-Gallego, Jos\'{e} Antonio},
    year          = {2019},
    month         = may,
    journal       = {Investigaci\'{o}n Bibliotecol\'{o}gica: archivonom\'{\i}a, bibliotecolog\'{\i}a e informaci\'{o}n},
    volume        = {33},
    number        = {79},
    pages         = {119},
    doi           = {10.22201/iibi.24488321xe.2019.79.57980},
    issn          = {2448-8321, 0187-358X},
    url           = {http://rev-ib.unam.mx/ib/index.php/ib/article/view/57980},
    urldate       = {2023-01-05},
}

@article{vizcaino-verdu_reading_2019,
    title         = {Reading and informal learning trends on {YouTube}: {The} booktuber},
    shorttitle    = {Reading and informal learning trends on {YouTube}},
    author        = {Vizca\'{\i}no-Verd\'{u}, Arantxa and Contreras-Pulido, Paloma and Guzm\'{a}n-Franco, Mar\'{\i}a-Dolores},
    year          = {2019},
    month         = apr,
    journal       = {Comunicar},
    volume        = {27},
    number        = {59},
    pages         = {95--104},
    doi           = {10.3916/C59-2019-09},
    issn          = {1134-3478, 1988-3293},
    url           = {https://www.revistacomunicar.com/index.php?contenido=detalles\&numero=59\&articulo=59-2019-09},
    urldate       = {2023-01-05},
    language      = {es},
}

@article{luna_pena_lectura_2020,
    title         = {Lectura de fanfiction y lectura literaria en educaci\'{o}n media superior mexicana},
    author        = {Luna Pe\~{n}a, Ana Maria},
    year          = {2020},
    month         = jun,
    journal       = {Aula de Encuentro},
    volume        = {22},
    number        = {1},
    pages         = {141--162},
    doi           = {10.17561/ae.v22n1.6},
    issn          = {2341-4847, 1137-8778},
    url           = {https://revistaselectronicas.ujaen.es/index.php/ADE/article/view/5223},
    urldate       = {2023-01-05},
}

@article{noguera_habitos_2020,
    title         = {H\'{a}bitos de lectura y consumo de {BookTube}.},
    author        = {Noguera, Carmen},
    year          = {2020},
    journal       = {Bolet\'{\i}n de la Asociaci\'{o}n Andaluza de Bibliotecarios},
    volume        = {35},
    number        = {119},
    pages         = {130--143},
    issn          = {0213-6333},
    url           = {https://dialnet.unirioja.es/servlet/articulo?codigo=7673444},
    urldate       = {2023-01-05},
    language      = {spa},
}

@article{paladines-paredes_canales_2020,
    title         = {Los canales booktuber como espacio de socializaci\'{o}n de pr\'{a}cticas lectoras juveniles.},
    author        = {Paladines-Paredes, Lenin-Vladimir and Margallo, Ana-Mar\'{\i}a},
    year          = {2020},
    month         = mar,
    journal       = {Ocnos: Revista de estudios sobre lectura},
    volume        = {19},
    number        = {1},
    pages         = {55--67},
    doi           = {10.18239/ocnos\_2020.19.1.1975},
    issn          = {2254-9099, 1885-446X},
    url           = {https://revista.uclm.es/index.php/ocnos/article/view/ocnos\_2020.19.1.1975},
    urldate       = {2023-01-05},
}

@article{perez_silva_internet_2020,
    title         = {Internet y {Fanfiction}: la pr\'{a}ctica de la (hiper)lectura y la (hiper)escritura},
    shorttitle    = {Internet y {Fanfiction}},
    author        = {P\'{e}rez Silva, Luis Mario Reyes},
    year          = {2020},
    month         = dec,
    journal       = {Cuadernos del Centro de Estudios de Dise\~{n}o y Comunicaci\'{o}n},
    number        = {124},
    doi           = {10.18682/cdc.vi124.4420},
    issn          = {1853-3523, 1668-0227},
    url           = {https://dspace.palermo.edu/ojs/index.php/cdc/article/view/4420},
    urldate       = {2023-01-05},
}

@incollection{trigo_habitos_2020,
    title         = {H\'{a}bitos lectores de los futuros maestros de {Educaci\'{o}n} {Primaria} de la {Universidad} de {C\'{a}diz}},
    author        = {Trigo, Ester and  Ju\'{a}rez, Mar\'{\i}a and Santos-D\'{\i}az, Inmaculada Clotilde},
    year          = {2020},
    booktitle     = {Investigaci\'{o}n, {Innovaci\'{o}n} docente y {TIC}. {Nuevos} horizontes educativos},
    publisher     = {Dykinson},
    address       = {Madrid},
    pages         = {1859--1871},
    editor        = {Alonso, Santiago and Romero, Jos\'{e} Mar\'{\i}a and Rodr\'{\i}guez-Jim\'{e}nez, Carmen and Sola, Jos\'{e} Mar\'{\i}a},
}

@article{de_la_maya_retamar_habitos_2021,
    title         = {H\'{a}bitos lectores y competencia l\'{e}xica de futuros profesores de ingl\'{e}s em {Educaci\'{o}n} {Primaria}},
    author        = {De la Maya Retamar, Guadalupe and L\'{o}pez-P\'{e}rez, Magdalena},
    year          = {2021},
    month         = jan,
    journal       = {Educa\c{c}\~{a}o Forma\c{c}\~{a}o},
    volume        = {6},
    number        = {1},
    pages         = {e3504},
    doi           = {10.25053/redufor.v6i1.3504},
    issn          = {24483583},
    url           = {https://revistas.uece.br/index.php/redufor/article/view/3504},
    urldate       = {2023-01-05},
    language      = {pt},
}

@article{hernandez_ortega_nuevos_2021,
    title         = {Nuevos ecosistemas transmedia para la promoci\'{o}n de la lectura en la era de los booktubers: {New} transmedia ecosystems for the promotion of reading in the era of booktubers},
    shorttitle    = {Nuevos ecosistemas transmedia para la promoci\'{o}n de la lectura en la era de los booktubers},
    author        = {Hern\'{a}ndez Ortega, Jos\'{e} and S\'{a}nchez Garc\'{\i}a, Patricia and Rovira-Collado, Jos\'{e}},
    year          = {2021},
    month         = jun,
    journal       = {Investigaciones Sobre Lectura},
    number        = {15},
    pages         = {23--45},
    doi           = {10.24310/isl.vi15.12563},
    issn          = {2340-8685, 2340-8685},
    url           = {https://revistas.uma.es/index.php/revistaISL/article/view/12563},
    urldate       = {2023-01-05},
}

@book{instituto_nacional_de_estadistica_ine_encuesta_2021,
    title         = {Encuesta sobre {Equipamiento} y {Uso} de {Tecnolog\'{\i}as} de {Informaci\'{o}n} y {Comunicaci\'{o}n} en los {Hogares}. {A\~{n}o} 2021},
    author        = {{Instituto Nacional de Estad\'{\i}stica (INE)}},
    year          = {2021},
    publisher     = {Instituto Nacional de Estad\'{\i}stica},
    address       = {Madrid},
}

@article{lopez-gil_promocion_2021,
    title         = {Promoci\'{o}n de literatura infantil en l\'{\i}nea: pr\'{a}cticas de una ni\~{n}a booktuber},
    shorttitle    = {Promoci\'{o}n de literatura infantil en l\'{\i}nea},
    author        = {Lopez-Gil, Karen S. and Franco-Ch\'{a}vez, Fanny-Patricia},
    year          = {2021},
    month         = feb,
    journal       = {Ocnos. Revista de estudios sobre lectura},
    volume        = {20},
    number        = {1},
    pages         = {50--64},
    doi           = {10.18239/ocnos\_2021.20.1.2437},
    issn          = {2254-9099, 1885-446X},
    url           = {https://revista.uclm.es/index.php/ocnos/article/view/2437},
    urldate       = {2023-01-05},
}

@article{torrego_gonzalez_practicas_2021,
    title         = {Pr\'{a}cticas discursivas y literarias de los j\'{o}venes en la {Red}.},
    author        = {Torrego Gonz\'{a}lez, Alba},
    year          = {2021},
    month         = jul,
    journal       = {El Guiniguada},
    number        = {30 (2021)},
    pages         = {72--81},
    doi           = {10.20420/ElGuiniguada.2021.405},
    issn          = {23863374},
    url           = {https://ojsspdc.ulpgc.es/ojs/index.php/ElGuiniguada/article/view/1328},
    urldate       = {2023-01-05},
    language      = {es},
    editor        = {{Universidad de Las Palmas de Gran Canaria}},
}

@article{alcocer_vazquez_practicas_2021,
    title         = {Pr\'{a}cticas lectoras en la era digital entre estudiantes universitarios de ciencias sociales y ciencias exactas},
    author        = {Alcocer Vazquez, Eloisa and Zapata-Gonz\'{a}lez, Alfredo},
    year          = {2021},
    month         = nov,
    journal       = {Ocnos. Revista de estudios sobre lectura},
    volume        = {20},
    number        = {3},
    doi           = {10.18239/ocnos\_2021.20.3.2526},
    issn          = {2254-9099, 1885-446X},
    url           = {https://revista.uclm.es/index.php/ocnos/article/view/2526},
    urldate       = {2023-01-13},
}

@article{paladines-paredes_videoresenas_2021a,
    title         = {Videorese\~{n}as de booktubers como espacios de mediaci\'{o}n literaria},
    author        = {Paladines-Paredes, Lenin and Aliagas, Cristina},
    year          = {2021a},
    month         = feb,
    journal       = {Ocnos. Revista de estudios sobre lectura},
    volume        = {20},
    number        = {1},
    pages         = {38--49},
    doi           = {10.18239/ocnos\_2021.20.1.2489},
    issn          = {2254-9099, 1885-446X},
    url           = {https://revista.uclm.es/index.php/ocnos/article/view/2489},
    urldate       = {2023-01-05},
}

@article{paladines-paredes_booktubers:_2021b,
    title         = {Booktubers: lectura en red, nuevas literacidades y aplicaciones did\'{a}cticas},
    shorttitle    = {Booktubers},
    author        = {Paladines-Paredes, Lenin Vladimir and Aliagas Mar\'{\i}n, Cristina},
    year          = {2021b},
    month         = jan,
    journal       = {EDMETIC},
    volume        = {10},
    number        = {1},
    pages         = {58--72},
    doi           = {10.21071/edmetic.v10i1.12234},
    issn          = {2254-0059},
    url           = {https://www.uco.es/ucopress/ojs/index.php/edmetic/article/view/12234},
    urldate       = {2023-01-05},
}

@article{castillo_rodriguez_habitos_2022,
    title         = {H\'{a}bitos y consumos lectores en lengua materna y lengua extranjera del futuro profesorado de {Educaci\'{o}n} {Primaria} de la {Universidad} de {M\'{a}laga}},
    author        = {Castillo Rodr\'{\i}guez, Cristina and Santos D\'{\i}az, Inmaculada Clotilde},
    year          = {2022},
    month         = jun,
    journal       = {Investigaciones Sobre Lectura},
    number        = {17},
    pages         = {83--110},
    doi           = {10.24310/isl.vi17.14483},
    issn          = {2340-8685, 2340-8685},
    url           = {https://revistas.uma.es/index.php/revistaISL/article/view/14483},
    urldate       = {2023-01-05},
}

@article{cordon_garcia_socializacion_2023,
    title         = {La socializaci\'{o}n de la lectura y la escritura: fandom, redes y visibilidad editorial},
    shorttitle    = {La socializaci\'{o}n de la lectura y la escritura},
    author        = {Cord\'{o}n Garc\'{\i}a, Jos\'{e} Antonio and Mu\~{n}oz Rico, Mar\'{\i}a},
    year          = {2023},
    journal       = {Texto Livre},
    volume        = {16},
    pages         = {e37067--e37067},
    doi           = {10.1590/1983-3652.2023.37067},
    issn          = {1983-3652},
    url           = {https://periodicos.ufmg.br/index.php/textolivre/article/view/37067},
    urldate       = {2023-01-05},
    copyright     = {Copyright (c) 2022},
    language      = {es},
    keywords      = {Fandom, Fanfictions, Leitura social, Redes Sociais, Visibilidade editorial},
}
