
@article{alcocer_vazquez_practicas_2021,
	title = {Prácticas lectoras en la era digital entre estudiantes universitarios de ciencias sociales y ciencias exactas},
	volume = {20},
	issn = {2254-9099, 1885-446X},
	url = {https://revista.uclm.es/index.php/ocnos/article/view/2526},
	doi = {10.18239/ocnos_2021.20.3.2526},
	number = {3},
	urldate = {2023-01-13},
	journal = {Ocnos. Revista de estudios sobre lectura},
	author = {Alcocer Vazquez, Eloisa and Zapata-González, Alfredo},
	month = nov,
	year = {2021},
}
