@book{dewey1934art,
    title         = {Art as Experience},
    author        = {Dewey, John},
    year          = {1934},
    publisher     = {Perigee Books},
    address       = {New York},
}

@book{bourdieu1996distincao,
    title         = {A distinção: crítica social do julgamento},
    author        = {Bourdieu, Pierre},
    year          = {1996},
    publisher     = {Edusp},
    address       = {São Paulo},
}

@book{freire1996aautonomia,
    title         = {Pedagogia da autonomia: saberes necessários à prática educativa},
    author        = {Freire, Paulo},
    year          = {1996},
    publisher     = {Paz e Terra},
    address       = {São Paulo},
}

@book{freire1996boprimido,
    title         = {Pedagogia do oprimido},
    author        = {Freire, Paulo},
    year          = {1996},
    publisher     = {Paz e Terra},
    address       = {Rio de Janeiro},
}

@book{hernandez2000educacao,
    title         = {A educação artística: um diálogo entre arte e educação},
    author        = {Hern{\'a}ndez, Francisco},
    year          = {2000},
    publisher     = {Editora Cortez},
    address       = {São Paulo},
}

@book{barbosa2008educacao,
    title         = {Educação artística: uma prática crítica e libertadora},
    author        = {Barbosa, Ana Mae},
    year          = {2008},
    publisher     = {Editora Cortez},
    address       = {São Paulo},
}

@book{barbosa2009arte,
    title         = {Arte/educação como mediação cultural e social},
    author        = {Barbosa, Ana Mae and Coutinho, Rejane Galvão},
    year          = {2009},
    publisher     = {Editora da Unesp},
    address       = {São Paulo},
}

@book{barbosa2010arte,
    title         = {Arte e educação: diálogos possíveis},
    author        = {Barbosa, Ana Mae},
    year          = {2010},
    publisher     = {Editora Moderna},
    address       = {São Paulo},
}

@book{minayo2010pesquisa,
    title         = {Pesquisa social: teoria, método e criatividade},
    author        = {Minayo, Maria de Souza},
    year          = {2010},
    publisher     = {Vozes},
    address       = {Petrópolis},
}

@book{bardin2011analise,
    title         = {Análise de conteúdo},
    author        = {Bardin, Laurence},
    year          = {2011},
    publisher     = {Edições 70},
    address       = {Lisboa},
}

@book{ferreira2015praticas,
    title         = {Práticas pedagógicas em educação artística: desafios contemporâneos},
    author        = {Ferreira, Maria and Ramos, Ana},
    year          = {2015},
    publisher     = {Editora Unesp},
    address       = {São Paulo},
}

@book{lopes2013metodologias,
    title         = {Metodologias de ensino em arte: desafios e possibilidades},
    author        = {Lopes, Ana and Martins, Júlio},
    year          = {2016},
    publisher     = {Editora Senac},
    address       = {São Paulo},
}

@misc{brasil2018bncc,
    title         = {Base Nacional Comum Curricular},
    author        = {{Brasil}},
    year          = {2018},
    publisher     = {Mec/seb},
    address       = {Brasília, DF},
    url           = {http://basenacionalcomum.mec.gov.br/},
    urldate       = {2025-06-15},
}

@book{pougy2018teleris,
    title         = {Teláris arte: Manual do Professor},
    author        = {Pougy, Eliana and Vilela, André},
    year          = {2018},
    publisher     = {Ática},
    address       = {São Paulo},
}

@online{barbosa2018debate,
    title         = {Debate: Seminário Arte, Cultura e Educação na América Latina},
    author        = {Barbosa, Ana Mae},
    year          = {2018},
    url           = {https://www.youtube.com/watch?v=IazonZsIwWg&t=2772s},
    urldate       = {2025-10-21},
    howpublished  = {YouTube},
}
