
@misc{busting,
	title = {Busting the {Top} 5 {Myths} about {Adaptive} {Learning}},
	url = {http://blog.realizeitlearning.com/blog/top-5-myths-about-adaptive-learning},
	language = {en-us},
	urldate = {2022-01-31},
}

@article{black2018,
	title = {Classroom assessment and pedagogy},
	volume = {25},
	issn = {0969-594X, 1465-329X},
	url = {https://www.tandfonline.com/doi/full/10.1080/0969594X.2018.1441807},
	doi = {10.1080/0969594X.2018.1441807},
	language = {en},
	number = {6},
	urldate = {2022-01-31},
	journal = {Assessment in Education: Principles, Policy \& Practice},
	author = {Black, Paul and Wiliam, Dylan},
	month = nov,
	year = {2018},
	pages = {551--575},
}

@book{educause2021,
	title = {2021 {EDUCAUSE} horizon report.},
	isbn = {9781933046082},
	url = {https://library.educause.edu/-/media/files/library/2021/4/2021hrteachinglearning.pdf},
	language = {English},
	urldate = {2022-01-31},
	author = {{EDUCAUSE (Association)}},
	year = {2021},
	note = {OCLC: 1248936605},
}

@article{boyce2020,
	title = {Active {Learning} in {Computer}-based {College} {Algebra}},
	volume = {30},
	issn = {1051-1970, 1935-4053},
	url = {https://www.tandfonline.com/doi/full/10.1080/10511970.2019.1608487},
	doi = {10.1080/10511970.2019.1608487},
	language = {en},
	number = {4},
	urldate = {2022-01-31},
	journal = {PRIMUS},
	author = {Boyce, Steven and O’Halloran, Joyce},
	month = apr,
	year = {2020},
	pages = {458--474},
}

@article{cretchley2001,
	title = {{OBE}, {RPL} and adult education: good bedfellows in higher education in {South} {Africa}?},
	volume = {20},
	issn = {0260-1370, 1464-519X},
	shorttitle = {{OBE}, {RPL} and adult education},
	url = {http://www.tandfonline.com/doi/abs/10.1080/02601370110088463},
	doi = {10.1080/02601370110088463},
	language = {en},
	number = {6},
	urldate = {2022-01-31},
	journal = {International Journal of Lifelong Education},
	author = {Cretchley, Gail and Castle, Jane},
	month = nov,
	year = {2001},
	pages = {487--501},
}

@article{castillo2018,
	title = {Andragogía, andragogos y sus aportaciones},
	url = {https://hal.archives-ouvertes.fr/hal-02528598},
	urldate = {2022-01-31},
	journal = {Voces de la Educación},
	author = {Castillo Silva, Flavio de Jesús},
	month = aug,
	year = {2018},
}

@article{csapo2019,
	title = {Online {Diagnostic} {Assessment} in {Support} of {Personalized} {Teaching} and {Learning}: {The} {eDia} {System}},
	volume = {10},
	issn = {1664-1078},
	shorttitle = {Online {Diagnostic} {Assessment} in {Support} of {Personalized} {Teaching} and {Learning}},
	url = {https://www.frontiersin.org/article/10.3389/fpsyg.2019.01522},
	urldate = {2022-01-31},
	journal = {Frontiers in Psychology},
	author = {Csapó, Benő and Molnár, Gyöngyvér},
	year = {2019},
}

@article{dziuban2016,
	title = {Adaptive {Learning} in {Psychology}: {Wayfinding} in the {Digital} {Age}},
	volume = {20},
	issn = {1939-5256},
	shorttitle = {Adaptive {Learning} in {Psychology}},
	url = {https://eric.ed.gov/?id=EJ1113343},
	language = {en},
	number = {3},
	urldate = {2022-01-31},
	journal = {Online Learning},
	author = {Dziuban, Charles D. and Moskal, Patsy D. and Cassisi, Jeffrey and Fawcett, Alexis},
	month = sep,
	year = {2016},
	pages = {74--96},
}

@article{dziuban2017,
	title = {Adaptive {Learning}: {A} {Tale} of {Two} {Contexts}},
	volume = {4},
	issn = {2373-6089},
	shorttitle = {Adaptive {Learning}},
	url = {https://scholarworks.umb.edu/ciee/vol4/iss1/3},
	number = {1},
	journal = {Current Issues in Emerging eLearning},
	author = {Dziuban, Charles and Moskal, Patsy and Johnson, Constance and Evans, Duncan},
	month = mar,
	year = {2017},
}

@article{dziuban2018,
	title = {Adaptive {Learning}: {A} {Stabilizing} {Influence} across {Disciplines} and {Universities}},
	volume = {22},
	issn = {2472-5749},
	shorttitle = {Adaptive {Learning}},
	url = {https://eric.ed.gov/?id=EJ1191489},
	language = {en},
	number = {3},
	urldate = {2022-01-31},
	journal = {Online Learning},
	author = {Dziuban, Charles and Moskal, Patsy and Parker, Liza and Campbell, Maria and Howlin, Colm and Johnson, Connie},
	month = sep,
	year = {2018},
	pages = {7--39},
}

@incollection{feldman2017,
	edition = {1},
	title = {Bloom’s 2 {Sigma} {Problem} and {Data}-{Driven} {Approaches} for {Improving} {Student} {Success}},
	isbn = {9781316811764 9781107176287 9781316629383},
	url = {https://www.cambridge.org/core/product/identifier/9781316811764%23CN-bp-8/type/book_part},
	urldate = {2022-01-31},
	booktitle = {The {First} {Year} of {College}},
	publisher = {Cambridge University Press},
	author = {Essa, Alfred and Laster, Stephen},
	editor = {Feldman, Robert S.},
	month = dec,
	year = {2017},
	doi = {10.1017/9781316811764.009},
	pages = {212--246},
}

@article{inee2019,
	title = {La educación obligatoria en {México}},
	volume = {41},
	issn = {2448-6167, 0185-2698},
	url = {http://perfileseducativos.unam.mx:80/iisue_pe/index.php/perfiles/article/view/59386},
	doi = {10.22201/iisue.24486167e.2019.164.59386},
	number = {164},
	urldate = {2022-01-31},
	journal = {Perfiles Educativos},
	author = {{INEE}, (Instituto Nacional Para la Evaluación de la Educación)},
	month = apr,
	year = {2019},
	pages = {188--199},
}

@article{javidanmehr2017,
	title = {Cognitive {Diagnostic} {Assessment}: {Issues} and {Considerations}},
	volume = {7},
	issn = {2476-5880},
	shorttitle = {Cognitive {Diagnostic} {Assessment}},
	url = {https://www.ijlt.ir/article_114441.html},
	number = {2},
	urldate = {2022-01-31},
	journal = {International Journal of Language Testing},
	author = {Javidanmehr, Zahra and Anani Sarab, Mohammad Reza},
	month = oct,
	year = {2017},
	pages = {73--98},
}

@article{shafiee2019,
	title = {School Mindfulness: Conceptual review of 21st Century Teaching and Learning Practice},
	volume = {4},
	issn = {0128164X},
	url = {http://www.ijepc.com/PDF/IJEPC-2019-32-09-27.pdf},
	doi = {10.35631/IJEPC.4320027},
	number = {32},
	urldate = {2022-01-31},
	journal = {International Journal of Education, Psychology and Counseling},
	author = {Shafiee, Nur Syarima and Abdul Ghani, Mariny and Mahamood, Yahaya},
	month = sep,
	year = {2019},
	pages = {315--327},
}

@book{marzano2008,
	address = {Thousand Oaks},
	title = {Designing \& assessing educational objectives: applying the new taxonomy},
	isbn = {9781412940344 9781412940351},
	shorttitle = {Designing \& assessing educational objectives},
	publisher = {Corwin Press},
	author = {Marzano, Robert J. and Kendall, John S.},
	collaborator = {{American Association of School Administrators} and {National Association of Elementary School Principals (U.S.)} and {National Association of Secondary School Principals (U.S.)}},
	year = {2008},
}

@article{merriam2001,
	title = {Andragogy and {Self}-{Directed} {Learning}: {Pillars} of {Adult} {Learning} {Theory}},
	volume = {2001},
	issn = {10522891, 15360717},
	shorttitle = {Andragogy and {Self}-{Directed} {Learning}},
	url = {https://onlinelibrary.wiley.com/doi/10.1002/ace.3},
	doi = {10.1002/ace.3},
	number = {89},
	urldate = {2022-01-31},
	journal = {New Directions for Adult and Continuing Education},
	author = {Merriam, Sharan B.},
	year = {2001},
	pages = {3},
}

@article{mavroudi2018,
	title = {Supporting adaptive learning pathways through the use of learning analytics: developments, challenges and future opportunities},
	volume = {26},
	issn = {1049-4820},
	shorttitle = {Supporting adaptive learning pathways through the use of learning analytics},
	url = {https://doi.org/10.1080/10494820.2017.1292531},
	doi = {10.1080/10494820.2017.1292531},
	number = {2},
	urldate = {2022-01-31},
	journal = {Interactive Learning Environments},
	author = {Mavroudi, Anna and Giannakos, Michail and Krogstie, John},
	month = feb,
	year = {2018},
	pages = {206--220},
}

@article{morillo2016,
	title = {Aprendizaje adaptativo},
	url = {https://uvadoc.uva.es/handle/10324/21000},
	language = {spa},
	urldate = {2022-01-31},
	author = {Morillo Lozano, María del Carmen},
	year = {2016},
}

@article{murray2015,
	title = {Informing and {Performing}: {A} {Study} {ComparingAdaptive} {Learning} to {Traditional} {Learning}},
	volume = {18},
	shorttitle = {Informing and {Performing}},
	url = {https://digitalcommons.kennesaw.edu/facpubs/3436},
	journal = {Informing Science: The International Journal of an Emerging Transdicipline},
	author = {Murray, Meg and Perez, Jorge},
	month = jul,
	year = {2015},
	pages = {111--125},
}

@article{picciano2019,
	title = {Artificial {Intelligence} and the {Academy}'s {Loss} of {Purpose}},
	volume = {23},
	issn = {2472-5730, 2472-5749},
	url = {https://olj.onlinelearningconsortium.org/index.php/olj/article/view/2023},
	doi = {10.24059/olj.v23i3.2023},
	number = {3},
	urldate = {2022-01-31},
	journal = {Online Learning},
	author = {Picciano, Anthony},
	month = sep,
	year = {2019},
}

@article{sharma2019,
	title = {Building pipelines for educational data using {AI} and multimodal analytics: {A} “grey‐box” approach},
	volume = {50},
	issn = {0007-1013, 1467-8535},
	shorttitle = {Building pipelines for educational data using {AI} and multimodal analytics},
	url = {https://onlinelibrary.wiley.com/doi/10.1111/bjet.12854},
	doi = {10.1111/bjet.12854},
	language = {en},
	number = {6},
	urldate = {2022-01-31},
	journal = {British Journal of Educational Technology},
	author = {Sharma, Kshitij and Papamitsiou, Zacharoula and Giannakos, Michail},
	month = nov,
	year = {2019},
	pages = {3004--3031},
}

@article{lau2016,
	title = {‘{Formative} good, summative bad?’ – {A} review of the dichotomy in assessment literature},
	volume = {40},
	issn = {0309-877X, 1469-9486},
	shorttitle = {‘{Formative} good, summative bad?},
	url = {http://www.tandfonline.com/doi/full/10.1080/0309877X.2014.984600},
	doi = {10.1080/0309877X.2014.984600},
	language = {en},
	number = {4},
	urldate = {2022-01-31},
	journal = {Journal of Further and Higher Education},
	author = {Lau, Alice Man Sze},
	month = jul,
	year = {2016},
	pages = {509--525},
}

@article{tangeokshim2017,
	title = {Relationship between {Students}’ {Diagnostic} {Assessment} and {Achievement} in a {Pre}-{University} {Mathematics} {Course}},
	volume = {6},
	issn = {1927-5269, 1927-5250},
	url = {http://www.ccsenet.org/journal/index.php/jel/article/view/69209},
	doi = {10.5539/jel.v6n4p364},
	number = {4},
	urldate = {2022-01-31},
	journal = {Journal of Education and Learning},
	author = {Tan Geok Shim, George and Shakawi, Abang Mohammad Hudzaifah Abang and Azizan, Farah Liyana},
	month = nov,
	year = {2017},
	pages = {364},
}

@article{taras2005,
	title = {Assessment – summative and formative  –  some theoretical reflections},
	volume = {53},
	issn = {0007-1005, 1467-8527},
	url = {http://www.tandfonline.com/doi/abs/10.1111/j.1467-8527.2005.00307.x},
	doi = {10.1111/j.1467-8527.2005.00307.x},
	language = {en},
	number = {4},
	urldate = {2022-01-31},
	journal = {British Journal of Educational Studies},
	author = {Taras, Maddalena},
	month = dec,
	year = {2005},
	pages = {466--478},
}

@article{taras2008,
	title = {Summative and formative assessment: {Perceptions} and realities},
	volume = {9},
	issn = {1469-7874, 1741-2625},
	shorttitle = {Summative and formative assessment},
	url = {http://journals.sagepub.com/doi/10.1177/1469787408091655},
	doi = {10.1177/1469787408091655},
	language = {en},
	number = {2},
	urldate = {2022-01-31},
	journal = {Active Learning in Higher Education},
	author = {Taras, Maddalena},
	month = jul,
	year = {2008},
	pages = {172--192},
}

@misc{report2019,
	title = {2019 {Horizon} {Report}},
	url = {https://library.educause.edu/resources/2019/4/2019-horizon-report},
	language = {en},
	urldate = {2022-01-31},
}

@techreport{educause2021,
  author = {Kathe Pelletier and Malcolm Brown and D. Christopher Brooks and Mark McCormack and Jamie Reeves and Nichole Arbino and Aras Bozkurt and Steven Crawford and Laura Czerniewicz and Rob Gibson and Katie Linder and Jon Mason and Victoria Mondelli},
  title = {2021 {EDUCAUSE} Horizon Report, Teaching and Learning Edition},
  address = {Boulder, CO},
  year = {2021},
  institution = {{EDUCAUSE}},
  isbn = {978-1-933046-08-2},
}

@techreport{educause2019,
  author = {Bryan Alexander and Kevin Ashford-Rowe and Noreen Barajas-Murphy and Gregory Dobbin and Jessica Knott and Mark McCormack and Jeffery Pomerantz and Ryan Seilhamer and Nicole Weber},
  title = {{EDUCAUSE} Horizon Report: 2019 Higher Education Edition},
  address = {Louisville, CO},
  year = {2019},
  institution = {{EDUCAUSE}},
  isbn = {978-1-933046-02-0},
}

@misc{anderson2019,
	title = {Busting the {Top} 5 {Myths} about {Adaptive} {Learning}},
	url = {http://blog.realizeitlearning.com/blog/top-5-myths-about-adaptive-learning},
	urldate = {2022-02-02},
	journal = {Realizeit},
	author = {Jeremy Anderson},
	year = {2019},
}

@phdthesis{domenech2015,
  author = {Iluminada Sánchez Domenech},
  title = {La andragogía de Malcom Knowles: Teoría y tecnología de la
educación de adultos},
  school = {Universidad Cardenal Herrera},
  year = {2015},
}

@mastersthesis{virgili2018,
  author = {María Eulàlia Torras Virgili},
  title     = {Fundamentos y práctica del aprendizaje adaptativo},
  school = {Universidad Internacional de Valencia},
  year      = {2018},
  address   = {Catalunya},
}

@book{gonzalez2014,
    edition = {Primera edición},
    title = {Fundamentos de investigación educativa. {Volumen} 1},
    language = {Espanhol},
    publisher = {Editorial Digital del Tecnológico de Monterrey},
    author = {González, Jaime Ricardo Valenzuela and Fahara, Manuel Flores},
    month = nov,
    year = {2014},
}


@techreport{partners2013,
  author = {Adam Newman},
  title = {Learning to Adapt: A Case for Accelerating Adaptive Learning in Higher Education},
  institution = {Tyton Partners},
  year = {2013},
  url = {https://tytonpartners.com/accelerating-adaptive-learning-in-higher-education/}
}

@techreport{moskal2017,
  author = {Patsy Moskal and Don Carter and Dale Johnson},
  title = {7 Things You Should Know About Adaptive Learning},
  institution = {{EDUCAUSE}},
  year = {2017},
  url = {https://library.educause.edu/resources/2017/1/7-things-you-should-know-about-adaptive-learning}
}


@incollection{scriven1967,
  address = {Chicago},
  author = {Scriven, Michael},
  booktitle = {Perspectives of Curriculum Evaluation, AERA Monograph Series on Curriculum Evaluation},
  editor = {Tyler, R. and Gagn{\'e}, R. and Scriven, M.},
  pages = {39--83},
  publisher = {Rand McNally},
  title = {The Methodology of Evaluation},
  volume = {1},
  year = 1967
}

@article{sadler1989,
  year = {1989},
  month = jun,
  publisher = {Springer Science and Business Media {LLC}},
  volume = {18},
  number = {2},
  pages = {119--144},
  author = {D. Royce Sadler},
  title = {Formative assessment and the design of instructional systems},
  journal = {Instructional Science}
}

@article{castro1990,
  author = {Manuel Castro Pereira},
  title = {La Conformación de un Modelo de Desarrollo Curricular con Base en los Principios de la Ciencia Andragógica},
  journal = {Ponencia},
  address = {Caracas, Venezuela},
  year = {1990}
}

@book{knowles2006,
  author = {Knowles, Malcolm S.},
  title = {Andragogia - El Aprendizaje de Los Adultos},
  publisher = {Oxford University Press},
  address = {México},
  year = {2006}
}


@book{knowles1980,
	address = {Chicago},
	title = {The modern practice of adult education: from pedagogy to andragogy},
	publisher = {Association Press; Follett Pub. Co},
	author = {Knowles, Malcolm S.},
	year = {1980},
}

@book{brown2020,
  title = {2020 EDUCAUSE Horizon Report : Teaching and Learning Edition},
  author = {Malcolm Brown and Mark McCormack and Jamie Reeves and D. Christopher Brooks and and Susan Grajek and Bryan and Alexander and Maha Bali and Stephanie Bulger and Shawna Dark and Nicole Engelbert and Kevin Gannon and Adrienne Gauthier and David Gibson and Rob Gibson and Brigitte Lundin and George Veletsianos and Nicole Weber},
  isbn = {9781933046037},
  url = {https://library.educause.edu/-/media/files/library/2020/3/2020_horizon_report_pdf.pdf},
  author = {{EDUCAUSE (Association)}},
  year = {2020},
  address = {Louisville, CO USA},
}



@techreport{edutrends2014,
  author = {{Edu Trends}},
  title = {Aprendizaje y evaluación Adaptativos},
  institution = {OBSERVATORIO de Innovación Educativa del Tecnológico de Monterrey},
  month = {jul},
  year = {2014},
}