@online{association,
	title = {Definição de {Open} {Source} {Hardware} ({OSHW}) 1.0},
	url = {https://www.oshwa.org/definition/portuguese/},
	urldate = {2020-01-29},
	journal = {Open Source Hardware Association},
	author = {{Open Source Hardware Association}},
	year = {2021}
}
@phdthesis{cesar2013,
	address = {Salvador},
	type = { {Tese} ({Doutorado}) - {Curso} de {Programa} de {Pós}-graduação em {Difusão} do {Conhecimento}},
	title = {Robótica pedagógica livre: uma alternativa metodológica para a emancipação sociodigital e a democratização do conhecimento},
	school = {Laboratório Nacional de Computação Científica – Lncc/mct, Universidade Federal da Bahia},
	author = {César, Danilo Rodrigues},
	year = {2013},
}
@article{ferreira2010,
	title = {Contribuições de {Henri} {Wallon} à relação cognição e afetividade na educação},
	url = {http://www.scielo.br/j/er/a/9jbsbrcX4GygcRr3BDF98GL/?lang=pt},
	doi = {10.1590/S0104-40602010000100003},
	number = {36},
	urldate = {2021-08-16},
	journal = {Educar em Revista},
	author = {Ferreira, Aurino Lima and Acioly-Régnier, Nadja Maria},
	year = {2010},
	pages = {21-38},
}
@online{foundation2019,
	title = {O que é o software livre?},
	url = {http://www.gnu.org/philosophy/free-sw.html},
	urldate = {2020-05-15},
	journal = {O Sistema Operacional GNU},
	author = {{Free Software Foundation}},
	year = {2019},
}
@online{foundation,
	title = {Visão {Geral} do {Sistema} {GNU}},
	url = {https://www.gnu.org/gnu/gnu-history.pt-br.html},
	urldate = {2021-01-29},
	journal = {O Sistema Operacional GNU},
	author = {{Free Software Foundation}},
	year = {2021}
}
@article{fredricks2004,
	title = {School {Engagement}: {Potential} of the {Concept}, {State} of the {Evidence}},
	volume = {74},
	url = {http://journals.sagepub.com/doi/10.3102/00346543074001059},
	doi = {10.3102/00346543074001059},
	number = {1},
	urldate = {2020-11-30},
	journal = {Review of Educational Research},
	author = {Fredricks, Jennifer A and Blumenfeld, Phyllis C and Paris, Alison H},
	month = mar,
	year = {2004},
	pages = {59-109},
}
@article{larrosa2002,
	title = {Notas sobre a experiência e o saber de experiência},
	volume = {19},
	url = {http://www.scielo.br/scielo.php?script=sci_arttext&pid=S1413-24782002000100003&lng=pt&tlng=pt},
	doi = {10.1590/S1413-24782002000100003},
	urldate = {2021-08-16},
	journal = {Revista Brasileira de Educação},
	author = {Larrosa, Jorge},
	month = apr,
	year = {2002},
	pages = {20-28},
}
@article{moreira2006,
	series = {Série-{Estudos}},
	title = {Aprendizagem significativa subversiva},
	volume = {21},
	url = {https://www.serie-estudos.ucdb.br/serie-estudos/article/view/289},
	doi = {10.20435/serie-estudos.v0i21.289},
	number = {1},
	urldate = {2020-11-30},
	journal = {Periódico do Programa de Pós-Graduação em Educação da UCDB},
	author = {Moreira, Marco Antonio},
	year = {2006},
	pages = {15-32},
}
@book{papert1980,
	address = {New York},
	title = {Mindstorms: children, computers, and powerful ideas},
	publisher = {Basic Books},
	author = {Papert, Seymour},
	year = {1980},
}
@book{papert2008,
	address = {Porto Alegre, RS},
	title = {A máquina das crianças: repensando a escola na era da informática},
	publisher = {Artmed},
	author = {Papert, Seymour},
	translator = {Costa, Sandra},
	year = {2008},
}
@book{resnick2020,
	address = {Porto Alegre},
	edition = {1ª edição},
	title = {Jardim de {Infância} para a {Vida} {Toda}: {Por} uma {Aprendizagem} {Criativa}, {Mão} na {Massa} e {Relevante} para {Todos}},
	publisher = {Penso},
	author = {Resnick, Mitchel},
	translator = {Cruz, Mariana Casetto and Sobral, Lívia Rulli},
	year = {2020},
}
@book{stallman2002,
	address = {Boston},
	title = {Free software free society: selected essays of {Richard} {M}. {Stallman}},
	url = {https://www.gnu.org/philosophy/fsfs/rms-essays.pdf},
	urldate = {2020-01-02},
	publisher = {Gnu Press},
	author = {Stallman, Richard},
	year = {2002},
}
%YIN, Robert. K.. Estudo de Caso: planejamento e métodos. 5. ed. Porto Alegre: Bookman, 2015.
@book{yin2015,
	title = {Estudo de Caso: planejamento e métodos},
	publisher = {Bookman},
	address = {Porto Alegre},
	author = {Yin, Robert K.},
	edition = {5ª edição},
	year = {2015},
}