@article{acostasilva_tras_2017,
	title = {Tras las competencias de los nativos digitales: avances de una metasíntesis},
	issn = {2027-7679, 1692-715X},
	shorttitle = {Tras las competencias de los nativos digitales},
	url = {https://revistaumanizales.cinde.org.co/rlcsnj/index.php/Revista-Latinoamericana/article/view/2977},
	doi = {10.11600/1692715x.1513014062016},
	journal = {Revista Latinoamericana de Ciencias Sociales, Niñez y Juventud},
	author = {Acosta–Silva, David Arturo},
	month = feb,
	year = {2017},
	pages = {471--489},
}

@article{araujo-vila_digital_2020,
	title = {Digital {Competence} in {Spanish} {University} {Education} and {Its} {Use} by {Students}},
	volume = {8},
	issn = {2304-6775},
	url = {https://www.mdpi.com/2304-6775/8/4/47},
	doi = {10.3390/publications8040047},
	number = {4},
	journal = {Publications},
	author = {Araújo-Vila, Noelia and Cardoso, Lucília and Toubes, Diego R. and Fraiz-Brea, Jose Antonio},
	month = nov,
	year = {2020},
	pages = {47},
}

@article{bernabeu_brotons_adicciones_2020,
	title = {Adicciones a internet y funciones ejecutivas en estudiantes universitarios: una revisión sistemática},
	volume = {18},
	issn = {1696-2095},
	url = {http://ojs.ual.es/ojs/index.php/EJREP/article/view/3346},
	doi = {10.25115/ejrep.v18i52.3346},
	number = {52},
	journal = {Electronic Journal of Research in Education Psychology},
	author = {Bernabéu Brotóns, Elena and Marchena Giráldez, Carlos Alberto and González Pizzio, Adriana and Lubrini, Genny},
	month = dec,
	year = {2020},
	pages = {613--642},
}

@book{boyd_its_2014,
	address = {New Haven},
	title = {It's complicated: the social lives of networked teens},
	isbn = {9780300166316},
	publisher = {Yale University Press},
	author = {Boyd, Danah},
	year = {2014},
}

@article{cabero-almenara_marco_2020,
	title = {Marco {Europeo} de {Competencia} {Digital} {Docente} «{DigCompEdu}». {Traducción} y adaptación del cuestionario «{DigCompEdu} {Check}-{In}»},
	volume = {9},
	issn = {2254-0059},
	url = {https://www.uco.es/ucopress/ojs/index.php/edmetic/article/view/12462},
	doi = {10.21071/edmetic.v9i1.12462},
	number = {1},
	journal = {EDMETIC},
	author = {Cabero-Almenara, Julio and Palacios-Rodríguez, Antonio},
	month = jan,
	year = {2020},
	pages = {213--234},
}

@article{cabero-almenara_development_2020,
	title = {Development of the {Teacher} {Digital} {Competence} {Validation} of {DigCompEdu} {Check}-{In} {Questionnaire} in the {University} {Context} of {Andalusia} ({Spain})},
	volume = {12},
	issn = {2071-1050},
	url = {https://www.mdpi.com/2071-1050/12/15/6094},
	doi = {10.3390/su12156094},
	number = {15},
	urldate = {2023-01-19},
	journal = {Sustainability},
	author = {Cabero-Almenara, Julio and Gutiérrez-Castillo, Juan-Jesús and Palacios-Rodríguez, Antonio and Barroso-Osuna, Julio},
	month = jul,
	year = {2020},
	pages = {6094},
}

@article{cabero-almenara_evaluation_2020,
	title = {Evaluation of {Teacher} {Digital} {Competence} {Frameworks} {Through} {Expert} {Judgement}: the {Use} of the {Expert} {Competence} {Coefficient}},
	volume = {9},
	issn = {2254-7339},
	url = {https://naerjournal.ua.es/article/view/v9n2-9},
	doi = {10.7821/naer.2020.7.578},
	number = {2},
	urldate = {2023-01-19},
	journal = {Journal of New Approaches in Educational Research},
	author = {Cabero-Almenara, Julio and Romero-Tena, Rosalía and Palacios-Rodríguez, Antonio},
	month = jul,
	year = {2020},
	pages = {275},
}

@book{carretero_digcomp_2017,
	address = {Luxembourg},
	title = {{DigComp} 2.1 the digital competence framework for citizens with eight proficiency levels and examples of use},
	isbn = {9789279680069},
	publisher = {Publications Office},
	author = {Carretero, Stephanie and Vuorikari, Riina and Punie, Yves},
	year = {2017},
}

@article{casillas_martin_profesorado_2020,
	title = {El {Profesorado} {Universitario} en la {Sociedad} del {Conocimiento}: manejo y actitud hacia las {TIC}},
	volume = {72},
	issn = {2340-6577, 0210-5934},
	url = {https://recyt.fecyt.es/index.php/BORDON/article/view/76746},
	doi = {10.13042/Bordon.2020.76746},
	number = {3},
	journal = {Bordón. Revista de Pedagogía},
	author = {Casillas Martín, Sonia and Cabezas González, Marcos and Ibarra Saiz, María Soledad and Rodríguez Gómez, Gregorio},
	month = oct,
	year = {2020},
	pages = {45--63},
}

@article{casillas-martin_modelos_2021,
	title = {Modelos de mediación sociofamiliares en el desarrollo de la competencia digital},
	volume = {23},
	issn = {1607-4041},
	url = {https://redie.uabc.mx/index.php/redie/article/view/3839},
	doi = {10.24320/redie.2021.23.e26.3839},
	journal = {Revista Electrónica de Investigación Educativa},
	author = {Casillas-Martín, Sonia and Cabezas-González, Marcos and García-Valcárcel Muñoz-Repiso, Ana and Basilotta-Gómez-Pablos, Verónica},
	month = dec,
	year = {2021},
}

@article{castellanos_sanchez_nuevos_2017,
	title = {Nuevos modelos tecnopedagógicos. {Competencia} digital de los alumnos universitarios},
	volume = {19},
	issn = {1607-4041},
	url = {http://redie.uabc.mx/redie/article/view/1148},
	doi = {10.24320/redie.2017.19.1.1148},
	number = {1},
	urldate = {2023-01-19},
	journal = {Revista Electrónica de Investigación Educativa},
	author = {Castellanos Sánchez, Almudena and Sánchez Romero, Cristina and Calderero Hernández, José Fernando},
	month = jan,
	year = {2017},
	pages = {1},
}

@article{cebrian-robles_conocimiento_2020,
	title = {Conocimiento de los estudiantes universitarios sobre herramientas antiplagio y medidas preventivas},
	issn = {11338482, 21717966},
	url = {https://institucional.us.es/revistas/PixelBit/57/Conocimiento_de_los_estudiantes_universitarios.pdf},
	doi = {10.12795/pixelbit.2020.i57.05},
	number = {57},
	journal = {Pixel-Bit, Revista de Medios y Educación},
	author = {Cebrián-Robles, Violeta and Raposo-Rivas, Manuela and Ruiz-Rey, Francisco José},
	year = {2020},
	pages = {129--149},
}

@article{dabbagh_student_2019,
	title = {Student {Perspectives} of {Technology} use for {Learning} in {Higher} {Education}},
	volume = {22},
	issn = {1390-3306, 1138-2783},
	url = {http://revistas.uned.es/index.php/ried/article/view/22102},
	doi = {10.5944/ried.22.1.22102},
	number = {1},
	journal = {RIED. Revista Iberoamericana de Educación a Distancia},
	author = {Dabbagh, Nada and Fake, Helen and Zhang, Zhicheng},
	month = jan,
	year = {2019},
	pages = {127},
}

@book{desmurget_fabrica_2020,
	address = {Madrid},
	edition = {3ª ed},
	title = {La fábrica de cretinos digitales: los peligros de las pantallas para nuestros hijos},
	isbn = {9788499429335},
	publisher = {Península},
	author = {Desmurget, Michel and Cortés, Lara},
	year = {2020},
}

@book{fernandez_enguita_larga_2017,
	address = {Barcelona},
	title = {La larga y compleja marcha del clip al clic: escuela y profesorado ante el nuevo entorno digital},
	isbn = {9788408170068},
 publisher = {Ariel},
	author = {Fernández Enguita, Mariano and Vázquez Cupeiro, Susana},
	year = {2017},
}

@article{fernandez-de-alava_use_2017,
	title = {Use of {ICTs} at work: an intergenerational analysis in {Spain} / {Uso} de las {TIC} en el puesto de trabajo: un análisis intergeneracional en {España}},
	volume = {29},
	issn = {1135-6405, 1578-4118},
	shorttitle = {Use of {ICTs} at work},
	url = {https://www.tandfonline.com/doi/full/10.1080/11356405.2016.1274144},
	doi = {10.1080/11356405.2016.1274144},
	number = {1},
	urldate = {2023-01-19},
	journal = {Cultura y Educación},
	author = {Fernández-de-Álava, Miren and Quesada-Pallarès, Carla and García-Carmona, Marina},
	month = jan,
	year = {2017},
	pages = {120--150},
}

@article{gallardo-echenique_lets_2015,
	title = {Let’s talk about digital learners in the digital era},
	volume = {16},
	issn = {1492-3831},
	url = {http://www.irrodl.org/index.php/irrodl/article/view/2196},
	doi = {10.19173/irrodl.v16i3.2196},
	number = {3},
	journal = {The International Review of Research in Open and Distributed Learning},
	author = {Gallardo-Echenique, Eliana Esther and Marqués-Molías, Luis and Bullen, Mark and Strijbos, Jan-Willem},
	month = jun,
	year = {2015},
}

@article{garcia_aretio_covid-19_2020,
	title = {{COVID}-19 y educación a distancia digital: preconfinamiento, confinamiento y posconfinamiento},
	volume = {24},
	issn = {1390-3306, 1138-2783},
	shorttitle = {{COVID}-19 y educación a distancia digital},
	url = {http://revistas.uned.es/index.php/ried/article/view/28080},
	doi = {10.5944/ried.24.1.28080},
	number = {1},
	urldate = {2023-01-19},
	journal = {RIED. Revista Iberoamericana de Educación a Distancia},
	author = {García Aretio, Lorenzo},
	month = sep,
	year = {2020},
	pages = {09},
}

@article{garcia-ruiz_alfabetizacion_2020,
	title = {Alfabetización mediática en {Educación} {Primaria}. {Perspectiva} internacional del nivel de competencia mediática},
	issn = {11338482, 21717966},
	url = {https://institucional.us.es/revistas/PixelBit/2020/74535.pdf},
	doi = {10.12795/pixelbit.74535},
	number = {58},
	urldate = {2023-01-19},
	journal = {Pixel-Bit, Revista de Medios y Educación},
	author = {García-Ruiz, Rosa and Pinto da Mota Matos, Armanda and Arenas-Fernández, Arturo and Ugalde, Cecilia},
	year = {2020},
	pages = {217--236},
}

@book{gazzaley_distracted_2016,
	address = {Cambridge, MA},
	title = {The distracted mind: ancient brains in a high-tech world},
	isbn = {9780262034944},
	publisher = {MIT Press},
	author = {Gazzaley, Adam and Rosen, Larry D.},
	year = {2016},
}

@article{gonzalez-cortes_semana_2020,
	title = {Una semana sin smartphone: usos, abuso y dependencia del teléfono móvil en jóvenes},
	volume = {72},
	issn = {2340-6577, 0210-5934},
	url = {https://recyt.fecyt.es/index.php/BORDON/article/view/79296},
	doi = {10.13042/Bordon.2020.79296},
	number = {3},
	journal = {Bordón. Revista de Pedagogía},
	author = {González-Cortés, Eugenia and Córdoba-Cabús, Alba and Gómez, Marisol},
	month = oct,
	year = {2020},
}

@article{granado_palma_educacion_2019,
	title = {Educación y exclusión digital: los falsos nativos digitales},
	issn = {23413255},
	url = {https://revistas.uca.es/index.php/ReSed/article/view/4404/5518},
	doi = {10.25267/Rev_estud_socioeducativos.2019.i7.02},
	number = {7},
	journal = {Revista de estudios socioeducativos : RESED},
	author = {Granado Palma, Manuel},
	year = {2019},
	pages = {27--41},
}

@article{gallardo-echenique_lets_2015-1,
	title = {Let’s talk about digital learners in the digital era},
	volume = {16},
	url = {http://www.irrodl.org/index.php/irrodl/article/view/2196},
	doi = {10.19173/irrodl.v16i3.2196},
	number = {3},
	urldate = {2023-01-19},
	journal = {The International Review of Research in Open and Distributed Learning},
	author = {Gallardo-Echenique, Eliana Esther and Marqués-Molías, Luis and Bullen, Mark and Strijbos, Jan-Willem},
	month = jun,
	year = {2015},
}

@book{international2014,
	address = {New York, NY},
	title = {Preparing for life in a digital age: the IEA International Computer and Information Literacy Study International report},
	isbn = {9783319142210},
	publisher = {Springer Berlin Heidelberg},
	author = {{International Computer and Information Literacy Study (ICILS)}},
	year = {2014},
}

@article{jimenez-hernandez_digital_2020,
	title = {Digital {Competence} of {Future} {Secondary} {School} {Teachers}: {Differences} {According} to {Gender}, {Age}, and {Branch} of {Knowledge}},
	volume = {12},
	url = {https://www.mdpi.com/2071-1050/12/22/9473},
	doi = {10.3390/su12229473},
	number = {22},
	urldate = {2023-01-19},
	journal = {Sustainability},
	author = {Jiménez-Hernández, David and González-Calatayud, Víctor and Torres-Soto, Ana and Martínez Mayoral, Asunción and Morales, Javier},
	month = nov,
	year = {2020},
	pages = {9473},
}

@article{kirschner_myths_2017,
	title = {The myths of the digital native and the multitasker},
	volume = {67},
	issn = {0742051X},
	url = {https://linkinghub.elsevier.com/retrieve/pii/S0742051X16306692},
	doi = {10.1016/j.tate.2017.06.001},
	journal = {Teaching and Teacher Education},
	author = {Kirschner, Paul A. and De Bruyckere, Pedro},
	month = oct,
	year = {2017},
	pages = {135--142},
}

@book{kutscher_ninos_2018,
	address = {Bilbao [Spain]},
	title = {Niños conectados: cómo conseguir equilibrar el tiempo que pasan ante las pantallas y por qué esto es importante},
	isbn = {9788427142312},
	shorttitle = {Niños conectados},
	publisher = {Mensajero},
	author = {Kutscher, Martin L.},
	translator = {Pérez Escobar, José},
	year = {2018},
}

@article{lai_technology_2015,
	title = {Technology use and learning characteristics of students in higher education: {Do} generational differences exist?: {Technology} use and learning characteristics of students},
	volume = {46},
	issn = {00071013},
	url = {https://onlinelibrary.wiley.com/doi/10.1111/bjet.12161},
	doi = {10.1111/bjet.12161},
	number = {4},
	journal = {British Journal of Educational Technology},
	author = {Lai, Kwok-Wing and Hong, Kian-Sam},
	month = jul,
	year = {2015},
	pages = {725--738},
}

@article{lim_preservice_2020,
	title = {Preservice teachers’ {Web} 2.0 experiences and perceptions on {Web} 2.0 as a personal learning environment},
	volume = {32},
	url = {http://link.springer.com/10.1007/s12528-019-09227-w},
	doi = {10.1007/s12528-019-09227-w},
	number = {2},
	urldate = {2023-01-19},
	journal = {Journal of Computing in Higher Education},
	author = {Lim, Jieun and Newby, Timothy J.},
	month = aug,
	year = {2020},
	pages = {234--260},
}

@article{lopez_belmonte_alisis_2019,
	title = {Análisis del {Liderazgo} {Electrónico} y la {Competencia} {Digital} del {Profesorado} de {Cooperativas} {Educativas} de {Andalucía} ({España})},
	volume = {9},
	issn = {2014-2862},
	url = {http://hipatiapress.com/hpjournals/index.php/remie/article/view/4149},
	doi = {10.17583/remie.2019.4149},
	number = {2},
	urldate = {2023-01-19},
	journal = {Multidisciplinary Journal of Educational Research},
	author = {López Belmonte, Jesús and Pozo Sánchez, Santiago and Fuentes Cabrera, Arturo and Romero Rodríguez, José María},
	month = jun,
	year = {2019},
	pages = {194},
}

@article{mercader_resistencias_2019,
	title = {Las resistencias del profesorado universitario a la utilización de las tecnologías digitales},
	volume = {48},
	url = {https://www.unioviedo.es/reunido/index.php/AA/article/view/13178},
	doi = {10.17811/rifie.48.2.2019.167-174},
	number = {2},
	journal = {Aula Abierta},
	author = {Mercader, Cristina},
	month = may,
	year = {2019},
	pages = {167},
}

@book{mora_mitos_2018,
	address = {Barcelona},
	title = {Mitos y verdades del cerebro: limpiar el mundo de falsedades y otras historias},
	isbn = {9788449335198},
	publisher = {Paidós},
	author = {Mora, Francisco},
	year = {2018},
}

@article{moreno-guerrero_competencia_2020,
	title = {Competencia digital de la inspección educativa en el tratamiento del {Big} {Data}},
	volume = {31},
	issn = {0718-0764},
	url = {http://www.scielo.cl/scielo.php?script=sci_arttext&pid=S0718-07642020000300185&lng=en&nrm=iso&tlng=en},
	doi = {10.4067/S0718-07642020000300185},
	number = {3},
	urldate = {2023-01-19},
	journal = {Información tecnológica},
	author = {Moreno-Guerrero, Antonio J. and López-Belmonte, Jesús and Rodríguez-Jiménez, Carmen and Ramos, Magdalena},
	month = jun,
	year = {2020},
	pages = {185--198},
}

@book{oppenheimer_s?lvese_2018,
	address = {S.I.},
	title = {¡{S}?lvese quien pueda!},
	isbn = {9786073172196},
	publisher = {Penguin Random House Grupo Editorial M?xico},
	author = {Oppenheimer, Andr?s.},
	year = {2018},
}

@article{orosco_fabian_adolescentes_2020,
	title = {Adolescentes frente a los riesgos en el uso de las {TIC}},
	volume = {22},
	issn = {1607-4041},
	url = {https://redie.uabc.mx/redie/article/view/2298},
	doi = {10.24320/redie.2020.22.e17.2298},
	number = {1},
	urldate = {2023-01-19},
	journal = {Revista Electrónica de Investigación Educativa},
	author = {Orosco Fabian, Jhon Richard and Pomasunco Huaytalla, Rocío},
	month = jun,
	year = {2020},
	pages = {1},
}

@article{owens_influence_2017,
	title = {The influence of academic discipline, race, and gender on web-use skills among graduate-level students},
	volume = {29},
	issn = {1042-1726, 1867-1233},
	url = {http://link.springer.com/10.1007/s12528-017-9137-1},
	doi = {10.1007/s12528-017-9137-1},
	number = {2},
	urldate = {2023-01-19},
	journal = {Journal of Computing in Higher Education},
	author = {Owens, Jennifer and Lilly, Flavius},
	month = aug,
	year = {2017},
	pages = {286--308},
}

@article{parkes_student_2015,
	title = {Student preparedness for university e-learning environments},
	volume = {25},
	issn = {10967516},
	url = {https://linkinghub.elsevier.com/retrieve/pii/S1096751614000724},
	doi = {10.1016/j.iheduc.2014.10.002},
	urldate = {2023-01-19},
	journal = {The Internet and Higher Education},
	author = {Parkes, Mitchell and Stein, Sarah and Reading, Christine},
	month = apr,
	year = {2015},
	pages = {1--10},
}

@article{perez-escoda_competencia_2021,
	title = {Competencia digital docente para la reducción de la brecha digital: {Estudio} comparativo de {España} y {Costa} {Rica}},
	issn = {2340-5007, 1138-3305},
	url = {http://www.tripodos.com/index.php/Facultat_Comunicacio_Blanquerna/article/view/790},
	doi = {10.51698/tripodos.2020.46p77-96},
	number = {46},
	urldate = {2023-01-19},
	journal = {Tripodos},
	author = {Pérez-Escoda, Ana and Iglesias-Rodríguez, Ana and Meléndez-Rodríguez, Lady and Berrocal-Carvajal, Viviana},
	month = feb,
	year = {2021},
	pages = {77--96},
}

@article{prendes_personal_2017,
	title = {Personal {Learning} {Environments} in {Future} {Professionals}: {Nor} {Natives} or {Residents}, {Just} {Survivors}},
	volume = {7},
	url = {http://www.ijiet.org/show-85-976-1.html},
	doi = {10.18178/ijiet.2017.7.3.861},
	number = {3},
	journal = {International Journal of Information and Education Technology},
	author = {Prendes, Paz and Castañeda, Linda and Gutiérrez, Isabel and Sánchez, M. Mar},
	year = {2017},
	pages = {172--178},
}

@book{prensky_ensenar_2011,
	address = {[Place of publication not identified},
	title = {Enseñar a nativos digitales},
	isbn = {9788467553208},
	publisher = {publisher not identified]},
	author = {Prensky, Marc},
	year = {2011},
}

@article{romero-rodriguez_media_2019,
	title = {Media competencies of university professors and students. {Comparison} of levels in {Spain}, {Portugal}, {Brazil} and {Venezuela} / {Las} competencias mediáticas de profesores y estudiantes universitarios. {Comparación} de niveles en {España}, {Portugal}, {Brasil} y {Venezuela}},
	volume = {31},
	issn = {1135-6405, 1578-4118},
	url = {https://www.tandfonline.com/doi/full/10.1080/11356405.2019.1597564},
	doi = {10.1080/11356405.2019.1597564},
	number = {2},
	urldate = {2023-01-19},
	journal = {Cultura y Educación},
	author = {Romero-Rodríguez, Luis M. and Contreras-Pulido, Paloma and Pérez-Rodríguez, M. Amor},
	month = apr,
	year = {2019},
	pages = {326--368},
}

@article{romero-tena_challenge_2020,
	title = {The {Challenge} of {Initial} {Training} for {Early} {Childhood} {Teachers}. {A} {Cross} {Sectional} {Study} of {Their} {Digital} {Competences}},
	volume = {12},
	issn = {2071-1050},
	url = {https://www.mdpi.com/2071-1050/12/11/4782},
	doi = {10.3390/su12114782},
	number = {11},
	urldate = {2023-01-19},
	journal = {Sustainability},
	author = {Romero-Tena, Rosalía and Barragán-Sánchez, Raquel and Llorente-Cejudo, Carmen and Palacios-Rodríguez, Antonio},
	month = jun,
	year = {2020},
	pages = {4782},
}

@article{ruiz-palmero_estudio_2021,
	title = {Estudio del uso y consumo de dispositivos móviles en universitarios},
	issn = {2013-9144},
	url = {https://revistes.ub.edu/index.php/der/article/view/33083},
	doi = {10.1344/der.2021.39.89-104},
	number = {39},
	urldate = {2023-01-19},
	journal = {Digital Education Review},
	author = {Ruiz-Palmero, Julio and Colomo-Magaña, Ernesto and Sánchez-Rivas, Enrique and Linde-Valenzuela, Teresa},
	month = jul,
	year = {2021},
	pages = {89--104},
}

@book{tapscott_grown_2009,
	address = {New York},
	title = {Grown up digital: how the net generation is changing your world},
	isbn = {9780071508636},
	publisher = {McGraw-Hill},
	author = {Tapscott, Don},
	year = {2009},
	keywords = {Technology and youth, Generation Y, Computers and civilization, Computer networks},
}

@book{underwood_learning_2015,
	address = {Malden, MA},
	edition = {Second edition},
	title = {Learning and the e-generation},
	isbn = {9781118897560 9781118897577},
	publisher = {Wiley Blackwell},
	author = {Underwood, Jean D. M. and Farrington-Flint, Lee},
	year = {2015},
}

@article{valencia_ortiz_use_2019,
	title = {Use and abuse of social media by adolescents: a study in {Mexico}},
	issn = {11338482, 21717966},
	url = {https://recyt.fecyt.es/index.php/pixel/article/view/67221/42096},
	doi = {10.12795/pixelbit.2019.i54.01},
	number = {54},
	urldate = {2023-01-19},
	journal = {Pixel-Bit, Revista de Medios y Educación},
	author = {Valencia Ortiz, Rubicelia and Castaño Garrido, Carlos},
	year = {2019},
	pages = {7--28},
}

@article{vila-Couñago_2020,
	title = {La competencia digital de los preadolescentes gallegos/as antes de la pandemia: ¿y ahora qué?},
	volume = {19},
	issn = {1695288X},
	url = {https://relatec.unex.es/article/view/3890},
	doi = {10.17398/1695-288X.19.2.9},
	number = {2},
	urldate = {2023-01-19},
	journal = {RELATEC Revista Latinoamericana de Tecnología Educativa},
	author = {Vila-Couñago, Esther and Rodríguez-Groba, Ana and Martínez-Piñeiro, Esther},
	year = {2020},
	pages = {9--27},
}

@book{vuorikari_digcomp_2022,
	address = {Luxembourg},
	title = {{DigComp} 2.2, {The} {Digital} {Competence} framework for citizens: with new examples of knowledge, skills and attitudes},
	publisher = {Publications Office of the European Union},
	author = {Vuorikari, Riina and Kluzer, Stefano and Punie, Yves},
	year = {2022},
}

@article{snoussi2020distance,
  title={Distance E-learning (DEL) and communication studies during covid-19 Pandemic},
  author={Snoussi, Thouraya and Radwan, Ahmed Farouk},
  journal={Utopía y praxis latinoamericana: revista internacional de filosofía iberoamericana y teoría social},
  number={10},
  pages={253--270},
  year={2020},
  publisher={Universidad del Zulia},
}

@article{serrano2017diferencias,
  title={Diferencias entre expectativas y logros en las competencias del Prácticum del Máster de Formación del Profesorado de Enseñanza Secundaria},
  author={Serrano Rodríguez, Rocío and Pontes Pedrajas, Alfonso},
  year={2017},
}

@article{romero2019barreras,
  title={Barreras en la percepción del maestro sobre el uso de la tecnología para la evaluación en la educación superior},
  author={Romero, R and Riquelme, I and Halal, C},
  journal={Digital Education Review},
  volume={35},
  pages={170--185},
  year={2019},
}

@article{rolando2019experiencias,
  title={Experiencias expresadas por profesores universitarios sobre la competencia digital docente: un estudio de caso},
  author={Rolando, Jesús and Angulo, Juan and Torres, Cristina and Barreras, Raquel},
  journal={Investigaciones sobre ambientes educativos mediados por tecnología, Ciudad de México, Clave Editorial},
  year={2019},
}

@article{recio2020analisis,
  title={Análisis de la Competencia Digital en la Formación Inicial de estudiantes universitarios: Un estudio de meta-análisis en la Web of Science},
  author={Recio Muñoz, Francisco and Silva Quiroz, Juan and Abricot Marchant, Nicole and others},
  journal={Píxel-Bit},
  year={2020},
}

@article{prendes2019university,
  title={How university students use technologies to learn: a survey about PLE in Spain},
  author={Prendes Espinosa, María Paz and Román García, Marimar and González Calatayud, Víctor and others},
  journal={Education in the knowledge society: EKS},
  year={2019},
}

@article{carter2017impact,
  title={The impact of computer usage on academic performance: Evidence from a randomized trial at the United States Military Academy},
  author={Carter, Susan Payne and Greenberg, Kyle and Walker, Michael S},
  journal={Economics of Education Review},
  volume={56},
  pages={118--132},
  year={2017},
  publisher={Elsevier},
}

@article{parodi2019generacion,
  title={Generación Google o generación Gutenberg?: hábitos y propósitos de lectura en estudiantes universitarios},
  author={Parodi, Giovanni and Moreno-de León, Tomás and Julio, Cristóbal and Burdiles, Gina},
  journal={Revista Comunicar},
  volume={17},
  number={59},
  year={2019},
}

@misc{area2020ensenanza,
  title={De la enseñanza semipresencial a la enseñanza online en tiempos de Covid19: visiones del alumnado. Campus Virtuales, 9 (2), 35-50},
  author={Area, M and Bethencourt, A and Martín, S},
  year={2020},
}

@misc{burgos2020difproret,
  title={DIFPRORET PROJET: Analysis of educational difficulties, proposals and challenges facing the COVID-19. IJERI: International Journal of Educational Research and Innovation,(15), 17-34},
  author={Burgos, C and Vázquez-Cano, E and López-Meneses, E and Adaos, R},
  year={2020},
}

@article{creighton2018digital,
  title={Digital Natives, Digital Immigrants, Digital Learners: An International Empirical Integrative Review of the Literature.},
  author={Creighton, Theodore B},
  journal={Education Leadership Review},
  volume={19},
  number={1},
  pages={132--140},
  year={2018},
  publisher={ERIC},
}

@book{denholm,
	title = {Great internet age divide is a myth},
	publisher = {Herald Scotland},
	author = {Denholm, Andrew},
	year = {2014},
}

@book{ecdlfo,
	title = {La falacia del nativo digital. ¿Por qué los jóvenes necesitan desarrollar sus habilidades digitales?},
	publisher = {Edutek},
	author = {{ECDL Foundation}},
	year = {2016},
}

@misc{EuropeanCommission,
  title={Main Findings and Implications for Education Policies in Europe},
  author={{European Commission}},
  journal={The International Computer and Information Literacy Study},
  year={2014},
  publisher={European Publication Office},
}

@article{flores2013nativos,
  title={Nativos digitales, inmigrantes digitales: rompiendo mitos, un estudio sobre el dominio de las TIC en profesorado y estudiantado de la Universidad de Lleida},
  author={Flores Alarcia, Óscar and Arco Bravo, Isabel del and others},
  journal={Bordón: revista de pedagogía},
  year={2013},
}

@article{humanante2019competencias,
  title={Las competencias TIC de los estudiantes que ingresan en la universidad: una experiencia en la Facultad de Ciencias de la Salud de una universidad latinoamericana},
  author={Humanante-Ramos, Patricio and Solís-Mazón, María Eugenia and Fern{\'a}ndez-Acevedo, Jorge and Silva-Castillo, Jorge},
  journal={Educación Médica},
  volume={20},
  number={3},
  pages={134--139},
  year={2019},
  publisher={Elsevier},
}

@article{ibieta2017role,
  title={The role of the Internet in teachers’ professional practice: Activities and factors associated with teacher use of ICT inside and outside the classroom},
  author={Ibieta, Andrea and Hinostroza, J Enrique and Labb{\'e}, Christian and Claro, Magdalena},
  journal={Technology, Pedagogy and Education},
  volume={26},
  number={4},
  pages={425--438},
  year={2017},
  publisher={Taylor \& Francis},
}

@article{infante2021acquisition,
  title={The acquisition of ICT skills at the university level: the case of the Faculty of Business Studies and Tourism of the University of Huelva},
  author={Infante Moro, Alfonso and Infante Moro, Juan Carlos and Gallardo P{\'e}rez, Julia and others},
  journal={Pixel-Bit},
  year={2021},
}

@article{gonzalez2020docencia,
  title={Docencia y tecnologías en tiempos de pandemia covid-19},
  author={González, Alicia Inciarte and Chacín, Ana Judith Paredes and Villada, Luz Marina Zambrano},
  journal={Utopía y praxis latinoamericana: revista internacional de filosofía iberoamericana y teoría social},
  number={8},
  pages={195--215},
  year={2020},
  publisher={Universidad del Zulia},
}

@article{lopez2019perfil,
  title={El perfil del profesorado en la Sociedad Red: reflexiones sobre las competencia digital de los y las estudiantes en Educación de la Universidad de Cádiz},
  author={López-Gil, Manuel and Bernal, Carlos},
  journal={IJERI: International Journal of Educational Research and Innovation},
  number={11},
  pages={83--100},
  year={2019},
  publisher={Universidad Pablo de Olavide},
}

@article{ordonez2021competencias,
  title={Las Competencias en el uso de las Tecnologías de la Información y la Comunicación en el alumnado universitario},
  author={Ordóñez Olmedo, Eva and Vázquez Cano, Esteban and Arias Sánchez, Samuel and López Meneses, Eloy},
  journal={Pixel-Bit: Revista de medios y educación, 60, 153-167.},
  year={2021},
  publisher={Universidad de Sevilla},
}

@article{padilla2016inclusion,
  title={Inclusión digital de los estudiantes adultos que acceden a la universidad: análisis de sus actitudes y competencias digitales},
  author={Padilla Carmona, María Teresa and Suárez Ortega, Magdalena and Sánchez García, María Fe},
  journal={Revista Complutense de Educación, 27 (3), 1229-1246.},
  year={2016},
  publisher={Universidad Complutense}
}

@book{masgarcia2018tejido,
  title={El tejido de Weiser: claves, evolución y tendencias de la educación digital},
  author={García, Xavier Mas},
  year={2018},
  publisher={Editorial UOC}
}

@article{calatayud2018formacion,
  title={Formación en competencias digitales para estudiantes universitarios basada en el modelo DigComp},
  author={Calatayud, Víctor González and García, Marimar Román and Espinosa, María Paz Prendes},
  journal={Edutec. Revista electrónica de tecnología educativa},
  number={65},
  pages={1--15},
  year={2018}
}

@book{sousa2014neurociencia,
  title={Neurociencia educativa: Mente, cerebro y educación},
  author={Sousa, David A},
  volume={131},
  year={2014},
  publisher={Narcea Ediciones},
}

@book{goleman2013focus,
  title={Focus: desarrollar la atención para alcanzar la excelencia},
  author={Goleman, Daniel},
  year={2013},
  publisher={Editorial Kair{\'o}s},
}

@article{wang2014investigation,
  title={An investigation of middle school science teachers and students use of technology inside and outside of classrooms: Considering whether digital natives are more technology savvy than their teachers},
  author={Wang, Shiang-Kwei and Hsu, Hui-Yin and Campbell, Todd and Coster, Daniel C and Longhurst, Max},
  journal={Educational Technology Research and Development},
  volume={62},
  number={6},
  pages={637--662},
  year={2014},
  publisher={Springer},
}

@article{vsorgo2017attributes,
  title={Attributes of digital natives as predictors of information literacy in higher education},
  author={Sorgo, Andrej and Bartol, Tomaz and Dolnicar, Danica and Boh Podgornik, Bojana},
  journal={British Journal of Educational Technology},
  volume={48},
  number={3},
  pages={749--767},
  year={2017},
  publisher={Wiley Online Library}
}

@article{luri2020escuela,
  title={La escuela no es un parque de atracciones},
  author={Luri, Gregorio},
  journal={Ariel},
  year={2020}
}