
@article{acostasilva_tras_2017,
	title = {Tras las competencias de los nativos digitales: avances de una metasíntesis},
	issn = {2027-7679, 1692-715X},
	shorttitle = {Tras las competencias de los nativos digitales},
	url = {https://revistaumanizales.cinde.org.co/rlcsnj/index.php/Revista-Latinoamericana/article/view/2977},
	doi = {10.11600/1692715x.1513014062016},
	journal = {Revista Latinoamericana de Ciencias Sociales, Niñez y Juventud},
	author = {Acosta–Silva, David Arturo},
	month = feb,
	year = {2017},
	pages = {471--489},
}

@article{araujo-vila_digital_2020,
	title = {Digital {Competence} in {Spanish} {University} {Education} and {Its} {Use} by {Students}},
	volume = {8},
	issn = {2304-6775},
	url = {https://www.mdpi.com/2304-6775/8/4/47},
	doi = {10.3390/publications8040047},
	language = {en},
	number = {4},
	journal = {Publications},
	author = {Araújo-Vila, Noelia and Cardoso, Lucília and Toubes, Diego R. and Fraiz-Brea, Jose Antonio},
	month = nov,
	year = {2020},
	pages = {47},
}

@article{bernabeu_brotons_adicciones_2020,
	title = {Adicciones a internet y funciones ejecutivas en estudiantes universitarios: una revisión sistemática},
	volume = {18},
	issn = {1696-2095},
	shorttitle = {Adicciones a internet y funciones ejecutivas en estudiantes universitarios},
	url = {http://ojs.ual.es/ojs/index.php/EJREP/article/view/3346},
	doi = {10.25115/ejrep.v18i52.3346},
	number = {52},
	journal = {Electronic Journal of Research in Education Psychology},
	author = {Bernabéu Brotóns, Elena and Marchena Giráldez, Carlos Alberto and González Pizzio, Adriana and Lubrini, Genny},
	month = dec,
	year = {2020},
	pages = {613--642},
}

@book{boyd_its_2014,
	address = {New Haven},
	title = {It's complicated: the social lives of networked teens},
	isbn = {9780300166316},
	shorttitle = {It's complicated},
	publisher = {Yale University Press},
	author = {Boyd, Danah},
	year = {2014},
	keywords = {Internet and teenagers, Online social networks, Teenagers, Social life and customs, 21st century, Information technology, Social aspects},
}

@article{cabero-almenara_marco_2020,
	title = {Marco {Europeo} de {Competencia} {Digital} {Docente} «{DigCompEdu}». {Traducción} y adaptación del cuestionario «{DigCompEdu} {Check}-{In}»},
	volume = {9},
	issn = {2254-0059},
	url = {https://www.uco.es/ucopress/ojs/index.php/edmetic/article/view/12462},
	doi = {10.21071/edmetic.v9i1.12462},
	number = {1},
	journal = {EDMETIC},
	author = {Cabero-Almenara, Julio and Palacios-Rodríguez, Antonio},
	month = jan,
	year = {2020},
	pages = {213--234},
}

@article{cabero-almenara_development_2020,
	title = {Development of the {Teacher} {Digital} {Competence} {Validation} of {DigCompEdu} {Check}-{In} {Questionnaire} in the {University} {Context} of {Andalusia} ({Spain})},
	volume = {12},
	issn = {2071-1050},
	url = {https://www.mdpi.com/2071-1050/12/15/6094},
	doi = {10.3390/su12156094},
	abstract = {We are currently witnessing a moment in history in which sustainable education practices are being principally modified by the proliferation of technologies and their wider use in every level of society, which makes necessary their integration into education contexts. This is found in the crosshairs of different institutions, which propose a series of competency frameworks, such as DigCompEdu. This framework provides suggestions for the competences that educators should be trained on under pedagogic-didactic criteria. The present work intends to measure the reliability and validity of the questionnaire DigCompEdu Check-In with the participation of 2262 professors from different public Andalusian universities. The known-groups method was utilized to elucidate if the tool is able or not to discriminate different variables of interest between known groups. The study reveals that the instrument has high indices of reliability, globally, and in the different dimensions that comprise it. Furthermore, it verifies that the instrument is sufficiently robust to discriminate the subjects who are clearly differentiated by variables related with technology. Along this line, the recommendation is given to continue working on the creation of new instruments focused on the mastery of this competency.},
	language = {en},
	number = {15},
	urldate = {2023-01-19},
	journal = {Sustainability},
	author = {Cabero-Almenara, Julio and Gutiérrez-Castillo, Juan-Jesús and Palacios-Rodríguez, Antonio and Barroso-Osuna, Julio},
	month = jul,
	year = {2020},
	pages = {6094},
}

@article{cabero-almenara_evaluation_2020,
	title = {Evaluation of {Teacher} {Digital} {Competence} {Frameworks} {Through} {Expert} {Judgement}: the {Use} of the {Expert} {Competence} {Coefficient}},
	volume = {9},
	issn = {2254-7339},
	shorttitle = {Evaluation of {Teacher} {Digital} {Competence} {Frameworks} {Through} {Expert} {Judgement}},
	url = {https://naerjournal.ua.es/article/view/v9n2-9},
	doi = {10.7821/naer.2020.7.578},
	abstract = {In this paper, different proposals made by national and international organizations and institutions on Teacher Digital Literacy are taken into account. The 7 most commonly used competence frameworks in international contexts are presented for evaluation through expert judgment. Next, the most suitable for the subsequent realization of a t-MOOC on Teacher Digital Literacy was selected. The selection of these experts was based on seven criteria that helped to establish the expert knowledge coefficient (EKC). This strategy served to obtain the viability of the selected sample. A total of 412 people, 155 experts and 257 non-experts participated in this study. After conducting the expert judgment, in a single round, it was concluded that the European Framework of Digital Competence for Teachers DigCompEdu is the most valued and adequate to be used as reference for the formative t-MOOC, followed by INTEF. This result is logical, since the latter is inspired by the former. These findings do not question the validity of the other competency frameworks, but the preferences granted by the judges.},
	number = {2},
	urldate = {2023-01-19},
	journal = {Journal of New Approaches in Educational Research},
	author = {Cabero-Almenara, Julio and Romero-Tena, Rosalía and Palacios-Rodríguez, Antonio},
	month = jul,
	year = {2020},
	pages = {275},
}

@book{carretero_digcomp_2017,
	address = {Luxembourg},
	title = {{DigComp} 2.1 the digital competence framework for citizens with eight proficiency levels and examples of use},
	isbn = {9789279680069},
	publisher = {Publications Office},
	author = {Carretero, Stephanie and Vuorikari, Riina and Punie, Yves},
	year = {2017},
}

@article{casillas_martin_profesorado_2020,
	title = {El {Profesorado} {Universitario} en la {Sociedad} del {Conocimiento}: manejo y actitud hacia las {TIC}},
	volume = {72},
	issn = {2340-6577, 0210-5934},
	shorttitle = {El {Profesorado} {Universitario} en la {Sociedad} del {Conocimiento}},
	url = {https://recyt.fecyt.es/index.php/BORDON/article/view/76746},
	doi = {10.13042/Bordon.2020.76746},
	number = {3},
	journal = {Bordón. Revista de Pedagogía},
	author = {Casillas Martín, Sonia and Cabezas González, Marcos and Ibarra Saiz, María Soledad and Rodríguez Gómez, Gregorio},
	month = oct,
	year = {2020},
	pages = {45--63},
}

@article{casillas-martin_modelos_2021,
	title = {Modelos de mediación sociofamiliares en el desarrollo de la competencia digital},
	volume = {23},
	issn = {1607-4041},
	url = {https://redie.uabc.mx/index.php/redie/article/view/3839},
	doi = {10.24320/redie.2021.23.e26.3839},
	journal = {Revista Electrónica de Investigación Educativa},
	author = {Casillas-Martín, Sonia and Cabezas-González, Marcos and García-Valcárcel Muñoz-Repiso, Ana and Basilotta-Gómez-Pablos, Verónica},
	month = dec,
	year = {2021},
}

@article{castellanos_sanchez_nuevos_2017,
	title = {Nuevos modelos tecnopedagógicos. {Competencia} digital de los alumnos universitarios},
	volume = {19},
	issn = {1607-4041},
	url = {http://redie.uabc.mx/redie/article/view/1148},
	doi = {10.24320/redie.2017.19.1.1148},
	number = {1},
	urldate = {2023-01-19},
	journal = {Revista Electrónica de Investigación Educativa},
	author = {Castellanos Sánchez, Almudena and Sánchez Romero, Cristina and Calderero Hernández, José Fernando},
	month = jan,
	year = {2017},
	pages = {1},
}

@article{cebrian-robles_conocimiento_2020,
	title = {Conocimiento de los estudiantes universitarios sobre herramientas antiplagio y medidas preventivas},
	issn = {11338482, 21717966},
	url = {https://institucional.us.es/revistas/PixelBit/57/Conocimiento_de_los_estudiantes_universitarios.pdf},
	doi = {10.12795/pixelbit.2020.i57.05},
	number = {57},
	journal = {Pixel-Bit, Revista de Medios y Educación},
	author = {Cebrián-Robles, Violeta and Raposo-Rivas, Manuela and Ruiz-Rey, Francisco José},
	year = {2020},
	pages = {129--149},
}

@article{dabbagh_student_2019,
	title = {Student {Perspectives} of {Technology} use for {Learning} in {Higher} {Education}},
	volume = {22},
	issn = {1390-3306, 1138-2783},
	url = {http://revistas.uned.es/index.php/ried/article/view/22102},
	doi = {10.5944/ried.22.1.22102},
	number = {1},
	journal = {RIED. Revista Iberoamericana de Educación a Distancia},
	author = {Dabbagh, Nada and Fake, Helen and Zhang, Zhicheng},
	month = jan,
	year = {2019},
	pages = {127},
}

@book{desmurget_fabrica_2020,
	address = {Madrid},
	edition = {3ª ed},
	title = {La fábrica de cretinos digitales: los peligros de las pantallas para nuestros hijos},
	isbn = {9788499429335},
	shorttitle = {La fábrica de cretinos digitales},
	publisher = {Península},
	author = {Desmurget, Michel and Cortés, Lara},
	year = {2020},
}

@book{fernandez_enguita_larga_2017,
	address = {Barcelona},
	title = {La larga y compleja marcha del clip al clic: escuela y profesorado ante el nuevo entorno digital},
	isbn = {9788408170068},
	shorttitle = {La larga y compleja marcha del clip al clic},
	language = {spa},
	publisher = {Ariel},
	author = {Fernández Enguita, Mariano and Vázquez Cupeiro, Susana},
	year = {2017},
	note = {OCLC: 978487409},
}

@article{fernandez-de-alava_use_2017,
	title = {Use of {ICTs} at work: an intergenerational analysis in {Spain} / {Uso} de las {TIC} en el puesto de trabajo: un análisis intergeneracional en {España}},
	volume = {29},
	issn = {1135-6405, 1578-4118},
	shorttitle = {Use of {ICTs} at work},
	url = {https://www.tandfonline.com/doi/full/10.1080/11356405.2016.1274144},
	doi = {10.1080/11356405.2016.1274144},
	language = {en},
	number = {1},
	urldate = {2023-01-19},
	journal = {Cultura y Educación},
	author = {Fernández-de-Álava, Miren and Quesada-Pallarès, Carla and García-Carmona, Marina},
	month = jan,
	year = {2017},
	pages = {120--150},
}
