
@article{gallardo-echenique_lets_2015,
	title = {Let’s talk about digital learners in the digital era},
	volume = {16},
	issn = {1492-3831},
	url = {http://www.irrodl.org/index.php/irrodl/article/view/2196},
	doi = {10.19173/irrodl.v16i3.2196},
	number = {3},
	journal = {The International Review of Research in Open and Distributed Learning},
	author = {Gallardo-Echenique, Eliana Esther and Marqués-Molías, Luis and Bullen, Mark and Strijbos, Jan-Willem},
	month = jun,
	year = {2015},
}

@article{garcia_aretio_covid-19_2020,
	title = {{COVID}-19 y educación a distancia digital: preconfinamiento, confinamiento y posconfinamiento},
	volume = {24},
	issn = {1390-3306, 1138-2783},
	shorttitle = {{COVID}-19 y educación a distancia digital},
	url = {http://revistas.uned.es/index.php/ried/article/view/28080},
	doi = {10.5944/ried.24.1.28080},
	number = {1},
	urldate = {2023-01-19},
	journal = {RIED. Revista Iberoamericana de Educación a Distancia},
	author = {García Aretio, Lorenzo},
	month = sep,
	year = {2020},
	pages = {09},
}

@article{garcia-ruiz_alfabetizacion_2020,
	title = {Alfabetización mediática en {Educación} {Primaria}. {Perspectiva} internacional del nivel de competencia mediática},
	issn = {11338482, 21717966},
	url = {https://institucional.us.es/revistas/PixelBit/2020/74535.pdf},
	doi = {10.12795/pixelbit.74535},
	number = {58},
	urldate = {2023-01-19},
	journal = {Pixel-Bit, Revista de Medios y Educación},
	author = {García-Ruiz, Rosa and Pinto da Mota Matos, Armanda and Arenas-Fernández, Arturo and Ugalde, Cecilia},
	year = {2020},
	pages = {217--236},
}

@book{gazzaley_distracted_2016,
	address = {Cambridge, MA},
	title = {The distracted mind: ancient brains in a high-tech world},
	isbn = {9780262034944},
	shorttitle = {The distracted mind},
	publisher = {MIT Press},
	author = {Gazzaley, Adam and Rosen, Larry D.},
	year = {2016},
	keywords = {Distraction (Psychology), Attention, Information society, Information technology, Social aspects},
}

@article{gonzalez-cortes_semana_2020,
	title = {Una semana sin smartphone: usos, abuso y dependencia del teléfono móvil en jóvenes},
	volume = {72},
	issn = {2340-6577, 0210-5934},
	shorttitle = {Una semana sin smartphone},
	url = {https://recyt.fecyt.es/index.php/BORDON/article/view/79296},
	doi = {10.13042/Bordon.2020.79296},
	number = {3},
	journal = {Bordón. Revista de Pedagogía},
	author = {González-Cortés, Eugenia and Córdoba-Cabús, Alba and Gómez, Marisol},
	month = oct,
	year = {2020},
}

@article{granado_palma_educacion_2019,
	title = {Educación y exclusión digital: los falsos nativos digitales},
	issn = {23413255},
	shorttitle = {Educación y exclusión digital},
	url = {https://revistas.uca.es/index.php/ReSed/article/view/4404/5518},
	doi = {10.25267/Rev_estud_socioeducativos.2019.i7.02},
	number = {7},
	journal = {Revista de estudios socioeducativos : RESED},
	author = {Granado Palma, Manuel},
	year = {2019},
	pages = {27--41},
}

@article{gallardo-echenique_lets_2015-1,
	title = {Let’s talk about digital learners in the digital era},
	volume = {16},
	issn = {1492-3831},
	url = {http://www.irrodl.org/index.php/irrodl/article/view/2196},
	doi = {10.19173/irrodl.v16i3.2196},
	abstract = {{\textless}p{\textgreater}This paper reports on a literature review of the concept of “Digital Natives” and related terms. More specifically, it reports on the idea of a homogeneous generation of prolific and skilled users of digital technology born between 1980 and 1994. In all, 127 articles published between 1991 and 2014 were reviewed. On the basis of the findings, there appears to be no commonly-accepted definition of a “Digital Native”. The concept varies among individuals, societies, regions and nations, and also over time. Moreover, there are a number of variables other than age that may help us understand the nature of students’ use of digital technologies. The so-called “Digital Native” literature demonstrates that despite students’ high digital confidence and digital skills, their digital competence may be much lower than those of their “digital teachers”. Given the confusion surrounding “Digital Native” and its affiliates, we propose to unify them under the concept “digital learners”.{\textless}/p{\textgreater}},
	number = {3},
	urldate = {2023-01-19},
	journal = {The International Review of Research in Open and Distributed Learning},
	author = {Gallardo-Echenique, Eliana Esther and Marqués-Molías, Luis and Bullen, Mark and Strijbos, Jan-Willem},
	month = jun,
	year = {2015},
}

@book{fraillon_preparing_2014,
	address = {New York, NY},
	title = {Preparing for life in a digital age: the {IEA} {International} {Computer} and {Information} {Literacy} {Study} {International} report},
	isbn = {9783319142210},
	shorttitle = {Preparing for life in a digital age},
	publisher = {Springer Berlin Heidelberg},
	author = {Fraillon, Julian},
	year = {2014},
}

@article{jimenez-hernandez_digital_2020,
	title = {Digital {Competence} of {Future} {Secondary} {School} {Teachers}: {Differences} {According} to {Gender}, {Age}, and {Branch} of {Knowledge}},
	volume = {12},
	issn = {2071-1050},
	shorttitle = {Digital {Competence} of {Future} {Secondary} {School} {Teachers}},
	url = {https://www.mdpi.com/2071-1050/12/22/9473},
	doi = {10.3390/su12229473},
	abstract = {The development of related technological skills in secondary students is perceived as unachievable if the teachers do not have enough technological expertise to guide their students. This study was based on investigating digital competence on the population of graduate students undertaking a Master’s degree in Education to train as teachers for the secondary educational level. The study made it possible to conclude, on the one hand, the homogeneity of university degrees within the scope of the Bologna Plan, with respect to mean levels of digital training. On the other hand, more exhaustively, differences have come to light concerning specific training on the different digital competence areas in the DigComp evaluation system, related to gender, branch of knowledge, age, and by considering the self-perception of individuals on their own capabilities in everyday technological issues. Consequently, the need for incorporating an ICT syllabus into the subjects covered by a Master’s in education has been highlighted, as well as promoting females, older people, and nontechnological degrees. Digital training on critical competence areas for teaching, such as the creation of digital content, suffers from major shortcomings and should also be promoted.},
	language = {en},
	number = {22},
	urldate = {2023-01-19},
	journal = {Sustainability},
	author = {Jiménez-Hernández, David and González-Calatayud, Víctor and Torres-Soto, Ana and Martínez Mayoral, Asunción and Morales, Javier},
	month = nov,
	year = {2020},
	pages = {9473},
}

@article{kirschner_myths_2017,
	title = {The myths of the digital native and the multitasker},
	volume = {67},
	issn = {0742051X},
	url = {https://linkinghub.elsevier.com/retrieve/pii/S0742051X16306692},
	doi = {10.1016/j.tate.2017.06.001},
	language = {en},
	journal = {Teaching and Teacher Education},
	author = {Kirschner, Paul A. and De Bruyckere, Pedro},
	month = oct,
	year = {2017},
	pages = {135--142},
}

@book{kutscher_ninos_2018,
	address = {Bilbao [Spain]},
	title = {Niños conectados: cómo conseguir equilibrar el tiempo que pasan ante las pantallas y por qué esto es importante},
	isbn = {9788427142312},
	shorttitle = {Niños conectados},
	publisher = {Mensajero},
	author = {Kutscher, Martin L.},
	translator = {Pérez Escobar, José},
	year = {2018},
}

@article{lai_technology_2015,
	title = {Technology use and learning characteristics of students in higher education: {Do} generational differences exist?: {Technology} use and learning characteristics of students},
	volume = {46},
	issn = {00071013},
	shorttitle = {Technology use and learning characteristics of students in higher education},
	url = {https://onlinelibrary.wiley.com/doi/10.1111/bjet.12161},
	doi = {10.1111/bjet.12161},
	number = {4},
	journal = {British Journal of Educational Technology},
	author = {Lai, Kwok-Wing and Hong, Kian-Sam},
	month = jul,
	year = {2015},
	pages = {725--738},
}

@article{lim_preservice_2020,
	title = {Preservice teachers’ {Web} 2.0 experiences and perceptions on {Web} 2.0 as a personal learning environment},
	volume = {32},
	url = {http://link.springer.com/10.1007/s12528-019-09227-w},
	doi = {10.1007/s12528-019-09227-w},
	number = {2},
	urldate = {2023-01-19},
	journal = {Journal of Computing in Higher Education},
	author = {Lim, Jieun and Newby, Timothy J.},
	month = aug,
	year = {2020},
	pages = {234--260},
}

@article{lopez_belmonte_alisis_2019,
	title = {Análisis del {Liderazgo} {Electrónico} y la {Competencia} {Digital} del {Profesorado} de {Cooperativas} {Educativas} de {Andalucía} ({España})},
	volume = {9},
	issn = {2014-2862},
	url = {http://hipatiapress.com/hpjournals/index.php/remie/article/view/4149},
	doi = {10.17583/remie.2019.4149},
	number = {2},
	urldate = {2023-01-19},
	journal = {Multidisciplinary Journal of Educational Research},
	author = {López Belmonte, Jesús and Pozo Sánchez, Santiago and Fuentes Cabrera, Arturo and Romero Rodríguez, José María},
	month = jun,
	year = {2019},
	pages = {194},
}

@article{mercader_resistencias_2019,
	title = {Las resistencias del profesorado universitario a la utilización de las tecnologías digitales},
	volume = {48},
	issn = {0210-2773, 2341-2313},
	url = {https://www.unioviedo.es/reunido/index.php/AA/article/view/13178},
	doi = {10.17811/rifie.48.2.2019.167-174},
	abstract = {El estudio desarrollado centra su foco de atención en el profesorado universitario y en los motivos por los cuales éstos no utilizan habitualmente las tecnologías digitales de manera habitual como herramienta de enseñanza-aprendizaje en el aula universitaria. El objetivo principal es identificar las resistencias del profesorado de la Facultad de Ciencias de la Educación de la Universidad Autónoma de Barcelona a la utilización de tecnologías digitales. Se utiliza una metodología mixta secuencial, con la técnica del cuestionario y entrevistas a profesores y gestores. Los resultados muestran el hábito, la gestión de la innovación, la falta de formación, el trabajo a reloj y la inversión en actualización como las resistencias principales a la utilización de las tecnologías digitales. En conclusión, se determina que la utilización de las tecnologías digitales es escasa, que su utilización no depende tanto de la edad o estabilidad laboral, sino de la predisposición y autopercepción del conocimiento de tecnologías digitales, así como que la falta de planificación y evaluación en la institucionalización del cambio es uno de las mayores barreras existentes.},
	number = {2},
	journal = {Aula Abierta},
	author = {Mercader, Cristina},
	month = may,
	year = {2019},
	pages = {167},
}

@book{mora_mitos_2018,
	address = {Barcelona},
	title = {Mitos y verdades del cerebro: limpiar el mundo de falsedades y otras historias},
	isbn = {9788449335198},
	shorttitle = {Mitos y verdades del cerebro},
	language = {spa},
	publisher = {Paidós},
	author = {Mora, Francisco},
	year = {2018},
	note = {OCLC: 1157286059},
}

@article{moreno-guerrero_competencia_2020,
	title = {Competencia digital de la inspección educativa en el tratamiento del {Big} {Data}},
	volume = {31},
	issn = {0718-0764},
	url = {http://www.scielo.cl/scielo.php?script=sci_arttext&pid=S0718-07642020000300185&lng=en&nrm=iso&tlng=en},
	doi = {10.4067/S0718-07642020000300185},
	language = {en},
	number = {3},
	urldate = {2023-01-19},
	journal = {Información tecnológica},
	author = {Moreno-Guerrero, Antonio J. and López-Belmonte, Jesús and Rodríguez-Jiménez, Carmen and Ramos, Magdalena},
	month = jun,
	year = {2020},
	pages = {185--198},
}

@book{oppenheimer_s?lvese_2018,
	address = {S.I.},
	title = {¡{S}?lvese quien pueda!},
	isbn = {9786073172196},
	shorttitle = {¡{S}?},
	abstract = {El 47\% de los empleos ser? reemplazado por robots o computadoras inteligentes. ¿Qui?n est? preparado? Con una prosa vibrante y l?cida , Andr?s Oppenheimer encara un fen?meno que transformar? radicalmente la sociedad: es probable que, en las pr?ximas dos d?cadas, casi la mitad de los trabajos sea reemplazada por computadoras con inteligencia artificial. Abogados, contadores, m?dicos, comunicadores, vendedores, banqueros, maestros, obreros, restauranteros, analistas, choferes, meseros, trabajadores y estudiantes... tiemblen o prep?rense. En su nueva obra, Oppenheimer -uno de los periodistas m?s importantes de Hispanoam?rica, coganador del premio Pulitzer - detalla qu? y c?mo ocurrir?, a qu? ritmo y qu? pa?ses sufrir?n m?s por el golpe. Y tal vez lo m?s importante: gracias a su investigaci?n, realizada por tres continentes, logra explicar qu? puede hacer cada uno de nosotros ante el terremoto que se acerca y enlista cu?les son los trabajos que, esos s?, tienen futuro},
	language = {eng},
	publisher = {Penguin Random House Grupo Editorial M?xico},
	author = {Oppenheimer, Andr?s.},
	year = {2018},
	note = {OCLC: 1237160441},
}

@article{orosco_fabian_adolescentes_2020,
	title = {Adolescentes frente a los riesgos en el uso de las {TIC}},
	volume = {22},
	issn = {1607-4041},
	url = {https://redie.uabc.mx/redie/article/view/2298},
	doi = {10.24320/redie.2020.22.e17.2298},
	abstract = {Las Tecnologías de la Información y la Comunicación (TIC) han impactado en adolescentes de todos los sectores de la sociedad y utilizarlas sin orientación conlleva riesgos. Este estudio evalúa la frecuencia de los riesgos en el uso de las TIC en adolescentes de la región Junín (Perú). La muestra estuvo compuesta por 955 adolescentes con edades comprendidas entre los 13 y 19 años (M = 15.21, DT = 1.07) de diferentes provincias de la región Junín. La selección de participantes atendió al muestreo aleatorio estratificado. Se recogió información a través de un instrumento construido ad hoc. Los resultados muestran que existe diferencia significativa ({\textless} .000) en cuanto al conocimiento de riesgos, siendo mayor en mujeres. Los principales riesgos a los que se exponen son: acceso a contenidos inapropiados (46.2\%), sexting (24.9\%), cyberbullying (20.9\%), grooming (20.8\%), sexcasting (14.8\%) y sextorsión (12.3\%). Las diferencias fueron significativas entre la población de varones en la mayoría de los riesgos TIC que se analizaron. Se concluye que los adolescentes de esta región peruana están expuestos a estos riesgos y, por tanto, se debe orientar el uso responsable de las TIC.},
	number = {1},
	urldate = {2023-01-19},
	journal = {Revista Electrónica de Investigación Educativa},
	author = {Orosco Fabian, Jhon Richard and Pomasunco Huaytalla, Rocío},
	month = jun,
	year = {2020},
	pages = {1},
}

@article{owens_influence_2017,
	title = {The influence of academic discipline, race, and gender on web-use skills among graduate-level students},
	volume = {29},
	issn = {1042-1726, 1867-1233},
	url = {http://link.springer.com/10.1007/s12528-017-9137-1},
	doi = {10.1007/s12528-017-9137-1},
	language = {en},
	number = {2},
	urldate = {2023-01-19},
	journal = {Journal of Computing in Higher Education},
	author = {Owens, Jennifer and Lilly, Flavius},
	month = aug,
	year = {2017},
	pages = {286--308},
}

@article{parkes_student_2015,
	title = {Student preparedness for university e-learning environments},
	volume = {25},
	issn = {10967516},
	url = {https://linkinghub.elsevier.com/retrieve/pii/S1096751614000724},
	doi = {10.1016/j.iheduc.2014.10.002},
	language = {en},
	urldate = {2023-01-19},
	journal = {The Internet and Higher Education},
	author = {Parkes, Mitchell and Stein, Sarah and Reading, Christine},
	month = apr,
	year = {2015},
	pages = {1--10},
}

@article{perez-escoda_competencia_2021,
	title = {Competencia digital docente para la reducción de la brecha digital: {Estudio} comparativo de {España} y {Costa} {Rica}},
	issn = {2340-5007, 1138-3305},
	shorttitle = {Competencia digital docente para la reducción de la brecha digital},
	url = {http://www.tripodos.com/index.php/Facultat_Comunicacio_Blanquerna/article/view/790},
	doi = {10.51698/tripodos.2020.46p77-96},
	abstract = {La inmersión de la sociedad en la era digital ha provocado transformaciones irrefrenables como la conectividad continua, el big data o la inteligencia artificial, que implican una mediatización tecnológica de todas las interacciones humanas y que requiere una formación en competencias específicas. El objetivo principal del estudio se centró en realizar un análisis comparativo internacional en dos países con contextos diferentes: España y Costa Rica, para demostrar que la globalización de las TIC y la conectividad han hecho que el profesorado sea piedra angular en el desarrollo de competencias digitales como garantía para la reducción de las brechas digitales por uso y no por acceso. Con una metodología cuantitativa de carácter descriptivo correlacional se analizaron cinco constructos de estudio en una muestra de 126 docentes procedentes de ambos países. Los resultados evidencian que pese a las diferencias políticas, sociales y educativas de cada país la percepción de los docentes no es tan diferente. La conclusión principal es que los docentes en ambos países se sienten seguros de sus capacidades digitales, están motivados, entienden que el sistema educativo no responde a las necesidades actuales y ven necesaria una inclusión curricular específica de la materia.   Teacher’s Digital Competence for Reducing Digital Divide: Comparative Study Between Spain and Costa Rica The immersion of society in the digital age has caused unstoppable transformations such as continuous connectivity, big data or artificial intelligence, which imply a technological mediation in all human interactions and which require training in specific skills. The main objective of the study focuses on conducting an international comparative analysis between two countries within different contexts, Spain and Costa Rica, to demonstrate that the globalization of ICT and connectivity have made teachers a cornerstone in the development of digital skills as they are a guarantee for the reduction of the digital gap in the use and not in the access. Using a quantitative methodology of descriptive-correlational character, five study constructs were analyzed in a sample of 126 teachers from both countries. The results show that despite the political, social and educational differences in each country, the perception of teachers is not so different. The main conclusion is that teachers in both countries feel confident in their digital skills, are motivated, understand that the educational system does not respond to current needs, and they feel that a specific curricular inclusion of the subject is needed in formal education.   Palabras clave: competencia digital, brecha digital, profesorado, TIC, formación, educación. Key words: digital competence, digital divide, teachers, ICT, training, education.},
	number = {46},
	urldate = {2023-01-19},
	journal = {Tripodos},
	author = {Pérez-Escoda, Ana and Iglesias-Rodríguez, Ana and Meléndez-Rodríguez, Lady and Berrocal-Carvajal, Viviana},
	month = feb,
	year = {2021},
	pages = {77--96},
}

@article{prendes_personal_2017,
	title = {Personal {Learning} {Environments} in {Future} {Professionals}: {Nor} {Natives} or {Residents}, {Just} {Survivors}},
	volume = {7},
	shorttitle = {Personal {Learning} {Environments} in {Future} {Professionals}},
	url = {http://www.ijiet.org/show-85-976-1.html},
	doi = {10.18178/ijiet.2017.7.3.861},
	number = {3},
	journal = {International Journal of Information and Education Technology},
	author = {Prendes, Paz and Castañeda, Linda and Gutiérrez, Isabel and Sánchez, M. Mar},
	year = {2017},
	pages = {172--178},
}

@book{prensky_ensenar_2011,
	address = {[Place of publication not identified},
	title = {Enseñar a nativos digitales},
	isbn = {9788467553208},
	publisher = {publisher not identified]},
	author = {Prensky, Marc},
	year = {2011},
}

@article{romero-rodriguez_media_2019,
	title = {Media competencies of university professors and students. {Comparison} of levels in {Spain}, {Portugal}, {Brazil} and {Venezuela} / {Las} competencias mediáticas de profesores y estudiantes universitarios. {Comparación} de niveles en {España}, {Portugal}, {Brasil} y {Venezuela}},
	volume = {31},
	issn = {1135-6405, 1578-4118},
	url = {https://www.tandfonline.com/doi/full/10.1080/11356405.2019.1597564},
	doi = {10.1080/11356405.2019.1597564},
	language = {en},
	number = {2},
	urldate = {2023-01-19},
	journal = {Cultura y Educación},
	author = {Romero-Rodríguez, Luis M. and Contreras-Pulido, Paloma and Pérez-Rodríguez, M. Amor},
	month = apr,
	year = {2019},
	pages = {326--368},
}

@article{romero-tena_challenge_2020,
	title = {The {Challenge} of {Initial} {Training} for {Early} {Childhood} {Teachers}. {A} {Cross} {Sectional} {Study} of {Their} {Digital} {Competences}},
	volume = {12},
	issn = {2071-1050},
	url = {https://www.mdpi.com/2071-1050/12/11/4782},
	doi = {10.3390/su12114782},
	abstract = {The scarce presence of technologies at the early childhood education level today is a cause for worry. This study aims to provide information on the training of future early childhood education teachers and their relationship with technologies. The work is based on a pretest–posttest methodology through a cross sectional descriptive study. The sample is made up of 535 4th year students of the Degree in Early Childhood Education at the University of Seville. Descriptive and contrast analyses were performed as well as contrast statistics and effect size. The results show that the training received by the students was a key element to improve self-perception of digital competence. There were statistically significant changes between before and after receiving the training. The changes produced always meant an improvement in the students’ self-perception. In the study of their profiles, relevant changes were also identified. Whereas before training subjects were grouped into newcomer and explorer categories, after training they were grouped into the highest profiles: integrator, expert, and pioneer. For this reason, it is necessary to manage training plans to allow future teachers to position themselves at an expert level.},
	language = {en},
	number = {11},
	urldate = {2023-01-19},
	journal = {Sustainability},
	author = {Romero-Tena, Rosalía and Barragán-Sánchez, Raquel and Llorente-Cejudo, Carmen and Palacios-Rodríguez, Antonio},
	month = jun,
	year = {2020},
	pages = {4782},
}

@article{ruiz-palmero_estudio_2021,
	title = {Estudio del uso y consumo de dispositivos móviles en universitarios},
	issn = {2013-9144},
	url = {https://revistes.ub.edu/index.php/der/article/view/33083},
	doi = {10.1344/der.2021.39.89-104},
	number = {39},
	urldate = {2023-01-19},
	journal = {Digital Education Review},
	author = {Ruiz-Palmero, Julio and Colomo-Magaña, Ernesto and Sánchez-Rivas, Enrique and Linde-Valenzuela, Teresa},
	month = jul,
	year = {2021},
	pages = {89--104},
}

@book{tapscott_grown_2009,
	address = {New York},
	title = {Grown up digital: how the net generation is changing your world},
	isbn = {9780071508636},
	shorttitle = {Grown up digital},
	publisher = {McGraw-Hill},
	author = {Tapscott, Don},
	year = {2009},
	note = {OCLC: ocn225873622},
	keywords = {Technology and youth, Generation Y, Computers and civilization, Computer networks},
}

@book{underwood_learning_2015,
	address = {Malden, MA},
	edition = {Second edition},
	title = {Learning and the e-generation},
	isbn = {9781118897560 9781118897577},
	publisher = {Wiley Blackwell},
	author = {Underwood, Jean D. M. and Farrington-Flint, Lee},
	year = {2015},
	keywords = {Education, Data processing, Great Britain, Educational technology, Great Britain, Computer-assisted instruction, Great Britain, Generation Y, Great Britain},
}

@article{valencia_ortiz_use_2019,
	title = {Use and abuse of social media by adolescents: a study in {Mexico}},
	issn = {11338482, 21717966},
	shorttitle = {Use and abuse of social media by adolescents},
	url = {https://recyt.fecyt.es/index.php/pixel/article/view/67221/42096},
	doi = {10.12795/pixelbit.2019.i54.01},
	number = {54},
	urldate = {2023-01-19},
	journal = {Pixel-Bit, Revista de Medios y Educación},
	author = {Valencia Ortiz, Rubicelia and Castaño Garrido, Carlos},
	year = {2019},
	pages = {7--28},
}

@article{universidad_de_santiago_de_compostela_competencia_2020,
	title = {La competencia digital de los preadolescentes gallegos/as antes de la pandemia: ¿y ahora qué?},
	volume = {19},
	issn = {1695288X},
	shorttitle = {La competencia digital de los preadolescentes gallegos/as antes de la pandemia},
	url = {https://relatec.unex.es/article/view/3890},
	doi = {10.17398/1695-288X.19.2.9},
	number = {2},
	urldate = {2023-01-19},
	journal = {RELATEC Revista Latinoamericana de Tecnología Educativa},
	author = {{Universidad de Santiago de Compostela} and Vila-Couñago, Esther and Rodríguez-Groba, Ana and {Universidad de Santiago de Compostela} and Martínez-Piñeiro, Esther and {Universidad de Santiago de Compostela}},
	year = {2020},
	pages = {9--27},
}

@book{vuorikari_digcomp_2022,
	address = {Luxembourg},
	title = {{DigComp} 2.2, {The} {Digital} {Competence} framework for citizens: with new examples of knowledge, skills and attitudes},
	isbn = {9789276488828},
	shorttitle = {{DigComp} 2.2, {The} {Digital} {Competence} framework for citizens},
	abstract = {Digital skills for work and for life are at the top of the European Policy Agenda. The EU digital skills strategy and related policy initiatives have the objective of enhancing digital skills and competences for the digital transformation. The European Skills Agenda, of 1 July 2020, supports digital skills for all, including by supporting the objectives of the Digital Education Action Plan, which has the objectives of i) en-hancing digital skills and competences for the digital transformation while ii) fostering the development of a high-performing digital education system. The Digital Compass and the European Pillar of Social Rights Action Plan set the ambitious policy targets of reaching a minimum of 80\% of the population with basic digital skills and having 20 million ICT specialists by 2030},
	language = {eng},
	publisher = {Publications Office of the European Union},
	author = {Vuorikari, Riina and Kluzer, Stefano and Punie, Yves},
	year = {2022},
	note = {OCLC: 1314329693},
}
