@online{abpod2021,
  author = {{Associação Brasileira de Podcasters}},
  title = {PodPesquisa Produtores 2020/2021},
  year = {2021},
  url = {https://abpod.org/wp-content/uploads/2020/12/Podpesquisa-Produtor-2020-2021_Abpod-Resultados.pdf},
  note = {Acesso em: 27 jan. 2021}
}

@article{alarcon2017,
  author = {Alarcón, Rafael and Bendayan, Rebecca and Blanca, María J.},
  title = {Student Satisfaction with Educational Podcasts Questionnaire},
  journal = {Escritos de Psicología},
  volume = {10},
  number = {2},
  year = {2017},
  doi = {10.5231/psy.writ.2017.14032}
}

@article{alarcon2020,
  author = {Alarcón, Rafael and Blanca, María J.},
  title = {Development and Psychometric Properties of the Questionnaire for Assessing Educational Podcasts (QAEP)},
  journal = {Front. Psychol.},
  volume = {11},
  year = {2020},
  pages = {579454},
  doi = {10.3389/fpsyg.2020.579454}
}

@article{alexandre2011,
  author = {Alexandre, Neusa M. C. and Coluci, Marina Z. O.},
  title = {Validade de conteúdo nos processos de construção e adaptação de instrumentos de medidas},
  journal = {Ciência \& Saúde Coletiva},
  volume = {16},
  number = {7},
  pages = {3061--3068},
  year = {2011},
  doi = {10.1590/S1413-81232011000800006}
}

@incollection{araujo2019,
  author       = {Araújo, Nukácia M. S.},
  title        = {Curadoria digital: o importante papel do professor como curador de Recursos Educacionais Digitais},
  booktitle    = {Transitando e transpondo n(a) linguística aplicada},
  editor       = {Finardi Kyria Rebeca and Tílio Rogério and Borges Vládia and Dellagnelo Adriana and Ramos Filho Etelvo},
  year         = {2019},
  publisher    = {Pontes},
  address      = {Campinas},
  pages        = {211--239},
}

@book{bakhtin2016,
  author = {Bakhtin, Mikhail},
  title = {Gêneros do discurso},
translator={Paulo Bezerra},
address={São Paulo},
  publisher = {Editora 34},
  year = {2016}
}

@book{bakhtin2017,
  author = {Bakhtin, Mikhail},
  title = {Notas sobre literatura, cultura e ciências humanas [1970-1975]},
  publisher = {Editora 34},
translator={Paulo Bezerra},
address={São Paulo},
  year = {2017}
}

@article{ballsberry2018,
  author = {Balls-Berry,  Joyce and Sinicrope,  Pamela and Valdez Soto,  Miguel and Brockman,  Tabetha and Bock,  Martha and Patten,  Christi},
  title        = {Linking Podcasts With Social Media to Promote Community Health and Medical Research: Feasibility Study},
  journaltitle = {JMIR Form Res.},
  volume       = {2},
  number       = {2},
  eid          = {e10025},
  year         = {2018},
  doi          = {10.2196/10025},
}

@article{biabdillah2021,
  author = {Biabdillah, Fajerin and Tolle, Herman and Bachtier, Fitra A.},
  title = {Go Story: Design and Evaluation Educational Mobile Learning Podcast using Human Centered Design Method and Gamification for History},
  journal = {Journal of Information Technology and Computer Science},
  volume = {6},
  number = {3},
  pages = {308–318},
  year = {2021},
  doi = {10.25126/jitecs.202163345}
}

@inproceedings{bottentuit2007,
  author = {Bottentuit Junior, João B. and Coutinho, Clara P.},
  title = {Podcast em educação: um contributo para o estado da arte},
  booktitle = {Libro de Actas do Congreso Internacional Galego-Portugués de Psicopedagoxía},
  editor={BARCA, A. et al.},
  address={La Coruña},
  publisher = {Universidade da Coruña},
  year = {2007},
  pages = {837-846}
}

@article{chan2016,
  author = {Chan, Teresa M. and Thoma, Brent and Krishnan, Keeth and Lin, Michelle and Carpenter, Christopher R. and Astin, Matt and Kulasegaram, Kulamakan},
  title = {Derivation of two critical appraisal scores for trainees to evaluate online educational resources: a METRIQ study},
  journal = {Western Journal of Emergency Medicine},
  volume = {17},
  number = {5},
  pages = {574-584},
  year = {2016},
  doi = {10.5811/westjem.2016.6.30825}
}

@article{galvao2022,
  author = {Galvão, Paulo César da Costa  and Vasconcelos, Camila Brito de and Amorim, Cíntia Raquel Ferreira de and Lima, Ricardo Oliveira da Cunha and Fiorentino, Giovanna },
  title = {Caracterização dos estudos metodológicos em enfermagem: Revisão Integrativa},
  journal = {International Journal of Development Research},
  volume = {12},
  number = {03},
  year = {2022},
  doi = {10.37118/ijdr.23954.03.2022}
}

@article{guillemin1993,
  author = {Guillemin, Francis and Bombardier, Claire and Beaton, Dorcas},
  title = {Crosscultural adaptation of health-related quality of life measures: literature review and proposed guidelines},
  journal = {J Clin Epidemiol.},
  volume = {46},
  number = {12},
  pages = {1417-1432},
  year = {1993},
  doi = {10.1016/0895-4356(93)90142-N}
}

@article{leite2022,
  author = {Leite, Paloma Loiola and Torres, Francisco Ayslan Ferreira and Pereira, Leonarda Marques and Bezerra, Adriana de Moraes and Machado, Lucas Dias Soares and Silva, Maria Rocineide Ferreira da},
  title = {Construção e validação de podcast para educação em saúde sexual e reprodutiva de adolescentes},
  journal = {Revista Latino-Americana de  Enfermagem},
  volume = {30},
  number={spe},
  publisher={Escola de Enfermagem de Ribeirão Preto / Universidade de São Paulo},
  year = {2022},
  pages={e3706},
  doi = {10.1590/1518-8345.6263.3705}
}

@book{lopes2015,
  author = {Lopes, Leo},
  title = {Podcast: guia básico},
  publisher = {Editora Marsupial},
 address = {Rio de janeiro},
  year = {2015}
}

@article{marques2022,
  author = {Marques, Suzana R. L. and Lemos, Stela M. A.},
  title = {Letramento em saúde e fatores associados em adultos usuários da atenção primária},
  journal = {Trabalho, Educação e Saúde},
  volume = {16},
  number = {2},
  year = {2022},
  doi = {10.1590/1981-7746-sol00109}
}

@article{mota2021,
  author = {Mota, Alessandra da Silva and Reis, Jessyca Santos Cavalcante dos and Rocha, Sarah Lais and Oliveira, Gisele Rodrigues de Carvalho and Domingues, Robson José de Souza},
  title = {Construção e Validação de podcast como tecnologia educacional para prevenção da Hemorragia Pós-parto},
  journal = {Research, Society and Development},
  volume = {10},
  number = {3},
  year = {2021},
  doi = {10.33448/rsd-v10i3.12913}
}

@book{moita2006,
  editor = {Moita Lopes, Luiz},
  title = {Por uma linguística aplicada indisciplinar},
  publisher = {Parábola},
 address ={São Paulo},
  year = {2006}
}
@article{muniz2021,
  author = {Muniz, Ricardo Alexandre Amaral and Lamb, Paolo Porciúncula and Roges, Andréa Loureiro and Araújo, Ednaldo Cavalcante de and Vasconcelos, Eliane Maria Ribeiro de and Muniz, Vilma Célia Amaral},
  title = {Construção e validação de podcast com conteúdo educacional em saúde com participação ativa de acadêmicos de enfermagem},
  journal = {Research, Society and Development},
  volume = {10},
  number = {3},
  year = {2021},
  doi = {10.33448/rsd-v10i3.13646}
}

@article{paterson2015,
  author = {Paterson, Quinten S. and Thoma, Brent and Milne, W. Kenneth and Lin, Michelle and Chan, Teresa M.},
  title = {A Systematic Review and Qualitative Analysis to Determine Quality Indicators for Health Professions Education Blogs and Podcasts},
  journal = {Journal of graduate medical education},
  volume = {7},
  number = {4},
  pages = {549–554},
  year = {2015},
  doi = {10.4300/JGME-D-14-00728.1}
}

@book{pasquali2010,
  author = {Pasquali, Luiz},
  title = {Instrumentação psicológica: fundamentos e práticas},
  publisher = {Artmed},
 address = {Porto Alegre},
  year = {2010}
}

@article{sampaio2015,
  author = {Sampaio, Helena Alves de Carvalho and Carioca, Antônio Augusto Ferreira and Sabry, Maria Olganê Dantas and Santos, Patrícia Mariano dos and Coelho, Maria Auristela Magalhães and Passamai, Maria da Penha Baião},
  title = {Letramento em saúde de diabéticos tipo 2: fatores associados e controle glicêmico},
  journal = {Ciência \& Saúde Coletiva},
  volume = {20},
  number = {3},
  pages = {865-874},
  year = {2015}
}

@incollection{sampaio2021,
  author       = {Sampaio, H. A. C. and Azevedo, R. M.},
  title        = {Podcast como estratégia educativa},
  booktitle    = {Tecnologias e-health em gestão em saúde},
  editor       = {Jorge, Maria S. B. and others},
  year         = {2021},
  publisher    = {Editora CRV},
  address      = {Curitiba},
  pages        = {89--111},
}

@article{semakula2017,
  author = {Semakula, Daniel and Nsangi, Allen and Oxman, Matt and Austvoll-Dahlgren, Astrid and Rosenbaum, Sarah and Kaseje, Margaret and Nyirazinyoye, Laetitia and Fretheim, Atle and Chalmers, Iain and Oxman, Andrew D. and Sewankambo, Nelson K.},
  title = {Can an educational podcast improve the ability of parents of primary school children to assess the reliability of claims made about the benefits and harms of treatments: study protocol for a randomised controlled trial},
  journal = {Trials},
  volume = {18},
  number = {1},
  year = {2017},
  doi = {10.1186/s13063-016-1745-y}
}

@article{semakula2020,
  author = {Semakula, Daniel and Nsangi, Allen and Oxman, Andrew D. and Oxman, Matt and Austvoll-Dahlgren, Astrid and Rosenbaum, Sarah and Morelli, Angela and Glenton, Claire and Lewin, Simon and Nyirazinyoye, Laetitia and Kaseje, Margaret and Chalmers, Iain and Fretheim, Atle and Rose, Christopher J. and Sewankambo, Nelson K.},
  title = {Effects of the Informed Health Choices podcast on the ability of parents of primary school children in Uganda to assess the trustworthiness of claims about treatment effects: One-year follow up of a randomised trial},
  journal = {Trials},
  volume = {21},
  number = {1},
  year = {2020}
}

@article{sulistiawati2022,
  author = {Sulistiawati, Lia and Suseno, Muchlas},
  title = {An Evaluation of English Podcast Come and Speak Hour Program},
  journal = {Journal of Linguistics and English Teaching Studies},
  volume = {3},
  number = {2},
  pages = {47-59},
  year = {2022}
}

@book{sobral2008,
    author = {Sobral, A.},
    title = {Dizer o ``mesmo'' a outros: ensaios sobre tradução},
    year = {2008},
    publisher = {Special Book Services Livraria},
    address = {São Paulo}
}

@article{viana2020,
  author = {Viana, Luana},
  title = {Estudos sobre podcast: um panorama do estado da arte em pesquisas brasileiras de rádio e mídia sonora},
  journal = {Contracampo},
  volume = {39},
  number = {3},
  pages = {1-16},
  year = {2020},
  doi = {10.22409/contracampo.v39i3.43248}
}

@article{villarta2022,
  author = {Villarta-Neder, Marco A. and Ferreira, Helena M.},
  title = {O podcast como gênero discursivo: oralidade e multissemiose aquém e além da sala de aula},
  journal = {Letras},
  pages = {35–56},
  year = {2022},
  doi = {10.5902/2176148539579}
}

@incollection{volochinov2013,
  author = {Volochinov, Valentin N.},
  title = {A construção da enunciação},
  booktitle = {A Construção da Enunciação e Outros Ensaios},
  editor = {Volochinov, Valentin N.},
  publisher = {Pedro \& João Editores},
  year = {2013},
  pages = {157-188}
}

@book{who2021,
  author = {{World Health Organization}},
  title = {Health Promotion Glossary of Terms},
  address = {Geneva},
publisher={WHO},
  year = {2021}
}


@book{toury1995,
  title={Descriptive Translation Studies and Beyond},
  author={Toury, G.},
  isbn={9789027221452},
  lccn={95099667},
  series={Benjamins translation library},
  year={1995},
  publisher={J. Benjamins Pub.}
}





