@incollection{alvarezherrero-hernandez2020,
  title = {Formación online versus formación presencial: evaluación y rendimiento académico del alumnado universitario},
  author = {Álvarez-Herrero, J. and Hernández Ortega, J.},
  booktitle = {Tecnologías educativas y estrategias didácticas},
  editor = {Sánchez Rivas, Enrique et al.},
  editortype = {organizer},
  address = {Málaga},
  publisher = {UMA editorial},
  year = {2020},
  pages = {847-854}
}
@book{barrios2014,
  author = {Barrios, M. A.},
  title = {{Factores Asociados al Engagement Académico en Entornos Virtuales de Formación}},
  publisher = {Universidad de Sevilla},
  year = {2014}
}
@article{brown2017,
  author = {Brown, S. J. and White, S. and Bowmar, A. and Power, N.},
  title = {Student Engagement in a Compulsory Introductory Physiology Course},
  journal = {Journal of the Scholarship of Teaching and Learning},
  url = {https://files.eric.ed.gov/fulltext/EJ1136413.pdf},
  volume = {17},
  number = {1},
  year = {2017},
  pages = {52-62}
}
@article{cardona2015,
  author = {Cardona, J. P.},
  title = {Estudio correlacional de implementación de diseño emocional en Objetos de Aprendizaje},
  journal = {Campus Virtuales},
  url = {http://www.uajournals.com/campusvirtuales/es/component/content/article/9-uncategorised/121-6-art3.html},
  volume = {4},
  number = {1},
  month = {},
  year = {2015},
  pages = {44-54}
}
@incollection{goldhammer2017,
  title = {{ICT} engagement in learning environments},
  author = {Goldhammer, F. and Gniewosz, G. and Zylka, J.},
  booktitle = {{Assessing Contexts} of {Learning}. {Methodology} of {Educational} {Measurement} and {Assessment}},
  editor = {Kuger, S.},
  editortype = {organizer},
  publisher = {Springer International Publishing},
  year = {2017},
  pages = {331-351}
}
@article{jimenez2021,
  author = {Jiménez, Y. and Ruiz, M. A.},
  title = {Reflections on the {Challenges} that {Higher Education Faces} in {Times} of {COVID-19}},
  journal = {Economía y Desarrollo},
  url = {https://cutt.ly/HkRReUR},
  volume = {165},
  number = {1},
  edition = {3},
  year = {2021}
}
@article{mahdy2020,
  author = {Mahdy, M.},
  title = {The {Impact} of {COVID-19 Pandemic} on the {Academic Performance} of {Veterinary Medical Students}},
  journal = {Front Vet Sci},
  url = {https://www.ncbi.nlm.nih.gov/pmc/articles/PMC7572855/pdf/fvets-07-594261.pdf},
  volume = {7},
  year = {2020}
}
@article{manrique2020,
  author = {Manrique-Losada, B. and Zapata Cárdenas, M. I. and Arango Vásquez, S. I.},
  title = {Entorno virtual para cocrear recursos educativos digitales en la educación superior},
  journal = {Campus Virtuales},
  url = {http://www.uajournals.com/campusvirtuales/journal/16/8.pdf},
  volume = {9},
  number = {1},
  year = {2020},
  pages = {101-112}
}
@inproceedings{maphosa2020,
	author		= {Maphosa, V. and Jita, T. and Dube, B.},
	title		= {Students’ perception and use of {Moodle} as the {E-Learning} system implemented at a rural {University} in {Zimbabwe}},
	booktitle	= {Proceedings of {EdMedia} + {Innovate Learning}},
    pages		= {175--182},
	address	= {Online, The Netherlands},
	organization	= {Association for the {Advancement of Computing in Education} ({AACE})},
	year		= {2020}
}
@article{paredes2020,
  author = {Paredes, Y. and Chipia, J.},
  title = {Construcción de una jornada virtual sobre covid-19 a través de telegram},
  journal = {Revista del Grupo de Investigación en Comunidad y Salud},
  url = {http://erevistas.saber.ula.ve/index.php/gicos/article/view/16616},
  volume = {5},
  number = {2},
  year = {2020}
}
@article{alexander2018,
	title = {An {Internet}-{Based} {Radiology} {Course} in {Medical} {School}: {Comparison} of {Academic} {Performance} of {Students} on {Campus} {Versus} {Those} {With} {Absenteeism} {Due} to {Residency} {Interviews}},
	volume = {4},
	issn = {2369-3762},
	url = {http://mededu.jmir.org/2018/1/e14/},
	doi = {10.2196/mededu.8747},
	number = {1},
	urldate = {2019-11-19},
	journal = {JMIR Medical Education},
	author = {Alexander, Andrew George and Deas, Deborah and Lyons, Paul Eric},
	month = may,
	year = {2018},
	pages = {14}
}
@article{amaya2021,
	title = {Análisis de las competencias didácticas virtuales en la impartición de clases universitarias en línea, durante contingencia del {COVID}-19},
	volume = {21},
	url = {https://revistas.um.es/red/article/view/426371},
	doi = {10.6018/red.426371},
	number = {65},
	urldate = {2021-02-19},
	journal = {Revista de Educación a Distancia (RED)},
	author = {Amaya, Arturo and Cantú Cervantes, Daniel and Marreros Vázquez, José Guillermo},
	month = jan,
	year = {2021}
}
@article{bakker2018,
	title = {Proactive {Vitality} {Management}, {Work} {Engagement}, and {Creativity}: {The} {Role} of {Goal} {Orientation}},
	volume = {69},
	url = {https://onlinelibrary.wiley.com/doi/abs/10.1111/apps.12173},
	doi = {10.1111/apps.12173},
	number = {2},
	urldate = {2021-02-19},
	journal = {Applied Psychology},
	author = {Bakker, Arnold B. and Petrou, Paraskevas and Op den Kamp, Emma M. and Tims, Maria},
	month = apr,
	year = {2018},
	pages = {351--378}
}
@article{baptistalucio2020,
	title = {Encuesta {Nacional} a {Docentes} ante el {COVID}-19. {Retos} para la educación a distancia},
	volume = {50},
	url = {https://rlee.ibero.mx/index.php/rlee/article/view/96},
	doi = {10.48102/rlee.2020.50.ESPECIAL.96},
	number = {ESPECIAL},
	urldate = {2020-12-09},
	journal = {Revista Latinoamericana de Estudios Educativos},
	author = {Baptista Lucio, Pilar and Almazán Zimerman, Alejandro and Loeza Altamirano, César Alberto},
	month = sep,
	year = {2020},
	pages = {41--88}
}
@article{buchele2020,
	title = {Evaluating the link between attendance and performance in higher education: the role of classroom engagement dimensions},
	volume = {46},
	shorttitle = {Evaluating the link between attendance and performance in higher education},
	url = {https://www.tandfonline.com/doi/full/10.1080/02602938.2020.1754330},
	doi = {10.1080/02602938.2020.1754330},
	number = {1},
	urldate = {2020-12-09},
	journal = {Assessment \& Evaluation in Higher Education},
	author = {Büchele, Stefan},
	month = jan,
	year = {2020},
	pages = {132--150}
}
@article{cacerespinaloza2020,
	title = {Educación virtual: {Creando} espacios afectivos, de convivencia y aprendizaje en tiempos de {COVID}-19},
	volume = {9},
	copyright = {Derechos de autor 2020 Katherine Fernanda Cáceres-Piñaloza},
	url = {http://cienciamerica.uti.edu.ec/openjournal/index.php/uti/article/view/284},
	doi = {10.33210/ca.v9i2.284},
	number = {2},
	urldate = {2020-12-09},
	journal = {CienciAmérica},
	author = {Cáceres-Piñaloza, Katherine Fernanda},
	month = may,
	year = {2020},
	pages = {38--44}
}
@article{cavinato2021,
	title = {Promoting student interaction, engagement, and success in an online environment},
	volume = {413},
	url = {http://link.springer.com/10.1007/s00216-021-03178-x},
	doi = {10.1007/s00216-021-03178-x},
	number = {6},
	urldate = {2020-12-09},
	journal = {Analytical and Bioanalytical Chemistry},
	author = {Cavinato, Anna G. and Hunter, Rebecca A. and Ott, Lisa S. and Robinson, Jill K.},
	month = mar,
	year = {2021},
	pages = {1513--1520}
}
@book{coll2008,
	address = {Madrid},
	title = {Psicología de la educación virtual: aprender y enseñar con las tecnologías de la información y la comunicación},
	publisher = {Ediciones Morata},
	author = {Coll, César and Monereo , Carles},
	year = {2008}
}
@article{davis2018,
	title = {Learning and engagement in a gamified course: {Investigating} the effects of student characteristics},
	volume = {34},
	url = {http://doi.wiley.com/10.1111/jcal.12254},
	doi = {10.1111/jcal.12254},
	number = {5},
	urldate = {2020-12-09},
	journal = {Journal of Computer Assisted Learning},
	author = {Davis, K. and Sridharan, H. and Koepke, L. and Singh, S. and Boiko, R.},
	month = {oct},
	year = {2018},
	pages = {492--503}
}
@article{diazguillen2018,
	title = {Análisis del proceso metodológico en programas de educación superior en modalidad virtual},
	volume = {21},
	url = {https://revistas.um.es/red/article/view/450711},
	doi = {10.6018/red.450711},
	number = {65},
	urldate = {2020-12-09},
	journal = {Revista de Educación a Distancia (RED)},
	author = {Díaz Guillen, Paula Andrea and Andrade Arango, Yamilhet and Hincapié Zuleta, Ana María and Uribe Uran, Adriana Patricia},
	year = {2018}
}
@article{elmaadaway2017,
	title = {The effects of a flipped classroom approach on class engagement and skill performance in a {Blackboard} course: {Effects} of the flipped classroom approach},
	volume = {49},
	url = {http://doi.wiley.com/10.1111/bjet.12553},
	doi = {10.1111/bjet.12553},
	number = {3},
	urldate = {2020-12-09},
	journal = {British Journal of Educational Technology},
	author = {Elmaadaway, Mohamed Ali Nagy},
	year = {2017},
	pages = {479--491}
}
@article{eltahir2021,
	title = {The impact of game-based learning ({GBL}) on students’ motivation, engagement and academic performance on an {Arabic} language grammar course in higher education},
	volume = {26},
	url = {https://link.springer.com/10.1007/s10639-020-10396-w},
	doi = {10.1007/s10639-020-10396-w},
	number = {3},
	journal = {Education and Information Technologies},
	author = {Eltahir, Mohd. Elmagzoub and Alsalhi, Najeh Rajeh and Al-Qatawneh, Sami and AlQudah, Hatem Ahmad and Jaradat, Mazan},
	year = {2021},
	pages = {3251--3278}
}
@article{floresnessi2020,
	title = {Educación a distancia en las universidades venezolanas ante la pandemia {COVID}-19: {Desafíos} y {Oportunidades}},
	volume = {5},
	shorttitle = {Educación a distancia en las universidades venezolanas ante la pandemia {COVID}-19},
	url = {http://www.indteca.com/ojs/index.php/Revista_Scientific/article/view/546},
	doi = {10.29394/Scientific.issn.2542-2987.2020.5.18.4.85-107},
	number = {18},
	urldate = {2020-12-09},
	journal = {Revista Scientific},
	author = {Flores Nessi, Eddymar María and Meléndez Mora, Jenny Macarena and Baptista Montero, María Alejandra},
	month = nov,
	year = {2020},
	pages = {85--107}
}
@article{fuentescancell2021,
	title = {Las redes sociales digitales: una valoración socioeducativa. {Revisión} sistemática.},
	volume = {1},
	url = {https://institucional.us.es/revistas/fuente/23_1/11947.pdf},
	doi = {10.12795/revistafuentes.2021.v23.i1.11947},
	number = {23},
	journal = {Revista Fuentes},
	author = {Fuentes-Cancell, Dieter Reynaldo and Estrada-Molina, Odiel and Delgado-Yanes, Nilda},
	year = {2021},
	pages = {41--52}
}
@article{garciaaretio2020,
	title = {Bosque semántico: ¿educación/enseñanza/aprendizaje a distancia, virtual, en línea, digital, {eLearning}…?},
	volume = {23},
	url = {http://revistas.uned.es/index.php/ried/article/view/25495},
	doi = {10.5944/ried.23.1.25495},
	number = {1},
	urldate = {2020-12-09},
	journal = {RIED. Revista Iberoamericana de Educación a Distancia},
	author = {García Aretio, Lorenzo},
	month = jan,
	year = {2020},
	pages = {9--28}
}
@article{gazcaherrera2020,
	title = {Implicaciones del coronavirus covid-19 en los procesos de enseñanza en la educación superior},
	volume = {11},
	url = {https://www.ride.org.mx/index.php/RIDE/article/view/753},
	doi = {10.23913/ride.v11i21.753},
	number = {21},
	urldate = {2020-12-09},
	journal = {RIDE Revista Iberoamericana para la Investigación y el Desarrollo Educativo},
	author = {Gazca Herrera, Luis Alejandro},
	month = oct,
	year = {2020}
}
@article{gonzalez2020,
	title = {Estrés académico en estudiantes universitarios asociado a la pandemia por {COVID}-19},
	volume = {9},
	url = {https://espacioimasd.unach.mx/index.php/Inicio/article/view/249/794},
	doi = {10.31644/IMASD.25.2020.a10},
	number = {25},
	urldate = {2020-12-09},
	journal = {Revista Espacio I+D Innovación más Desarrollo},
	author = {González, Lilia},
	year = {2020},
	pages = {158--179}
}
@article{gopalan2020,
	title = {Use of {Quasi}-{Experimental} {Research} {Designs} in {Education} {Research}: {Growth}, {Promise}, and {Challenges}},
	volume = {44},
	url = {http://journals.sagepub.com/doi/10.3102/0091732X20903302},
	doi = {10.3102/0091732X20903302},
	number = {1},
	urldate = {2021-01-12},
	journal = {Review of Research in Education},
	author = {Gopalan, Maithreyi and Rosinger, Kelly and Ahn, Jee Bin},
	month = mar,
	year = {2020},
	pages = {218--243}
}
@article{handelsman2005,
	title = {A {Measure} of {College} {Student} {Course} {Engagement}},
	volume = {98},
	url = {https://www.jstor.org/stable/27548076},
	number = {3},
	urldate = {2020-12-09},
	journal = {The Journal of Educational Research},
	author = {Handelsman, Mitchell M. and Briggs, William L. and Sullivan, Nora and Towler, Annette},
	year = {2005},
	pages = {184--191}
}
@article{hernandez2020,
	title = {Gestión de las emociones en tiempos de pandemia y su impacto en el rendimiento académico},
	volume = {9},
	url = {http://revistas.ucv.edu.pe/index.php/UCV-HACER/article/view/2634},
	doi = {10.18050/ucv-hacer.v9i4.2634},
	number = {4},
	urldate = {2020-12-09},
	journal = {Revista Científica UCV HACER},
	author = {HERNÁNDEZ, Genibert},
	month = oct,
	year = {2020},
	pages = {55--64}
}
@article{hernandezramos2021,
	title = {empleo de videotutoriales en la era post {COVID19}: valoración e influencia en la identidad docente del futuro profesional},
	volume = {21},
	url = {https://revistas.um.es/red/article/view/449321},
	doi = {10.6018/red.449321},
	number = {65},
	journal = {Revista de Educación a Distancia (RED)},
	author = {Hernández-Ramos, Juan Pablo and Martínez-Abad, Fernando and Sánchez-Prieto, José Carlos},
	year = {2021}
}
@article{jordan2020,
	title = {Education during the {COVID}-19: crisis {Opportunities} and constraints of using {EdTech} in low-income countries},
	volume = {21},
	url = {https://revistas.um.es/red/article/view/453621},
	doi = {10.6018/red.453621},
	number = {65},
	urldate = {2020-12-09},
	journal = {Revista de Educación a Distancia (RED)},
	author = {Jordan, Katy and David, Raluca and Phillips, Toby and Pellini, Arnaldo},
	year = {2020}
}
@article{kemmekah2020,
	title = {Online {Teaching} {During} the {Covid}-19 crisis in {Cameoon}’s {University} {Education}: {Achievements} and {Challenges}},
	url = {https://revistas.proeditio.com/ehquidad/article/view/3793},
	doi = {10.15257/ehquidad.2020.0012},
	number = {14},
	urldate = {2020-12-09},
	journal = {Ehquidad Revista Internacional de Políticas de Bienestar y Trabajo Social},
	author = {Kem-Mekah, Oscar},
	month = jul,
	year = {2020},
	pages = {57--74}
}
@article{kerimbayev2020,
	title = {Virtual educational environment: interactive communication using {LMS} {Moodle}},
	volume = {25},
	url = {http://link.springer.com/10.1007/s10639-019-10067-5},
	doi = {10.1007/s10639-019-10067-5},
	number = {3},
	journal = {Education and Information Technologies},
	author = {Kerimbayev, Nurassyl and Nurym, Nurdaulet and Akramova, Аliya and Abdykarimova, Saule},
	month = may,
	year = {2020},
	pages = {1965--1982}
}
@article{li2020,
	title = {Antecedents of {Employees}’ {Goal} {Orientation} and the {Effects} of {Goal} {Orientation} on {E}-{Learning} {Outcomes}: {The} {Roles} of {Intra}-{Organizational} {Environment}},
	volume = {12},
	url = {https://www.mdpi.com/2071-1050/12/11/4759},
	doi = {10.3390/su12114759},
	number = {11},
	journal = {Sustainability},
	author = {Li, Der-Chiang and Tsai, Ching-Yeh},
	month = jan,
	year = {2020},
	pages = {4759}
}
@article{lin2020,
	title = {Guidance for wiki-supported collaborative learning and community knowledge building for an entire class: {Enhancing} learning environments during the {COVID19} pandemic},
	volume = {21},
	url = {https://revistas.um.es/red/article/view/447401},
	doi = {10.6018/red.447401},
	number = {65},
	journal = {Revista de Educación a Distancia (RED)},
	author = {Lin, Chun-Yi and Reigeluth, Charles M.},
	year = {2020}
}
@article{luo2018,
	title = {Using {Twitter} as a pedagogical tool in two classrooms: a comparative case study between an education and a communication class},
	volume = {31},
	url = {http://link.springer.com/10.1007/s12528-018-9192-2},
	doi = {10.1007/s12528-018-9192-2},
	number = {1},
	urldate = {2020-12-09},
	journal = {Journal of Computing in Higher Education},
	author = {Luo, Tian and Xie, Quan},
	year = {2018},
	pages = {81--104}
}
@article{mauri2016,
	title = {{La} {calidad} {de} {los} {contenidos} {educativos} {reutilizables}: {diseño}, {usabilidad} {y} {prácticas} {de} {uso}},
	volume = {50},
	url = {https://revistas.um.es/red/article/view/25091},
	urldate = {2020-10-10},
	journal = {Revista de Educación a Distancia (RED)},
	author = {Mauri, Teresa and Onrubia, Javier and Coll, César and Colomina, Rosa},
	year = {2016},
	pages = {1--9}
}
@article{miguel2020,
	title = {La educación superior en tiempos de pandemia: una visión desde dentro del proceso formativo},
	volume = {50},
	url = {https://rlee.ibero.mx/index.php/rlee/article/view/95},
	doi = {10.48102/rlee.2020.50.ESPECIAL.95},
	number = {ESPECIAL},
	urldate = {2020-12-21},
	journal = {Revista Latinoamericana de Estudios Educativos},
	author = {Miguel, José Antonio},
	month = sep,
	year = {2020},
	pages = {13--40}
}
@book{miles2014,
	address = {Thousand Oaks, Califorinia},
	edition = {Third edition},
	title = {Qualitative data analysis: a methods sourcebook},
	publisher = {SAGE Publications, Inc},
	author = {Miles, Matthew B. and Huberman, A. M. and Saldaña, Johnny},
	year = {2014}
}
@article{mohd2020,
	title = {Modifying the {Student} {Course} {Engagement} {Questionnaire} for {Use} with {Online} {Courses}},
	volume = {17},
	url = {https://cutt.ly/AkRR5Rw },
	number = {1},
	urldate = {2021-01-16},
	journal = {The journal of educators online},
	author = {MOHD, M and JANIKOWSKI, T and GUYKER, W and WANG, C},
	year = {2020}
}
@article{murillo2020,
	title = {The {Covid}-19 and the {Educational} {Gaps}},
	volume = {14},
	url = {http://www.scielo.cl/scielo.php?script=sci_abstract&pid=S0718-73782020000100011&lng=en&nrm=iso&tlng=en},
	doi = {10.4067/S0718-73782020000100011},
	number = {1},
	urldate = {2021-05-21},
	journal = {Revista latinoamericana de educación inclusiva},
	author = {Murillo, F. Javier and Duk, Cynthia and Murillo, F. Javier and Duk, Cynthia},
	month = jun,
	year = {2020},
	pages = {11--13}
}
@article{ojeda2020,
	title = {Análisis de la percepción de estudiantes presenciales acerca de clases virtuales como respuesta a la crisis del {Covid}-19},
	volume = {41},
	url = {https://www.revistaespacios.com/a20v41n42/20414207.html},
	number = {42},
	urldate = {2021-01-19},
	journal = {Revista ESPACIOS},
	author = {Ojeda, Adelaida and Ortega, Danny D. and Boom, Efrain A.},
	month = nov,
	year = {2020},
	pages = {81--92}
}
@article{perezberenguer2016,
	title = {Un enfoque para la creación de contenido online interactivo},
	volume = {51},
	copyright = {Derechos de autor 2016 Revista de Educación a Distancia},
	url = {https://revistas.um.es/red/article/view/275151},
	urldate = {2020-12-09},
	journal = {Revista de Educación a Distancia (RED)},
	author = {Pérez-Berenguer, Daniel and García-Molina, Jesús},
	month = nov,
	year = {2016},
	keywords = {plataforma de aprendizaje},
	pages = {1--24}
}
@article{pulidoguerrero2020,
	title = {Mediación de conflictos y violencia escolar: {Resultados} de intervención a través de un estudio cuasi-experimental},
	volume = {31},
	url = {http://revistas.uned.es/index.php/reop/article/view/29261},
	doi = {10.5944/reop.vol.31.num.3.2020.29261},
	number = {3},
	urldate = {2021-01-12},
	journal = {REOP - Revista Española de Orientación y Psicopedagogía},
	author = {Pulido Guerrero, Edgar Guillermo and Cudris Torres, Lorena and Tirado Vides, María Margarita and Jiménez Ruíz, Luz Karine},
	month = dec,
	year = {2020},
	pages = {45--63}
}
@article{santiagoiglesias2021,
	title = {Emergency remote teaching and students’ academic performance in higher education during the {COVID}-19 pandemic: {A} case study},
	url = {https://linkinghub.elsevier.com/retrieve/pii/S0747563221000352},
	doi = {10.1016/j.chb.2021.106713},
	urldate = {2021-01-19},
	journal = {Computers in Human Behavior},
	author = {Santiago, I. and Hernández-García, Ángel and Chaparro-Peláez, Julián and Prieto, José Luis},
	year = {2021}
}
@article{schaufeli2002,
	title = {Burnout and {Engagement} in {University} {Students}: {A} {Cross}-{National} {Study}},
	volume = {33},
	url = {http://journals.sagepub.com/doi/10.1177/0022022102033005003},
	doi = {10.1177/0022022102033005003},
	number = {5},
	urldate = {2020-12-09},
	journal = {Journal of Cross-Cultural Psychology},
	author = {Schaufeli, Wilmar B. and Martínez, Isabel M. and Pinto, Alexandra Marques and Salanova, Marisa and Bakker, Arnold B.},
	month = sep,
	year = {2002},
	pages = {464--481}
}
@article{senkbeil2018,
	title = {Development and validation of the {ICT} motivation scale for young adolescents. {Results} of the international school assessment study {ICILS} 2013 in {Germany}},
	volume = {67},
	issn = {10416080},
	url = {https://linkinghub.elsevier.com/retrieve/pii/S1041608018301377},
	doi = {10.1016/j.lindif.2018.08.007},
	urldate = {2020-12-09},
	journal = {Learning and Individual Differences},
	author = {Senkbeil, Martin},
	month = aug,
	year = {2018},
	pages = {167--176}
}
@article{shumow2013,
	title = {Multiple {Perspectives} on {Student} {Learning}, {Engagement}, and {Motivation} in {High} {School} {Biology} {Labs}},
	volume = {96},
	url = {https://www.jstor.org/stable/23351976},
	number = {3},
	urldate = {2020-12-09},
	journal = {The High School Journal},
	author = {Shumow, Lee and Schmidt, Jennifer A. and Zaleski, Diana J.},
	year = {2013},
	pages = {232--252}
}
@article{sim2021,
	title = {Online {Learning}: {A} {Post} {Covid}-19 {Alternative} {Pedagogy} {For} {University} {Students}},
	volume = {6},
	url = {http://myjms.mohe.gov.my/index.php/AJUE/article/view/11963},
	doi = {10.24191/ajue.v16i4.11963},
	number = {4},
	urldate = {2021-01-21},
	journal = {Asian Journal of University Education},
	author = {Sim, Sandra Phek-Lin and Sim, Hannah Phek-Khiok and Quah, Cheng-Sim},
	month = jan,
	year = {2021},
	pages = {137--151}
}
@article{smith2021,
	title = {A virtual emergency: learning lessons from remote medical student education during the {COVID}-19 pandemic},
	volume = {28},
	url = {https://link.springer.com/10.1007/s10140-020-01874-2},
	doi = {10.1007/s10140-020-01874-2},
	number = {3},
	journal = {Emergency Radiology},
	author = {Smith, Elana and Boscak, Alexis},
	year = {2021},
	pages = {445--452}
}
@article{snyder2020,
	title = {The perspective of doctoral nursing students engaged in mentored international research},
	volume = {11},
	url = {http://www.sciedupress.com/journal/index.php/jnep/article/view/18128},
	doi = {10.5430/jnep.v11n1p19},
	number = {1},
	urldate = {2021-01-21},
	journal = {Journal of Nursing Education and Practice},
	author = {Snyder, Audrey and Milbrath, Gwyneth and Hood, Tiffany Lee and Gaul, Raiden and Hijmans, Kyler and Leahy, Nancy and Matthew, Stephanie},
	year = {2020},
	pages = {19--25}
}
@article{stack2015,
	title = {Learning {Outcomes} in an online vs traditional course},
	volume = {9},
	url = {http://digitalcommons.georgiasouthern.edu/ij-sotl/vol9/iss1/5},
	doi = {10.20429/ijsotl.2015.090105},
	number = {1},
	urldate = {2020-12-09},
	journal = {Georgia Educational Researcher},
	author = {Stack, Steven},
	month = jan,
	year = {2015}
}
@article{valdivieso2020,
	title = {Percepción de estudiantes universitarios colombianos sobre el efecto del confinamiento por el coronavirus, y su rendimiento académico},
	volume = {41},
	url = {https://www.revistaespacios.com/a20v41n42/20414223.html},
	number = {42},
	urldate = {2021-12-09},
	journal = {Revista ESPACIOS},
	author = {VALDIVIESO, M. and BURBANO, V. and BURBANO, A.},
	month = nov,
	year = {2020},
	pages = {269--281}
}
@article{valenciavallejo2014,
	title = {Los ambientes virtuales de aprendizaje: una revisión de publicaciones entre 2003 y 2013, desde la perspectiva de la pedagogía basada en la evidencia},
	volume = {66},
	url = {http://www.scielo.org.co/scielo.php?script=sci_abstract&pid=S0120-39162014000100004&lng=en&nrm=iso&tlng=es},
	urldate = {2021-12-09},
	journal = {Revista Colombiana de Educación},
	author = {Valencia Vallejo, Nilson G. and Huertas Bustos, Adriana P. and Baracaldo Ramírez, Pedro O.},
	month = jan,
	year = {2014},
	pages = {73--103}
}
@article{velasquez2020,
	title = {La {Educación} {Virtual} en tiempos de {Covid}-19},
	volume = {3},
	url = {https://revista-cientifica-internacional.org/index.php/revista/article/view/8},
	doi = {10.46734/revcientifica.v2i1.8},
	number = {1},
	urldate = {2020-12-21},
	journal = {Revista Científica Internacional},
	author = {Velásquez, Rubí},
	month = jul,
	year = {2020},
	pages = {19--25}
}
@article{walker2021,
	title = {Student and instructor perceptions of engagement after the rapid online transition of teaching due to {COVID}‐19},
	volume = {50},
	url = {https://onlinelibrary.wiley.com/doi/10.1002/nse2.20038},
	doi = {10.1002/nse2.20038},
	number = {1},
	urldate = {2021-01-13},
	journal = {Natural Sciences Education},
	author = {Walker, Kristen A. and Koralesky, Katherine E.},
	month = jan,
	year = {2021}
}
@book{cohen1988,
	address = {Hillsdale, N.J},
	edition = {2},
	title = {Statistical power analysis for the behavioral sciences},
	publisher = {L. Erlbaum Associates},
	author = {Cohen, Jacob},
	year = {1988}
}
%MAPHOSA, V.; JITA, T.; DUBE, B. Students’ perception and use of Moodle as the E-Learning system implemented at a rural University in Zimbabwe. In: Proceedings of EdMedia + Innovate Learning. Waynesville: [s.n.], 2020. Disponible en: https://www.learntechlib.org/p/217300/ Acceso en: 11 diciembre 2020.
@incollection{maphosa2020,
  title = {Students’ perception and use of {Moodle} as the {E-Learning} system implemented at a rural {University} in {Zimbabwe}},
  author = {Maphosa, V. and Jita, T. and Dube, B.},
  booktitle = {Proceedings of {EdMedia} + {Innovate Learning}},
  editortype = {organizer},
  address = {Waynesville},
  year = {2020}
}

%HERNÁNDEZ-SAMPIERI, R.; FERNÁNDEZ-COLLADO, C.; BAPTISTA-LUCIO, P. Metodología de la investigación. México: McGRAW-HILL / INTERAMERICANA EDITORES, S.A. DE C.V, 2014.
@book{hernandezsampieri2014,
  author = {Hernández-Sampieri, R. and Fernández-Collado, C.},
  title = {Metodología de la investigación},
  publisher = {McGraw-Hill and Interamericana Editores},
  address = {México},
  year = {2014}
}



