@article{sanchez2002,
	title        = {La investigación sobre el desarrollo y la enseñanza de las habilidades de pensamiento},
	author       = {Amestoy de Sánchez, Margarita},
	year         = 2002,
	journal      = {Revista electrónica de investigación educativa},
	volume       = 4,
	number       = 1,
	pages        = {01--32},
	url          = {http://www.scielo.org.mx/scielo.php?script=sci_abstract&pid=S1607-40412002000100010&lng=es&nrm=iso&tlng=es},
	urldate      = {2021-05-11},
}
@inproceedings{araneda2019,
	title        = {New profile of the university student and his thinking strategies: Evidence from Chile},
	booktitle = {ICERI2019 Proceedings},
	author       = {Araneda, Carmen and Aravena, Margarita and Cortes, Tamara and El Homrani, Mohammed},
	year         = 2019,
	month        = nov,
	address      = {Seville, Spain},
	pages        = {8607--8611},
	doi          = {10.21125/iceri.2019.2051},
	url          = {http://library.iated.org/view/ARANEDA2019NEW},
	urldate      = {2021-05-11}
}
@article{aravenagaete2020,
	title        = {Learning Strategies at a Higher Taxonomic Level in Primary Education Students in the Digital Age},
	author       = {Aravena-Gaete, Margarita and Campos-Soto, María Natalia and Rodríguez-Jiménez, Carmen},
	year         = 2020,
	month        = nov,
	journal      = {Sustainability},
	volume       = 12,
	number       = 23,
	pages        = {9877},
	doi          = {10.3390/su12239877},
	url          = {https://www.mdpi.com/2071-1050/12/23/9877},
	urldate      = {2021-05-11},
}
@book{aravenagaete2021,
  author = {Aravena-Gaete, M. and Marambio, C. and Martin, M.},
  title = {Estrategias para desarrollar habilidades del pensamiento en la educación superior},
  publisher = {Editorial Dikynson},
  address = {Madrid},
  year = {2021}
}
@article{aznardiaz2017,
	title        = {Percepciones de los futuros docentes respecto al potencial de la ludificación y la inclusión de los videojuegos en los procesos de enseñanza-aprendizaje},
	author       = {Aznar-Díaz, Inmaculada and Raso-Sánchez, Francisco and Hinojo-Lucena, M. Angustias and Romero-Díaz de la Guardia, José Javier},
	year         = 2017,
	month        = dec,
	journal      = {Educar},
	volume       = 53,
	number       = 1,
	pages        = {11-28},
	doi          = {10.5565/rev/educar.840},
	url          = {http://educar.uab.cat/article/view/v53-n1-aznar-diaz-etal},
	urldate      = {2021-05-11}
}
@book{beas2014,
  author = {Beas, J. and Santa Cruz, J. and Thomsen, P. and Uteras, S.},
  title = {Enseñar a pensar para aprender mejor},
  publisher = {Ediciones Pontificia Universidad Católica de Chile},
  address = {Santiago},
   year = {2014}
}
@article{brazomillan2018,
	title        = {Aprendiendo léxico y ortografía francesa en la universidad mediante el videojuego {SCRIBBLENAUTS}},
	author       = {Brazo Millán, Ana Isabel and Muñoz González, Juan Manuel and Castro de Castro, Carmen},
	year         = 2018,
	month        = aug,
	journal      = {EDMETIC},
	volume       = 7,
	number       = 2,
	pages        = {18-36},
	doi          = {10.21071/edmetic.v7i2.7201},
	url          = {http://www.uco.es/servicios/ucopress/ojs/index.php/edmetic/article/view/7201},
	urldate      = {2021-05-11}
}
@manual{chambers1992,
	title        = {The R Project for Statistical Computing},
	author       = {Chambers, J. and Gentleman, R. and Ihaka, R.},
	year         = 1992,
	address      = {Vienna, Austria},
	url          = {http://www.r-project.org/},
	urldate      = {2021-05-11},
	organization = {R Foundation for Statistical Computing}
}
@article{delmoral2015,
	title        = {Videojuegos en las aulas: implicaciones de una innovación disruptiva para desarrollar las {Inteligencias} {Múltiples}},
	author       = {Pérez, María Esther del Moral and García, Laura Carlota Fernández},
	year         = 2015,
	month        = {feb},
	journal      = {Revista Complutense de Educación},
	volume       = 26,
	pages        = {97--118},
	doi          = {10.5209/rev_RCED.2015.v26.44763},
	url          = {https://revistas.ucm.es/index.php/RCED/article/view/44763},
	urldate      = {2021-05-11}
}
@incollection{dondi2014,
  title = {Why choose a game for improving learning and teaching processes?},
  author = {Dondi, C. and Edvinsson, B. and Moretti, M.},
  booktitle = {Guidelines for game-based learning},
  editor = {Picev, M. and Koubek, A. and Dondi, C.},
  editortype = {organizer},
  address = {Lengerich},
  publisher = {Pabst Science Publ},
  year = {2014},
  pages = {20--76}
}
@article{eguia2013,
	title        = {Videojuegos: {C}onceptos, historia y su potencial como herramienta para la educación},
	author       = {Eguía, J. L. and Contretas-Espinosa, R. and Solano-Albajes, L.},
	year         = 2013,
	journal      = {Revista 3 Ciencias TIC},
	volume       = 1,
	number       = 2,
	pages        = {1--14},
	url          = {https://www.3ciencias.com/articulos/articulo/videojuegos-conceptoshistoria-y-su-potencial-como-herramienta-para-la-educacion/}
}
@article{escontrela2004,
  author = {Escontrela, R. and Sto Janovic, L.},
  title = {La integración de las TIC en la educación: {A}puntes para un modelo pedagógico pertinente},
  journal = {Revista de Pedagogìa},
  volume = {25},
  number = {74},
  year = {2004},
  pages = {481--502}
}
@article{ertmer2010,
	title        = {Teacher Technology Change: How Knowledge, Confidence, Beliefs, and Culture Intersect},
	shorttitle   = {Teacher Technology Change},
	author       = {Ertmer, Peggy A. and Ottenbreit-Leftwich, Anne T.},
	year         = 2010,
	month        = {mar},
	journal      = {Journal of Research on Technology in Education},
	volume       = 42,
	number       = 3,
	pages        = {255--284},
	doi          = {10.1080/15391523.2010.10782551},
	url          = {http://www.tandfonline.com/doi/abs/10.1080/15391523.2010.10782551},
	urldate      = {2021-05-11}
}
@article{gargallo2018,
	title        = {La integración de las {TIC} en los procesos educativos y organizativos},
	author       = {Gargallo Castel, Ana Felicitas},
	year         = 2018,
	month        = jun,
	journal      = {Educar em Revista},
	volume       = 34,
	number       = 69,
	pages        = {325--339},
	doi          = {10.1590/0104-4060.57305},
	url          = {http://www.scielo.br/scielo.php?script=sci_arttext&pid=S0104-40602018000300325&lng=es&tlng=es},
	urldate      = {2021-05-11}
}
@book{lacasa2011,
	title        = {Los videojuegos: aprender en mundos reales y virtuales},
	author       = {Lacasa, Pilar},
	year         = 2011,
	publisher    = {Morata},
	address      = {Madrid}
}
@book{kirriemuir2004,
	title        = {Literature review in games and learning},
	author       = {Kirriemuir, John and McFarlane, Angela},
	year         = 2004,
	publisher    = {Futurelab},
	address      = {Bristol}
}
@article{perez_videojuegos_2015-1,
	title        = {Videojuegos en las aulas: implicaciones de una innovación disruptiva para desarrollar las {Inteligencias} {Múltiples}},
	author       = {Pérez, María Esther del Moral and García, Laura Carlota Fernández},
	year         = 2015,
	month        = feb,
	journal      = {Revista Complutense de Educación},
	volume       = 26,
	pages        = {97--118},
	doi          = {10.5209/rev_RCED.2015.v26.44763},
	url          = {https://revistas.ucm.es/index.php/RCED/article/view/44763},
	urldate      = {2021-05-11}
}
@article{ramos2010,
	title        = {Desarrollo de habilidades cognitivas con aprendizaje mòvil: un estudios de casos},
	author       = {Ramos-Elizondo, Ana Isabel and Herrera-Bernal, José Alberto and Ramírez-Montoya, María Soledad},
	year         = 2010,
	month        = mar,
	journal      = {Revista Comunicar},
	volume       = 17,
	number       = 34,
	pages        = {201--209},
	doi          = {10.3916/C34-2010-03-20},
	url          = {https://www.revistacomunicar.com/index.php?contenido=detalles&numero=34&articulo=34-2010-23},
	urldate      = {2021-05-11},
}
@article{remolinacaviedes2014,
  author = {Remolina Caviedes, R.},
  title = {La integración educativa de las nuevas Tecnologías de la Información y la Comunicación},
  journal = {Revista Latinoamericana de Estudios Educativos},
  address = {México},
  volume = {XLIV},
  number = {1},
  year = {2014},
  pages = {71--91}
}
@book{maclure2003,
	title        = {Aprender a pensar, pensar en aprender},
	author       = {Maclure, Stuart and Davies, Peter},
	year         = 2003,
	publisher    = {Gedisa},
	address      = {Barcelona}
}
@online{mansilla2017,
	title        = {La importancia de las habilidades que adquieres gracias a los videojuegos},
	author       = {Mansilla, Chema},
	year         = 2017,
	month        = aug,
	journal      = {3DJuegos},
	url          = {https://www.3djuegos.com/noticias-ver/173357/la-importancia-de-las-habilidades-que-adquieres-gracias-a/},
	urldate      = {2021-05-12}
}
@book{marzano2005,
  author = {Marzano, R. J. and Pickering, D. J.},
  title = {Dimensiones del aprendizaje},
  publisher = {ITESO},
  address = {Estados Unidos},
  year = {2005}
}
@article{moralesdiaz2018,
	title        = {Viabilidad del uso del videojuego en el aula: opiniones prácticas de los maestros en pre-servicio},
	author       = {Morales Díaz, Marina},
	year         = 2018,
	month        = {aug},
	journal      = {EDMETIC},
	volume       = 7,
	number       = 2,
	pages        = {78-91},
	doi          = {10.21071/edmetic.v7i2.11101},
	url          = {http://www.uco.es/servicios/ucopress/ojs/index.php/edmetic/article/view/11101},
	urldate      = {2021-05-12}
}
@phdthesis{moscardi2018,
	author		= {Moscardi, R.},
	title		= {Videojuegos y habilidades cognitivas [en línea]},
	school		= {Universidad Católica Argentina, Facultad de Psicología y Psicopedagogía},
    address	    = {Argentina},
	year		= {2018}
}
@book{pozo1994,
  author = {Pozo, J. and Dominguez, M. and Gomez, M. A. and Postigo, Y.},
  title = {La solución de problemas aula XX1},
  publisher = {Santillana},
  address = {Madrid},
   year = {1994}
}
@article{riveraarteaga2018,
	title        = {Videojuegos y habilidades del pensamiento},
	author       = {Rivera Arteaga, Eduardo and Torres Cosío, Verónica},
	year         = 2018,
	month        = mar,
	journal      = {RIDE Revista Iberoamericana para la Investigación y el Desarrollo Educativo},
	volume       = 8,
	number       = 16,
	pages        = {267--288},
	doi          = {10.23913/ride.v8i16.341},
	url          = {http://ride.org.mx/index.php/RIDE/article/view/341},
	urldate      = {2021-05-12}
}
@article{sedeno2010,
  author = {Sedeno, A.},
  title = {Videojuegos como dispositivos culturales: las competencias espaciales en educación},
  journal = {Comunicar},
  volume = {17},
  number = {34},
  year = {2010},
  pages = {183--189},
  doi = {10.3916/C34-2010-03-018}
}
@article{serna2011,
  author = {Serna, M. E.},
  title = {La importancia de la abstracción en la informática},
  journal = {Scientia Et Technica},
  volume = {XVI},
  number = {48},
  year = {2011},
  pages = {122--126}
}
@article{sotoardilla2019,
  author = {Soto-Ardilla, L. M. and Melo-Niño, L. and Caballero, A. and Luendo, R.},
  title = {Estudios de las opiniones de los futuros maestros sobre el uso de los videojuegos como recurso didáctico a través de un análisis cualitativo},
  journal = {Risti},
  number = {33},
  year = {2019},
  pages = {48--62}
}
@article{vallejos2010,
	title        = {Video juegos: adicción y factores predictivos},
	author       = {Vallejos, Miguel and Capa, Walter},
	year         = 2010,
	month        = jan,
	journal      = {Avances en Psicología},
	volume       = 18,
	pages        = {103--110},
	doi          = {10.33539/avpsicol.2010.n.18.1924},
	url          = {http://revistas.unife.edu.pe/index.php/avancesenpsicologia/article/view/1924},
	urldate      = {2021-05-12}
}
@article{zyda2005,
	title        = {From visual simulation to virtual reality to games},
	author       = {Zyda, Michael},
	year         = 2005,
	month        = sep,
	journal      = {Computer},
	volume       = 38,
	number       = 9,
	pages        = {25--32},
	doi          = {10.1109/MC.2005.297},
	url          = {http://ieeexplore.ieee.org/document/1510565/},
	urldate      = {2021-05-12}
}
