@article{vidmar_darwin_1999,
    title         = {Darwin on the {Web}: {The} {Evolution} of {Search} {Engines}},
    author        = {Vidmar, Dale James},
    year          = {1999},
    journal       = {Computers in Libraries},
    volume        = {19},
    number        = {5},
    pages         = {1--5},
    url           = {http://webpages.sou.edu/~vidmar/Articles/cildarwn.htm},
    urldate       = {2023-11-20},
}

@book{choo_organizacao_2003,
    title         = {A organiza\c{c}\~{a}o do conhecimento: como as organiza\c{c}\~{o}es usam a informa\c{c}\~{a}o para criar significado, construir conhecimento e tomar decis\~{o}es},
    author        = {Choo, Chun Wei},
    year          = {2003},
    publisher     = {Ed. SENAC},
    address       = {S\~{a}o Paulo},
}

@inproceedings{yus_en_2011,
    title         = {En qu\'{e} difieren los g\'{e}neros electr\'{o}nicos de los anal\'{o}gicos},
    author        = {Yus, Francisco},
    year          = {2011},
    booktitle     = {Congreso Leer y Escribir en Espa\~{n}ol en la Red. Aprendizaje, Renovaci\'{o}n y Propuestas},
    publisher     = {University of Comillas},
    address       = {Cantabria (Espanha)},
}

@misc{google_refinar_2013,
    title         = {Refinar pesquisas do {Google} - {Ajuda} da {Pesquisa} do {Google}},
    author        = {{Google}},
    year          = {2013},
    url           = {https://support.google.com/websearch/answer/2466433?hl=pt},
    urldate       = {2023-11-20},
}

@online{ibict_stop_2015,
    title         = {Stop words e sinonimos - {IBICT}},
    author        = {{IBICT}},
    year          = {2015},
    url           = {http://wiki.ibict.br/index.php/Stop\_words\_e\_sinonimos},
    urldate       = {2023-11-20},
}

@article{santos_avaliacao_2015,
    title         = {Avalia\c{c}\~{a}o da recupera\c{c}\~{a}o da informa\c{c}\~{a}o em acervos digitais de jornais},
    author        = {Santos, Luana Carla de Moura dos and Viera, Angel Freddy Godoy},
    year          = {2015},
    month         = sep,
    journal       = {Em Quest\~{a}o},
    pages         = {49--73},
    doi           = {10.19132/1808-5245212.49-73},
    issn          = {1808-5245},
    url           = {https://seer.ufrgs.br/index.php/EmQuestao/article/view/52362},
    urldate       = {2023-11-20},
    copyright     = {Copyright (c) 2015 Luana Carla de Moura dos Santos, Angel Freddy Godoy Viera},
    keywords      = {Acervo digital. Jornal. Recupera\c{c}\~{a}o da Informa\c{c}\~{a}o. Digitaliza\c{c}\~{a}o de documentos. Bibliotecas digitais.},
}

@misc{google_escolher_2018,
    title         = {Escolher o tipo certo de campanha - {Ajuda} do {Google} {Ads}},
    author        = {{Google}},
    year          = {2018},
    url           = {https://support.google.com/google-ads/answer/2567043?hl=pt-BR},
    urldate       = {2023-11-20},
}

@phdthesis{lecardelli_dados_2020,
    title         = {Dados cient\'{\i}ficos abertos em ag\^{e}ncias de fomento \`{a} pesquisa: cen\'{a}rio dos planos de gest\~{a}o de dados ({PGD}) e princ\'{\i}pios {FAIR}},
    author        = {Lecardelli, Jane},
    year          = {2020},
    address       = {Florian\'{o}polis},
    url           = {http://sistemabu.udesc.br/pergamumweb/vinculos/00008b/00008bdf.pdf},
    urldate       = {2023-11-20},
    type          = {Disserta\c{c}\~{a}o ({Mestrado})},
    school        = {Universidade do Estado de Santa Catarina, Centro de Ci\^{e}ncias Humanas e da Educa\c{c}\~{a}o},
}

@misc{google_exibir_2021,
    title         = {Exibir an\'{u}ncios na primeira p\'{a}gina - {Ajuda} do {Google} {Ads}},
    author        = {{Google}},
    year          = {2021},
    url           = {https://support.google.com/google-ads/answer/2472742?hl=pt-BR},
    urldate       = {2023-11-20},
}

@article{gonzalez_guitian_comportamiento_2022,
    title         = {Comportamiento informacional en {Internet} en estudiantes de {Ciencias} de la {Informaci\'{o}n}, {Universidad} de {Holgu\'{\i}n}},
    author        = {Gonz\'{a}lez Guiti\'{a}n, Mar\'{\i}a Virginia and De Zayas P\'{e}rez, Mar\'{\i}a Rosa and N\'{u}\~{n}ez Grillo, Mar\'{\i}a Mercedes and Rodr\'{\i}guez Arias, Kadiuska and Gonz\'{a}lez S\'{a}nchez, Ana Leonor},
    year          = {2022},
    month         = jun,
    journal       = {Informaci\'{o}n, cultura y sociedad},
    number        = {46},
    pages         = {107--128},
    doi           = {10.34096/ics.i46.11250},
    issn          = {1851-1740, 1514-8327},
    url           = {http://revistascientificas.filo.uba.ar/index.php/ICS/article/view/11250},
    urldate       = {2023-11-20},
}

@misc{google_uncios_2022,
    title         = {An\'{u}ncios e dados},
    author        = {{Google}},
    year          = {2022},
    url           = {https://safety.google/privacy/ads-and-data/},
    urldate       = {2023-11-20},
}

@article{lacey_google_2022,
    title         = {Google is goodish: {An} information literacy course designed to teach users why {Google} may not always be the best place to search for evidence},
    shorttitle    = {Google is goodish},
    author        = {Lacey, Patricia},
    year          = {2022},
    month         = mar,
    journal       = {Health Information \& Libraries Journal},
    volume        = {39},
    number        = {1},
    pages         = {91--95},
    doi           = {10.1111/hir.12401},
    issn          = {1471-1834, 1471-1842},
    url           = {https://onlinelibrary.wiley.com/doi/10.1111/hir.12401},
    urldate       = {2023-11-20},
}

@article{mnguni_web_2022,
    title         = {Web {Information} {Seeking} {Behaviour} of {Undergraduate} {Students} of {Library} and {Information} {Studies} at the {University} of {Zululand}},
    author        = {Mnguni, Khulekani and Kekana, Matsobane},
    year          = {2022},
    month         = jun,
    journal       = {Library Philosophy and Practice (e-journal)},
    pages         = {1--18},
    url           = {https://digitalcommons.unl.edu/libphilprac/7174},
    urldate       = {2023-11-20},
}

@article{picalho_logica_2022,
    title         = {L\'{o}gica booleana aplicada na constru\c{c}\~{a}o de express\~{o}es de busca},
    author        = {Picalho, Antonio Carlos and Lucas, Elaine Rosangela De Oliveira and Amorim, Igor Soares},
    year          = {2022},
    journal       = {AtoZ: novas pr\'{a}ticas em informa\c{c}\~{a}o e conhecimento},
    volume        = {11},
    pages         = {1--12},
    url           = {https://revistas.ufpr.br/atoz/article/view/81838},
    urldate       = {2023-11-20},
    copyright     = {Universidade Federal do Paran\'{a}. Curso de Gest\~{a}o da Informa\c{c}\~{a}o. Todo o conte\'{u}do da Revista, exceto quando indicado, est\'{a} sob uma licen\c{c}a Creative Commons - Atribui\c{c}\~{a}o-Uso n\~{a}o-comercial-Compartilhamento pela mesma licen\c{c}a 3.0 Unported License. Ao serem publicados por esta Revista, os artigos s\~{a}o de livre uso em ambientes educacionais, de pesquisa e n\~{a}o comerciais, com atribui\c{c}\~{a}o de autoria obrigat\'{o}ria.},
}

@phdthesis{rosa_publicidade_2022,
    title         = {Publicidade e os limites da privacidade: percep\c{c}\~{a}o dos usu\'{a}rios a an\'{u}ncios personalizados},
    author        = {Rosa, Bruna Neder},
    year          = {2022},
    address       = {S\~{a}o Paulo},
    url           = {https://tede.pucsp.br/bitstream/handle/25981/1/Bruna\%20Neder\%20Rosa.pdf},
    urldate       = {2023-11-20},
    type          = {Disserta\c{c}\~{a}o ({Mestrado} em {Tecnologias} da {Intelig\^{e}ncia} e {Design} {Digital})},
    school        = {Programa de P\'{o}s-Gradua\c{c}\~{a}o em Tecnologias da Intelig\^{e}ncia e Design Digital, Pontif\'{\i}cia Universidade Cat\'{o}lica de S\~{a}o Paulo},
}

@online{statcounter_search_2022,
    title         = {Search {Engine} {Market} {Share} {Brazil}},
    author        = {{Statcounter}},
    year          = {2022},
    journal       = {StatCounter Global Stats},
    url           = {https://gs.statcounter.com/search-engine-market-share/all/brazil},
    urldate       = {2023-11-20},
}

@article{wu_evolution_2022,
    title         = {The {Evolution} of {Search}: {Three} {Computing} {Paradigms}},
    shorttitle    = {The {Evolution} of {Search}},
    author        = {Wu, Xindong and Zhu, Xingquan and Wu, Minghui},
    year          = {2022},
    month         = jun,
    journal       = {ACM Transactions on Management Information Systems},
    volume        = {13},
    number        = {2},
    pages         = {1--20},
    doi           = {10.1145/3495214},
    issn          = {2158-656X, 2158-6578},
    url           = {https://dl.acm.org/doi/10.1145/3495214},
    urldate       = {2023-11-20},
}

@article{camossi_conceito_2023,
    title         = {Conceito de {Relev\^{a}ncia} e as {T\'{e}cnicas} de {Search} {Engine} {Optimization}: suas implica\c{c}\~{o}es no ranqueamento nos mecanismos de busca},
    shorttitle    = {Conceito de {Relev\^{a}ncia} e as {T\'{e}cnicas} de {Search} {Engine} {Optimization}},
    author        = {Camossi, Gustavo and Amorim, Cineia Josefina Da Rocha and Rodas, Cecilo Merlotti},
    year          = {2023},
    month         = jan,
    journal       = {Brazilian Journal of Information Science: research trends},
    volume        = {17},
    pages         = {e023009},
    doi           = {10.36311/1981-1640.2023.v17.e023009},
    issn          = {1981-1640},
    url           = {https://revistas.marilia.unesp.br/index.php/bjis/article/view/12982},
    urldate       = {2023-11-20},
}
