@inproceedings{ako-nai2012,
	address = {Hyderabad, India},
	title = {The {5R} {Adaptive} {Learning} {Content} {Generation} {Platform} for {Mobile} {Learning}},
	booktitle = {Proceedings of {The} {IEEE} {International} {Conference} on {Technology} for {Education}},
	author = {Ako-Nai, F. and Tan, Q. and Pivot, F. C. and {Kinshuk}},
	year = {2012},
}
@article{ako-nai_location2013,
	title = {Location-{Based} {Learning} {Management} {System} for {Adaptive} {Mobile} {Learning}},
	volume = {3},
	number = {5},
	journal = {International Journal of Information and Education Technology},
	author = {Ako-Nai, F. and Tan, Q.},
	year = {2013},
	pages = {529-535},
}
@book{bloom1972,
	address = {Alcoy},
	title = {Taxonomía de los objetivos de la educación. {Clasificación} de las metas educativas: Ámbito del conocimiento},
	shorttitle = {Taxonomía de los objetivos de la educación},
	language = {Spanish},
	publisher = {Marfil},
	author = {Bloom, B. S},
	year = {1972},
}
@inproceedings{chang2010,
	address = {Hong Kong, China},
	title = {Augmented {Reality} {System} {Design} and {Scenario} {Study} for {Location}-based {Adaptive} {Mobile} {Learning}},
	booktitle = {Proceedings of the 13th {IEEE} {International} {Conference} on {Computational} {Science} and {Engineering}},
	author = {Chang, W. and Tan, Q.},
	year = {2010},
}
@book{de_miguel2006,
	address = {Madrid},
	title = {Metodologías de enseñanza y aprendizaje para el desarrollo de competencias},
	publisher = {Alianza Editorial},
	editor = {De Miguel, M.},
	year = {2006},
}
@techreport{delors1996,
	address = {Paris},
	type = {Rapport à l’{UNESCO} de la {Commission} internationale sur l’éducation pour le vingt et unième siècle},
	title = {L'éducation, un trésor est caché dedans},
	institution = {Editions Unesco: Editions O. Jacob},
	author = {Delors, J.},
	year = {1996},
}
@book{dewey1971,
	address = {Buenos Aires},
	title = {Democracia y educación},
	publisher = {Losada},
	author = {Dewey, J.},
	year = {1971},
}
@article{einstein1916,
	title = {General theory of relativity},
	volume = {49},
	number = {7},
	journal = {Annalen der Physik},
	author = {Einstein, A.},
	year = {1916},
	pages = {769-822},
}
@misc{greany2019,
	title = {The {Trend} {Toward} {Personalized} and {Adaptive} {Learning}},
	url = {https://elearningindustry.com/personalized-and-adaptive-learning-tips-examples},
	urldate = {2021-09-02},
	journal = {eLearning Industry},
	author = {Greany, S.},
	year = {2019},
}
@book{joyce1986,
	address = {Madrid},
	title = {Modelos de enseñanza},
	publisher = {Anaya},
	author = {Joyce, B. and Weil, M.},
	year = {1986},
}
@inproceedings{kinshuk2011,
	address = {Chennai, India},
	title = {Transition from e-learning to u-learning: innovations and personalization issues},
	booktitle = {Proceedings of 2011 {IEEE} {International} {Conference} on {Technology} for {Education}},
	author = {{Kinshuk} and Chang, M. and Dron, J. and Graf, S. and Kumar, V. and Lin, O. and Tan, Q. and Wen, D. and Yong, G.},
	year = {2011},
}
@article{lodge2017,
	title = {What data and analytics can and do say about effective learning},
	volume = {2},
	url = {http://www.nature.com/articles/s41539-017-0006-5},
	doi = {10.1038/s41539-017-0006-5},
	number = {1},
	urldate = {2021-09-02},
	journal = {npj Science of Learning},
	author = {Lodge, J. M. and Corrin, L.},
	month = dec,
	year = {2017},
	pages = {5},
}
@inproceedings{lodge2012,
	title = {In {Future} {Challenges}, {Sustainable} {Futures}.},
	url = {http://www.learntechlib.org/j/ASCILITE/v/2012/n/1/},
	urldate = {2021-09-02},
	booktitle = {Proceedings of ascilite {Wellington}},
	publisher = {Ascilite},
	author = {Lodge, M. and Lewis, M.},
	year = {2012},
}
@inproceedings{lynch2017,
	address = {Timisoara, Romania},
	title = {Large {Scale} {Evaluation} of {Learning} {Flow}},
	booktitle = {{IEEE} 17th {International} {Conference} on {Advanced} {Learning} {Technologies}},
	author = {Lynch, T. and Ghergulecscu, I.},
	year = {2017},
}
@book{krathwohl1973,
	address = {Alcoy},
	title = {Taxonomía de los objetivos de la educación. {Clasificación} de las metas educativas: Ámbito de la afectividad},
	publisher = {Marfil},
	author = {Krathwohl, D. R.},
	year = {1973},
}
@incollection{perez1983,
	address = {Madrid},
	title = {Paradigmas contemporáneos de investigación didáctica},
	booktitle = {La enseñanza: su teoría y su práctica},
	publisher = {Akal},
	author = {Pérez, A.},
	editor = {Gimeno, J. and Pérez, A.},
	year = {1983},
	pages = {95-138},
}
@book{piaget1970,
	address = {New York},
	title = {Science of education and the psychology of the child},
	publisher = {Orion Press},
	author = {Piaget, J. },
	year = {1970},
}
@article{tan2016,
	title = {The {5R} {Adaptation} {Framework}: {Concepts}, {Systems}, and {Learning} {Scenarios}},
	volume = {17},
	number = {5},
	journal = {Journal of Internet Technology},
	author = {Tan, Q. and Zhang, X. and Pivot, F. C. and Evans, J. and {Kinshuk} and McGreal, R.},
	year = {2016},
	pages = {971-980},
}
@book{schon1991,
	address = {New York},
	title = {The {Reflective} turn: case studies in and on educational practice},
	publisher = {Teachers College Press},
	editor = {Schön, Donald A.},
	year = {1991},
}
@inproceedings{soler2013,
	address = {Zaragoza},
	title = {Estado actual y estrategias para futuribles de la formación a lo largo de la vida},
	booktitle = {Proceedings of {VI} {Congreso} {Internacional} de {Formación} para el {Trabajo}},
	publisher = {Editorial Tornapunta Ediciones},
	author = {Soler, J. R.},
	year = {2013},
	pages = {369-379},
}
@inproceedings{tan2010,
	address = {Sousse, Tunisia},
	title = {A {Collaborative} {Mobile} {Virtual} {Campus} {System} {Based} on {Location}-{Based} {Dynamic} {Grouping}},
	booktitle = {Proceedings of the 10th {IEEE} {International} {Conference} on {Advanced} {Learning} {Technologies}},
	author = {Tan, Q. and {Kinshuk} and Jeng, Y. L.  and Huang, Y. M.},
	year = {2010},
}
@article{tan2015,
	title = {Location-{Based} {Augmented} {Reality} for {Mobile} {Learning}: {Algorithm}, {System}, and {Implementation}},
	volume = {13},
	number = {2},
	journal = {The Electronic Journal of e-Learning},
	author = {Tan, Q. and Chang, W. and {Kinshuk}},
	year = {2015},
	pages = {138-148},
}
@inproceedings{tan2011,
	address = {Beijing, China},
	title = {The {5R} {Adaptation} {Framework} for {Location}-{Based} {Mobile} {Learning} {Systems}},
	booktitle = {roceedings of the 10th {World} {Conference} on {Mobile} and {Contextual} {Learning}},
	author = {Tan, Q. and Zhang, X. K. and {Kinshuk} and McGreal, R.},
	year = {2011},
}
@misc{u.s._department_of_education_national_2017,
	title = {National {Education} {Technology} {Plan}},
	url = {https://tech.ed.gov/netp/},
	urldate = {2021-09-03},
	journal = {Office of Educational Technology},
	author = {{U.S. Department of Education}},
	year = {2017},
}
@article{vogel2016,
	title = {Learning and memory under stress: implications for the classroom},
	volume = {1},
	url = {http://www.nature.com/articles/npjscilearn201611},
	doi = {10.1038/npjscilearn.2016.11},
	number = {1},
	urldate = {2021-09-03},
	journal = {npj Science of Learning},
	author = {Vogel, Susanne and Schwabe, Lars},
	month = dec,
	year = {2016},
	pages = {16011},
}
@article{weir2019,
	title = {Adaptive {Learning} 3.0},
	journal = {Training Industry Magazine – Training in Another Dimension},
	author = {Weir, P.},
	year = {2019},
	pages = {40-43},
}