@book{learned1965,
    title         = {Business policy: Text and cases},
    author        = {LEARNED, Edmund and CHRISTENSEN, C. Rowland and ANDREWS, Keneth and GUTH, William D},
    year          = {1965},
    publisher     = {Irwin},
}

@article{stemler2000,
    title         = {An overview of content analysis},
    author        = {Steve Stemler},
    year          = {2000},
    journal       = {Practical assessment, research, and evaluation},
    publisher     = {University of Massachusetts Amherst},
    address       = {Amherst},
    volume        = {7},
    number        = {1},
    doi           = {10.7275/z6fm-2e34},
}

@article{chermack2007,
    title         = {The use and misuse of SWOT analysis and implications for HRD professionals},
    author        = {Thomas J. Chermack and Bernadette K. Kasshanna},
    year          = {2007},
    journal       = {Human Resource Development International},
    volume        = {10},
    number        = {4},
    pages         = {383--399},
    doi           = {10.1080/13678860701718760},
}

@article{green2014,
    title         = {The Delphi technique in educational research},
    author        = {Ravonne A. Green},
    year          = {2014},
    journal       = {Sage Open},
    volume        = {4},
    number        = {2},
    pages         = {2158244014529773},
    doi           = {10.1177/2158244014529773},
}

@article{romerogutierrez2015,
    title         = {Evaluation of the inter-university master in environmental education in accordance with the students and teachers perceptions of the SWOT analysis},
    author        = {Miguel Romero Gutierrez and Maria Martinez Chico and Maria Rut Jimenez Liso},
    year          = {2015},
    journal       = {Revista Eureka sobre ensenanza y divulgacion de las ciencias},
    publisher     = {Universidad de Cádiz. APAC-Eurek},
    address       = {Cádiz},
    volume        = {12},
    number        = {2},
    pages         = {347--361},
    url           = {http://dx.doi.org/10.25267/Rev_Eureka_ensen_divulg_cienc.2015.v12.i2.09},
    urldate       = {2024-02-01},
}

@article{roll2016,
    title         = {Evolution and revolution in artificial intelligence in education},
    author        = {Ido Roll and Ruth Wylie},
    year          = {2016},
    journal       = {International Journal of Artificial Intelligence in Education},
    volume        = {26},
    number        = {2},
    pages         = {582--599},
    doi           = {10.1007/s40593-016-0110-3},
}

@book{baker2019,
    title         = {Educ-AI-tion rebooted? Exploring the future of artificial intelligence in schools and colleges},
    author        = {Toby Baker and Laurie Smith and Nandra Anissa},
    year          = {2019},
    publisher     = {Nesta},
    url           = {https://media.nesta.org.uk/documents/Future_of_AI_and_education_v5_WEB.pdf},
    urldate       = {2024-01-18},
}

@article{regan2019,
    title         = {Ethical challenges of edtech, big data and personalized learning: Twenty-first century student sorting and tracking},
    author        = {Priscilla M. Regan and Jolene Jesse},
    year          = {2019},
    journal       = {Ethics and Information Technology},
    volume        = {21},
    number        = {3},
    pages         = {167--179},
    doi           = {10.1007/s10676-018-9492-2},
}

@article{chen2020,
    title         = {Artificial intelligence in education: A review},
    author        = {Chen, Lijia and Chen, Pingping and Lin, Zhijian},
    year          = {2020},
    journal       = {IEEE Access},
    volume        = {8},
    pages         = {75264--75278},
    doi           = {10.1109/access.2020.2988510},
}

@article{tafazoli2020,
    title         = {A cross-cultural qualitative study on students’ attitudes towards computer-assisted language learning},
    author        = {Dara Tafazoli and María-Elena Gómez-Parra and Cristina A. Huertas-Abril},
    year          = {2020},
    journal       = {The Qualitative Report},
    volume        = {25},
    number        = {7},
    pages         = {1841--1855},
    doi           = {10.46743/2160-3715/2020.4033},
}

@article{fernandezcostales2021,
    title         = {Subtitling and dubbing as teaching resources in CLIL in Primary Education: The teachers’ perspective},
    author        = {Alberto Fernández-Costales},
    year          = {2021},
    journal       = {Porta Linguarum: revista internacional de didáctica de las lenguas extranjeras},
    number        = {36},
    pages         = {175--192},
    doi           = {10.30827/portalin.v0i36.16228},
    urldate       = {2024-01-14},
}

@article{birdsell2022,
    title         = {Student writings with DeepL: Teacher evaluations and implications for teaching},
    author        = {Brian J. Birdsell},
    year          = {2022},
    journal       = {Reflections and new perspectives},
    publisher     = {Jalt},
    address       = {Tokyo},
    pages         = {117--123},
    doi           = {10.37546/jaltpcp2021-14},
    editor        = {P. Ferguson and R. Derrah},
}

@article{schmidt2022,
    title         = {Artificial intelligence in foreign language learning and teaching: a CALL for intelligent practice},
    author        = {Torben Schmidt and Thomas Strasser},
    year          = {2022},
    journal       = {Anglistik: International Journal of English Studies},
    volume        = {33},
    number        = {1},
    pages         = {165--184},
    doi           = {10.33675/angl/2022/1/14},
}

@article{sharadgah2022,
    title         = {A Systematic Review of Research on the Use of Artificial Intelligence in English Language Teaching and Learning (2015-2021): What are the Current Effects?},
    author        = {Talha A. Sharadgah and Rami A. Sa'di},
    year          = {2022},
    journal       = {Journal of Information Technology Education: Research},
    volume        = {21},
    pages         = {337--377},
    doi           = {10.28945/4999},
}

@article{yang2022,
    title         = {Perceptions of preservice teachers on AI chatbots in English education},
    author        = {Jaeseok Yang},
    year          = {2022},
    journal       = {International Journal of Internet, Broadcasting and Communication},
    volume        = {14},
    number        = {1},
    pages         = {44--52},
    doi           = {10.7236/ijibc.2022.14.1.44},
}

@article{cotellikureth2023,
    title         = {“I Looked It Up in DeepL”: Machine Translation and Digital Tools in the Language Classroom},
    author        = {Sara Cotelli Kureth and Alice Delorme Benites and Mara Haller and Hasti Noghrechi and Elizabeth Steele},
    year          = {2023},
    journal       = {Studie e Ricerche: Human Translation and Natural Language Processing Towards a New Consensus?},
    publisher     = {Fondazione Università Ca’ Foscari},
    address       = {Venice},
    volume        = {35},
    pages         = {81--96},
    doi           = {10.30687/978-88-6969-762-3/006},
}

@article{delarosa2023,
    title         = {The Rise of AI in language education: a game changer for teaching English as a foreign language in Ecuador},
    author        = {Quijano De La Rosa, Jorge David},
    year          = {2023},
    journal       = {Kronos–The Language Teaching Journal},
    volume        = {4},
    number        = {2},
    pages         = {95--102},
    url           = {https://revistadigital.uce.edu.ec/index.php/KronosJournal/article/view/4638},
    urldate       = {2023-12-09},
}

@article{hartono2023,
    title         = {Artificial Intelligence (AI) Solutions In English Language Teaching: Teachers-Students Perceptions And Experiences},
    author        = {Wira Jaya Hartono and Nurfitri Nurfitri and Ridwan Ridwan and Emanuel B Kase and Floribertha Lake and Rony Sandra Y Zebua},
    year          = {2023},
    journal       = {Journal on Education},
    volume        = {6},
    number        = {1},
    pages         = {1452--1461},
    doi           = {10.31004/joe.v6i1.3101},
}

@article{hockly2023,
    title         = {Artificial Intelligence in English Language Teaching: The Good, the Bad and the Ugly},
    author        = {Nicky Hockly},
    year          = {2023},
    journal       = {RELC Journal},
    volume        = {54},
    number        = {2},
    pages         = {445--451},
    doi           = {10.1177/00336882231168504},
}

@article{huang2023,
    title         = {Opportunities and challenges in the application of ChatGPT in foreign language teaching},
    author        = {Jiamiao Huang and Shumin Li},
    year          = {2023},
    journal       = {International Journal of Education and Social Science Research},
    volume        = {6},
    number        = {04},
    pages         = {75--89},
    doi           = {10.37500/ijessr.2023.6406},
}

@article{nguyen2023,
    title         = {Ethical principles for artificial intelligence in education},
    author        = {Andy Nguyen and Ha Ngan Ngo and Yvonne Hong and Belle Dang and Bich-Puong Thi Nguyen},
    year          = {2023},
    journal       = {Education and Information Technologies},
    volume        = {28},
    number        = {4},
    pages         = {4221--4241},
    doi           = {10.1007/s10639-022-11316-w},
}

@article{ravshanovna2023,
    title         = {Use of Artificial Intelligence in Foreign Language Teaching},
    author        = {Mukhitdinova Munirakhon Ravshanovna},
    year          = {2023},
    journal       = {International Journal of Formal Education},
    volume        = {2},
    number        = {10},
    pages         = {118--122},
    url           = {http://journals.academiczone.net/index.php/ijfe/article/view/1346},
    urldate       = {2024-01-22},
}

@article{rodrigues2023,
    title         = {Artificial intelligence in education: the challenges of ChatGPT},
    author        = {Olira Saraiva Rodrigues and Karoline Santos Rodrigues},
    year          = {2023},
    journal       = {Texto Livre},
    address       = {Belo Horizonte},
    volume        = {16},
    pages         = {e45997},
    doi           = {10.1590/1983-3652.2023.45997},
}
