
@article{alvarez-canizo_reading_2020,
	title = {Reading fluency and reading comprehension in {Spanish} secondary students},
	url = {https://doi.org/10.7334/psicothema2019.196},
	doi = {10.7334/psicothema2019.196},
	number = {32.1},
	journal = {Psicothema},
	author = {Álvarez-Cañizo, Marta and Cueva, Elena and Cuetos, Fernando and Suárez-Coalla, Paz},
	month = feb,
	year = {2020},
	pages = {75--83},
}

@article{arrington_contribution_2014,
	title = {The {Contribution} of {Attentional} {Control} and {Working} {Memory} to {Reading} {Comprehension} and {Decoding}},
	volume = {18},
	url = {http://www.tandfonline.com/doi/abs/10.1080/10888438.2014.902461},
	doi = {10.1080/10888438.2014.902461},
	number = {5},
	journal = {Scientific Studies of Reading},
	author = {Arrington, C. Nikki and Kulesz, Paulina A. and Francis, David J. and Fletcher, Jack M. and Barnes, Marcia A.},
	month = sep,
	year = {2014},
	pages = {325--346},
}

@article{baron_reading_2017,
	title = {Reading in a digital age},
	volume = {99},
	url = {http://journals.sagepub.com/doi/10.1177/0031721717734184},
	doi = {10.1177/0031721717734184},
	number = {2},
	journal = {Phi Delta Kappan},
	author = {Baron, Naomi S.},
	month = oct,
	year = {2017},
	pages = {15--20},
}

@article{basaran_okudugunu_2013,
	title = {Okuduğunu {Anlamanın} {Bir} {Göstergesi} {Olarak} {Akıcı} {Okuma}},
	issn = {13030485},
	url = {http://www.edam.com.tr/kuyeb/tr/makale.asp?ID=901&act=detay},
	doi = {10.12738/estp.2013.4.1922},
	journal = {Educational Sciences: Theory \& Practice},
	author = {Başaran, Mustafa},
	month = aug,
	year = {2013},
	pages = {1--14},
}

@book{blachowicz_reading_2008,
	address = {New York},
	edition = {2nd ed},
	title = {Reading comprehension: strategies for independent learners},
	shorttitle = {Reading comprehension},
	publisher = {Guilford Press},
	author = {Blachowicz, Camille L. Z. and Ogle, Donna},
	year = {2008},
	note = {OCLC: ocn213408485},
	keywords = {Reading comprehension, Study and teaching (Elementary), United States, Reading (Elementary), United States, Individualized instruction, United States},
}

@article{brackett_emotional_2011,
	title = {Emotional {Intelligence}: {Implications} for {Personal}, {Social}, {Academic}, and {Workplace} {Success}: {Emotional} {Intelligence}},
	volume = {5},
	url = {https://onlinelibrary.wiley.com/doi/10.1111/j.1751-9004.2010.00334.x},
	doi = {10.1111/j.1751-9004.2010.00334.x},
	number = {1},
	journal = {Social and Personality Psychology Compass},
	author = {Brackett, Marc A. and Rivers, Susan E. and Salovey, Peter},
	month = jan,
	year = {2011},
	pages = {88--103},
}

@article{calet_cross-sectional_2015,
	title = {A cross-sectional study of fluency and reading comprehension in {Spanish} primary school children: {FLUENCY} {AND} {COMPREHENSION}: {CROSS}-{SECTIONAL} {STUDY}},
	volume = {38},
	url = {https://onlinelibrary.wiley.com/doi/10.1111/1467-9817.12019},
	doi = {10.1111/1467-9817.12019},
	number = {3},
	journal = {Journal of Research in Reading},
	author = {Calet, Nuria and Gutiérrez-Palma, Nicolás and Defior, Sylvia},
	month = aug,
	year = {2015},
	pages = {272--285},
}

@article{carmona-serrano_evolution_2021,
	title = {Evolution of the {Autism} {Literature} and the {Influence} of {Parents}: {A} {Scientific} {Mapping} in {Web} of {Science}},
	volume = {11},
	issn = {2076-3425},
	shorttitle = {Evolution of the {Autism} {Literature} and the {Influence} of {Parents}},
	url = {https://www.mdpi.com/2076-3425/11/1/74},
	doi = {10.3390/brainsci11010074},
	number = {1},
	journal = {Brain Sciences},
	author = {Carmona-Serrano, Noemí and Moreno-Guerrero, Antonio-José and Marín-Marín, José-Antonio and López-Belmonte, Jesús},
	month = jan,
	year = {2021},
	pages = {74},
}

@article{catts_early_2016,
	title = {Early {Identification} of {Reading} {Comprehension} {Difficulties}},
	volume = {49},
	issn = {0022-2194, 1538-4780},
	url = {http://journals.sagepub.com/doi/10.1177/0022219414556121},
	doi = {10.1177/0022219414556121},
	number = {5},
	urldate = {2023-01-24},
	journal = {Journal of Learning Disabilities},
	author = {Catts, Hugh W. and Nielsen, Diane Corcoran and Bridges, Mindy Sittner and Liu, Yi-Syuan},
	month = sep,
	year = {2016},
	pages = {451--465},
}

@article{corell-almuzara_covid-19_2021,
	title = {{COVID}-19 in the {Field} of {Education}: {State} of the {Art}},
	volume = {13},
	issn = {2071-1050},
	shorttitle = {{COVID}-19 in the {Field} of {Education}},
	url = {https://www.mdpi.com/2071-1050/13/10/5452},
	doi = {10.3390/su13105452},
	number = {10},
	urldate = {2023-01-24},
	journal = {Sustainability},
	author = {Corell-Almuzara, Alfredo and López-Belmonte, Jesús and Marín-Marín, José-Antonio and Moreno-Guerrero, Antonio-José},
	month = may,
	year = {2021},
	pages = {5452},
}

@article{froiland_emotional_2020,
	title = {Emotional {Intelligence}, {Listening} {Comprehension}, and {Reading} {Comprehension} among {Diverse} {Adolescents}},
	volume = {29},
	issn = {1062-1024, 1573-2843},
	url = {http://link.springer.com/10.1007/s10826-019-01557-8},
	doi = {10.1007/s10826-019-01557-8},
	language = {en},
	number = {5},
	urldate = {2023-01-24},
	journal = {Journal of Child and Family Studies},
	author = {Froiland, John Mark and Davison, Mark L.},
	month = may,
	year = {2020},
	pages = {1385--1390},
}

@article{guthrie_influences_2006,
	title = {Influences of {Stimulating} {Tasks} on {Reading} {Motivation} and {Comprehension}},
	volume = {99},
	issn = {0022-0671, 1940-0675},
	url = {http://www.tandfonline.com/doi/abs/10.3200/JOER.99.4.232-246},
	doi = {10.3200/JOER.99.4.232-246},
	language = {en},
	number = {4},
	urldate = {2023-01-24},
	journal = {The Journal of Educational Research},
	author = {Guthrie, John T. and Wigfield, Allan and Humenick, Nicole M. and Perencevich, Kathleen C. and Taboada, Ana and Barbosa, Pedro},
	month = mar,
	year = {2006},
	pages = {232--246},
}

@article{hebbecker_reciprocal_2019,
	title = {Reciprocal {Effects} between {Reading} {Achievement} and {Intrinsic} and {Extrinsic} {Reading} {Motivation}},
	volume = {23},
	issn = {1088-8438, 1532-799X},
	url = {https://www.tandfonline.com/doi/full/10.1080/10888438.2019.1598413},
	doi = {10.1080/10888438.2019.1598413},
	language = {en},
	number = {5},
	journal = {Scientific Studies of Reading},
	author = {Hebbecker, Karin and Förster, Natalie and Souvignier, Elmar},
	month = sep,
	year = {2019},
	pages = {419--436},
}

@article{hjetland_pathways_2019,
	title = {Pathways to reading comprehension: {A} longitudinal study from 4 to 9 years of age.},
	volume = {111},
	issn = {1939-2176, 0022-0663},
	shorttitle = {Pathways to reading comprehension},
	url = {http://doi.apa.org/getdoi.cfm?doi=10.1037/edu0000321},
	doi = {10.1037/edu0000321},
	language = {en},
	number = {5},
	journal = {Journal of Educational Psychology},
	author = {Hjetland, Hanne Næss and Lervåg, Arne and Lyster, Solveig-Alma Halaas and Hagtvet, Bente Eriksen and Hulme, Charles and Melby-Lervåg, Monica},
	month = jul,
	year = {2019},
	pages = {751--763},
}

@article{hulme_learning_2013,
	title = {Learning to {Read}: {What} {We} {Know} and {What} {We} {Need} to {Understand} {Better}},
	volume = {7},
	issn = {17508592},
	shorttitle = {Learning to {Read}},
	url = {https://onlinelibrary.wiley.com/doi/10.1111/cdep.12005},
	doi = {10.1111/cdep.12005},
	language = {en},
	number = {1},
	journal = {Child Development Perspectives},
	author = {Hulme, Charles and Snowling, Margaret J.},
	month = mar,
	year = {2013},
	pages = {1--5},
}

@article{kim_text_2015,
	title = {Text ({Oral}) {Reading} {Fluency} as a {Construct} in {Reading} {Development}: {An} {Investigation} of {Its} {Mediating} {Role} for {Children} {From} {Grades} 1 to 4},
	volume = {19},
	issn = {1088-8438, 1532-799X},
	shorttitle = {Text ({Oral}) {Reading} {Fluency} as a {Construct} in {Reading} {Development}},
	url = {http://www.tandfonline.com/doi/abs/10.1080/10888438.2015.1007375},
	doi = {10.1080/10888438.2015.1007375},
	language = {en},
	number = {3},
	journal = {Scientific Studies of Reading},
	author = {Kim, Young-Suk Grace and Wagner, Richard K.},
	month = may,
	year = {2015},
	pages = {224--242},
}

@article{kim_developmental_2012,
	title = {Developmental relations between reading fluency and reading comprehension: {A} longitudinal study from {Grade} 1 to {Grade} 2},
	volume = {113},
	issn = {00220965},
	shorttitle = {Developmental relations between reading fluency and reading comprehension},
	url = {https://linkinghub.elsevier.com/retrieve/pii/S0022096512000549},
	doi = {10.1016/j.jecp.2012.03.002},
	language = {en},
	number = {1},
	journal = {Journal of Experimental Child Psychology},
	author = {Kim, Young-Suk and Wagner, Richard K. and Lopez, Danielle},
	month = sep,
	year = {2012},
	pages = {93--111},
}

@article{kotsou_improving_2019,
	title = {Improving {Emotional} {Intelligence}: {A} {Systematic} {Review} of {Existing} {Work} and {Future} {Challenges}},
	volume = {11},
	issn = {1754-0739, 1754-0747},
	shorttitle = {Improving {Emotional} {Intelligence}},
	url = {http://journals.sagepub.com/doi/10.1177/1754073917735902},
	doi = {10.1177/1754073917735902},
	number = {2},
	journal = {Emotion Review},
	author = {Kotsou, I. and Mikolajczak, M. and Heeren, A. and Grégoire, J. and Leys, C.},
	month = apr,
	year = {2019},
	pages = {151--165},
}

@article{lopez-belmonte_co-word_2021,
	title = {Co-word analysis and academic performance from the {Australasian} {Journal} of {Educational} {Technology} in {Web} of {Science}},
	issn = {1449-5554, 1449-3098},
	url = {https://ajet.org.au/index.php/AJET/article/view/6940},
	doi = {10.14742/ajet.6940},
	journal = {Australasian Journal of Educational Technology},
	author = {López-Belmonte, Jesús and Moreno-Guerrero, Antonio-José and Pozo-Sánchez, Santiago and Marín-Marín, José-Antonio},
	month = jul,
	year = {2021},
	pages = {119--140},
}

@article{lopez-belmonte_impact_2022,
	title = {The {Impact} of {Gender} on the {Use} of {Augmented} {Reality} and {Virtual} {Reality} in {Students} with {ASD}},
	volume = {23},
	issn = {2444-8729},
	url = {https://revistas.usal.es/index.php/eks/article/view/28418},
	doi = {10.14201/eks.28418},
	journal = {Education in the Knowledge Society (EKS)},
	author = {López-Belmonte, Jesús and Moreno-Guerrero, Antonio-José and Marín-Marín, José-Antonio and Lampropoulos, Georgios},
	month = jul,
	year = {2022},
}

@article{marin-marin_steam_2021,
	title = {{STEAM} in education: a bibliometric analysis of performance and co-words in {Web} of {Science}},
	volume = {8},
	issn = {2196-7822},
	shorttitle = {{STEAM} in education},
	url = {https://stemeducationjournal.springeropen.com/articles/10.1186/s40594-021-00296-x},
	doi = {10.1186/s40594-021-00296-x},
	number = {1},
	journal = {International Journal of STEM Education},
	author = {Marín-Marín, José-Antonio and Moreno-Guerrero, Antonio-José and Dúo-Terrón, Pablo and López-Belmonte, Jesús},
	month = dec,
	year = {2021},
	pages = {41},
}

@article{mayer_human_2008,
	title = {Human {Abilities}: {Emotional} {Intelligence}},
	volume = {59},
	issn = {0066-4308, 1545-2085},
	shorttitle = {Human {Abilities}},
	url = {https://www.annualreviews.org/doi/10.1146/annurev.psych.59.103006.093646},
	number = {1},
	journal = {Annual Review of Psychology},
	author = {Mayer, John D. and Roberts, Richard D. and Barsade, Sigal G.},
	month = jan,
	year = {2008},
	pages = {507--536},
}

@incollection{mcnamara_chapter_2009,
	title = {Chapter 9 {Toward} a {Comprehensive} {Model} of {Comprehension}},
	volume = {51},
	isbn = {9780123744890},
	url = {https://linkinghub.elsevier.com/retrieve/pii/S0079742109510092},
	booktitle = {Psychology of {Learning} and {Motivation}},
	publisher = {Elsevier},
	author = {McNamara, Danielle S. and Magliano, Joe},
	year = {2009},
	doi = {10.1016/S0079-7421(09)51009-2},
	pages = {297--384},
}

@article{moreno-guerrero_flipped_2021,
	title = {Flipped learning and good teaching practices in secondary education},
	volume = {29},
	issn = {1134-3478, 1988-3293},
	url = {https://www.revistacomunicar.com/index.php?contenido=detalles&numero=68&articulo=68-2021-09},
	doi = {10.3916/C68-2021-09},
	number = {68},
	journal = {Comunicar},
	author = {Moreno-Guerrero, Antonio-José and Soler-Costa, Rebeca and Marín-Marín, José-Antonio and López-Belmonte, Jesús},
	month = jul,
	year = {2021},
	pages = {107--117},
}

@article{morgan_is_2007,
	title = {Is {There} a {Bidirectional} {Relationship} between {Children}'s {Reading} {Skills} and {Reading} {Motivation}?},
	volume = {73},
	issn = {0014-4029, 2163-5560},
	url = {http://journals.sagepub.com/doi/10.1177/001440290707300203},
	doi = {10.1177/001440290707300203},
	number = {2},
	journal = {Exceptional Children},
	author = {Morgan, Paul L. and Fuchs, Douglas},
	month = jan,
	year = {2007},
	pages = {165--183},
}

@book{nelson_emotional_2011,
	address = {Boston},
	edition = {2nd ed},
	title = {Emotional intelligence: achieving academic and career excellence},
	isbn = {9780135022993},
	shorttitle = {Emotional intelligence},
	publisher = {Prentice Hall},
	author = {Nelson, Darwin B. and Low, Gary R.},
	year = {2011},
	note = {OCLC: ocn179803127},
	keywords = {College students, Life skills guides, College student orientation, Emotional intelligence, Interpersonal relations},
}

@article{nevo_enhancing_2020,
	title = {Enhancing motivation to read and reading abilities in first grade},
	volume = {40},
	issn = {0144-3410, 1469-5820},
	url = {https://www.tandfonline.com/doi/full/10.1080/01443410.2019.1635680},
	doi = {10.1080/01443410.2019.1635680},
	language = {en},
	number = {1},
	urldate = {2023-01-24},
	journal = {Educational Psychology},
	author = {Nevo, Einat and Vaknin-Nusbaum, Vered},
	month = jan,
	year = {2020},
	pages = {22--41},
}

@incollection{israel_roots_2014,
	edition = {0},
	title = {The {Roots} of {Reading} {Comprehension} {Instruction}},
	isbn = {9781315759609},
	url = {https://www.taylorfrancis.com/books/9781317639671/chapters/10.4324/9781315759609-11},
	language = {en},
	urldate = {2023-01-24},
	booktitle = {Handbook of {Research} on {Reading} {Comprehension}},
	publisher = {Routledge},
	editor = {Israel, Susan E. and Duffy, Gerald G.},
	month = jun,
	year = {2014},
	doi = {10.4324/9781315759609-11},
	pages = {27--55},
}

@article{perpina_marti_does_2020,
	title = {Does {Emotional} {Intelligence} {Have} an {Impact} on {Linguistic} {Competences}? {A} {Primary} {Education} {Study}},
	volume = {12},
	issn = {2071-1050},
	shorttitle = {Does {Emotional} {Intelligence} {Have} an {Impact} on {Linguistic} {Competences}?},
	url = {https://www.mdpi.com/2071-1050/12/24/10474},
	doi = {10.3390/su122410474},
	number = {24},
	journal = {Sustainability},
	author = {Perpiñà Martí, Georgina and Sidera Caballero, Francesc and Serrat Sellabona, Elisabet},
	month = dec,
	year = {2020},
	pages = {10474},
}

@article{pourhosein_gilakjani_how_2016,
	title = {How {Can} {Students} {Improve} {Their} {Reading} {Comprehension} {Skill}?},
	volume = {6},
	issn = {2162-6952},
	url = {http://www.macrothink.org/journal/index.php/jse/article/view/9201},
	doi = {10.5296/jse.v6i2.9201},
	number = {2},
	journal = {Journal of Studies in Education},
	author = {Pourhosein Gilakjani, Abbas and Sabouri, Narjes Banou},
	month = jun,
	year = {2016},
	pages = {229},
}

@article{puertas_molero_inteligencia_2019,
	title = {La inteligencia emocional en el ámbito educativo: un meta-análisis},
	volume = {36},
	issn = {1695-2294, 0212-9728},
	url = {https://revistas.um.es/analesps/article/view/345901},
	doi = {10.6018/analesps.345901},
	number = {1},
	journal = {Anales de Psicología},
	author = {Puertas Molero, Pilar and Zurita-Ortega, Félix and Chacon-Cuberos, Ramon and Castro-Sanchez, Manuel and Ramirez-Granizo, Irwin and Gonzalez Valero, Gabriel},
	month = dec,
	year = {2019},
	pages = {84--91},
}

@article{ramos-navas-parejo_uso_2020,
	title = {uso de las {TIC} para la animación a la lectura en contextos vulnerables: una revisión sistemática en la última década},
	volume = {13},
	url = {https://periodicos.ufmg.br/index.php/textolivre/article/view/25730},
	doi = {10.35699/1983-3652.2020.25730},
	number = {3},
	journal = {Texto Livre: Linguagem e Tecnologia},
	author = {Ramos-Navas-Parejo, Magdalena and Cáceres-Reche, María Pilar and Soler-Costa, Rebeca and Marín-Marín, José Antonio},
	month = oct,
	year = {2020},
	pages = {240--261},
}

@article{ramos-navas-parejo_validation_2022,
	title = {Validation of the {Questionnaire} on {Reading} {Preferences} and {Habits} of {Primary} {School} {Pupils} at {Risk} of {Social} {Exclusion}},
	volume = {12},
	issn = {2227-7102},
	url = {https://www.mdpi.com/2227-7102/12/5/332},
	doi = {10.3390/educsci12050332},
	number = {5},
	journal = {Education Sciences},
	author = {Ramos-Navas-Parejo, Magdalena and Cáceres-Reche, María Pilar and Marín-Marín, José-Antonio and Victoria-Maldonado, Juan José},
	month = may,
	year = {2022},
	pages = {332},
}

@article{resmisari_correlation_2022,
	title = {A {CORRELATION} {BETWEEN} {VOCABULARY} {MASTERY} {AND} {EMOTIONAL} {INTELLIGENCE} {TOWARDS} {READING} {COMPREHENSION}},
	volume = {7},
	issn = {2654-3745, 2540-8216},
	url = {https://journal.stibaiec-jakarta.ac.id/ojs/index.php/jell/article/view/142},
	doi = {10.37110/jell.v7i1.142},
	number = {1},
	journal = {Journal of English Language and Literature (JELL)},
	author = {Resmisari, Diah and Sitepu, Julyanta Br},
	month = mar,
	year = {2022},
	pages = {47--54},
}

@incollection{spiro_role_2017,
	edition = {1},
	title = {The {Role} of {Illustrations} in {Reading} {Comprehension}},
	isbn = {9781315107493},
	url = {https://www.taylorfrancis.com/books/9781351607247/chapters/10.4324/9781315107493-27},
	language = {en},
	urldate = {2023-01-24},
	booktitle = {Theoretical {Issues} in {Reading} {Comprehension}},
	publisher = {Routledge},
	author = {Schallert, Diane Lemonnier},
	editor = {Spiro, Rand J. and Bruce, Bertram C. and Brewer, William F.},
	month = nov,
	year = {2017},
	doi = {10.4324/9781315107493-27},
	pages = {503--524},
}

@article{stevens_effects_2017,
	title = {The {Effects} of {Reading} {Fluency} {Interventions} on the {Reading} {Fluency} and {Reading} {Comprehension} {Performance} of {Elementary} {Students} {With} {Learning} {Disabilities}: {A} {Synthesis} of the {Research} from 2001 to 2014},
	volume = {50},
	issn = {0022-2194, 1538-4780},
	shorttitle = {The {Effects} of {Reading} {Fluency} {Interventions} on the {Reading} {Fluency} and {Reading} {Comprehension} {Performance} of {Elementary} {Students} {With} {Learning} {Disabilities}},
	url = {http://journals.sagepub.com/doi/10.1177/0022219416638028},
	doi = {10.1177/0022219416638028},
	number = {5},
	journal = {Journal of Learning Disabilities},
	author = {Stevens, Elizabeth A. and Walker, Melodee A. and Vaughn, Sharon},
	month = sep,
	year = {2017},
	pages = {576--590},
}

@article{barber_how_2020,
	title = {How {Reading} {Motivation} and {Engagement} {Enable} {Reading} {Achievement}: {Policy} {Implications}},
	volume = {7},
	issn = {2372-7322, 2372-7330},
	shorttitle = {How {Reading} {Motivation} and {Engagement} {Enable} {Reading} {Achievement}},
	url = {http://journals.sagepub.com/doi/10.1177/2372732219893385},
	doi = {10.1177/2372732219893385},
	number = {1},
	journal = {Policy Insights from the Behavioral and Brain Sciences},
	author = {Barber, Ana Taboada and Klauda, Susan Lutz},
	month = mar,
	year = {2020},
	pages = {27--34},
}

@article{tan_reading_2020,
	title = {Reading development in the digital age},
	url = {http://www.humanbab.net/hbab2020010402/},
	urldate = {2023-01-24},
	journal = {Human Behaviour and Brain},
	author = {Tan, Li Hai and Xu, Min},
	month = aug,
	year = {2020},
	pages = {71--73},
}

@article{guangdong-hongkong-macau_institute_of_cns_regeneration_and_ministry_of_education_cns_regeneration_collaborative_joint_laboratory_jinan_university_reading_2020,
	title = {Reading development in the digital age},
	url = {http://www.humanbab.net/hbab2020010402/},
	doi = {10.37716/HBAB.2020010402},
	urldate = {2023-01-24},
	journal = {Human Behaviour and Brain},
	author = {{Guangdong-Hongkong-Macau Institute of CNS Regeneration and Ministry of Education CNS Regeneration Collaborative Joint Laboratory, Jinan University} and Tan, Li Hai and {Center for Language and Brain, Shenzhen Institute of Neuroscience} and Xu, Min and {Center for Language and Brain, Shenzhen Institute of Neuroscience} and {Center for Brain Disorders and Cognitive Science, Shenzhen University}},
	month = aug,
	year = {2020},
	pages = {71--73},
}

@article{yildiz_relationship_2017,
	title = {The {Relationship} between {Good} {Readers}' {Attention}, {Reading} {Fluency} and {Reading} {Comprehension}},
	volume = {5},
	issn = {2332-3205, 2332-3213},
	url = {http://www.hrpub.org/journals/article_info.php?aid=5689},
	doi = {10.13189/ujer.2017.050309},
	language = {en},
	number = {3},
	urldate = {2023-01-24},
	journal = {Universal Journal of Educational Research},
	author = {Yildiz, Mustafa and Çetinkaya, Ezgi},
	month = mar,
	year = {2017},
	pages = {366--371},
}
