@book{chadwick2017,
    title         = {The Hybrid Media System: Politics and Power},
    author        = {Andrew Chadwick},
    year          = {2017},
    publisher     = {Oxford University Press},
}

@book{nielsen2022,
    title         = {The Power of Platforms: Shaping Media and Society},
    author        = {R. K. Nielsen and S. A. Ganter},
    year          = {2022},
    publisher     = {Oxford University Press},
}

@article{souza2022a,
    title         = {Confiança e uso dos media na União Europeia: determinantes socio-mediáticas da confiança nas autoridades locais e regionais},
    author        = {João Carlos Sousa and Ana Pinto-Martinho},
    year          = {2022},
    journal       = {Media \& Jornalismo},
    volume        = {22},
    number        = {41},
    pages         = {161--178},
    doi           = {10.14195/2183-5462_41_9},
}

@article{souza2023,
    title         = {Resenha de Designing for Democracy: How to Build Community in Digital Environments},
    author        = {João Carlos Sousa},
    year          = {2023},
    journal       = {Texto Livre},
    volume        = {16},
    pages         = {e46902},
    doi           = {10.1590/1983-3652.2023.46902},
}

@book{barnard2024,
    title         = {Hacking Hybrid Media: Power and Practice in an Age of Manipulation},
    author        = {Stephen R. Barnard},
    year          = {2024},
    publisher     = {Oxford University Press},
    address       = {New York},
    pages         = {217},
}

@article{souza2024,
    title         = {NATO e opinião pública europeia: fatores mediáticos definidores de confiança},
    author        = {João Carlos Sousa and Ana Pinto-Martinho and Nuno André Jerónimo},
    year          = {2024},
    journal       = {JANUS. NET e-journal of International Relations},
    volume        = {15},
    pages         = {57--79},
    doi           = {10.26619/1647-7251.15.1.4},
}
