@book{vygotskii1988,
    title         = {Linguagem, desenvolvimento e aprendizagem},
    author        = {Lev Semenovich Vygotskii and Alexander Romanovich Luria and Alex Nikolaevich Leontiev},
    year          = {1988},
    publisher     = {\'{I}cone},
    url           = {https://www.unifal-mg.edu.br/humanizacao/wp content/uploads/sites/14/2017/04/VIGOTSKI-Lev-Semenovitch-Linguagem-Desenvolvimento-e-Aprendizagem.pdf},
    urldate       = {2023-09-27},
    edition       = {11},
}

@book{rego_vygotsky:_1995,
    title         = {Vygotsky: uma perspectiva historico-cultural da educacao},
    author        = {Rego, Teresa Cristina},
    year          = {1995},
    publisher     = {Vozes},
    address       = {Petropolis},
    isbn          = {9788532613455},
}

@book{coulon1995,
    title         = {Etnometodologia e Educação},
    author        = {Alain Coulon},
    year          = {1995},
    publisher     = {Vozes},
    address       = {Petr\'{o}polis},
    url           = {https://edisciplinas.usp.br/pluginfile.php/4216052/mod\_resource/content/0/AULA\%2011\_Coulon\%20-\%20Etnometodologia.pdf},
    urldate       = {2023-09-26},
}

@book{rego1995,
    title         = {Vygotsky uma perspectiva hist\'{o}rico-cultural da educa\c{c}\~{a}o},
    author        = {Teresa Cristina Rego},
    year          = {1995},
    publisher     = {Vozes},
    address       = {Petr\'{o}polis},
}

@article{prensky2001,
    title         = {Digital Natives, Digital Immigrants Part 1},
    author        = {Marc Prensky},
    year          = {2001},
    journal       = {On the Horizon},
    volume        = {9},
    number        = {5},
    pages         = {1--6},
    url           = {https://doi.org/10.1108/10748120110424816},
    urldate       = {2023-09-26},
}

@book{gil2002,
    title         = {Como elaborar projetos de pesquisa},
    author        = {Antonio Carlos Gil},
    year          = {2002},
    publisher     = {Atlas},
    url           = {https://files.cercomp.ufg.br/weby/up/150/o/Anexo\_C1\_como\_elaborar\_projeto\_de\_pesquisa\_-\_antonio\_carlos\_gil.pdf},
    urldate       = {2023-09-26},
    edition       = {4},
}

@article{suzuki2002,
    title         = {Activities of the Japan society for graphic scienceresearch and education},
    author        = {Kenjiro Suzuki},
    year          = {2002},
    journal       = {Journal for Geometry and Graphics},
    volume        = {6},
    number        = {2},
    pages         = {221--229},
    urldate       = {2023-09-27},
}

@book{lakatos2003,
    title         = {Fundamentos de Metodologia Cientifica},
    author        = {Eva Maria Lakatos and Marina Andrade Marconi},
    year          = {2003},
    publisher     = {Atlas S.A},
    url           = {http://docente.ifrn.edu.br/olivianeta/disciplinas/copy\_of\_historia-i/historia-ii/china-e-india/view},
    urldate       = {2023-09-26},
    edition       = {5},
}

@book{yin2005,
    title         = {Estudo de caso: planejamento e m\'{e}todos},
    author        = {Robert Yin},
    year          = {2005},
    publisher     = {Bookman},
    url           = {https://ria.ufrn.br/jspui/handle/123456789/943},
    urldate       = {2023-09-27},
    edition       = {3},
}

@article{kunkler2006,
    title         = {The role of medical simulation: an overview},
    author        = {Kevin Kunkler},
    year          = {2006},
    journal       = {The International Journal of Medical Robotics and Computer Assisted Surgery},
    volume        = {2},
    number        = {3},
    pages         = {203--210},
    url           = {https://doi.org/10.1002/rcs.101},
    urldate       = {2023-09-26},
}

@inproceedings{alves2007,
    title         = {Um estudo sobre o desenvolvimento da visualiza\c{c}\~{a}o geom\'{e}trica com o uso do computador},
    author        = {George Alves},
    year          = {2007},
    booktitle     = {XVIII Simp\'{o}sio Brasileiro de Inform\'{a}tica na Educa\c{c}\~{a}o – SBIE – Mackenzie},
    url           = {http://milanesa.ime.usp.br/rbie/index.php/sbie/article/view/550/0},
    urldate       = {2023-09-26},
}

@article{brito2010,
    title         = {As TIC em educa\c{c}\~{a}o pr\'{e}-escolar portuguesa: Atitudes, meios e pr\'{a}ticas de educadores e crian\c{c}as},
    author        = {Rita Brito},
    year          = {2010},
    journal       = {Instituto de Educa\c{c}\~{a}o da Universidade do Minho},
    volume        = {311},
    url           = {http://hdl.handle.net/10400.26/2509},
    urldate       = {2023-09-26},
}

@book{coutinho2011,
    title         = {Metodologia de Investiga\c{c}\~{a}o em Ci\^{e}ncias Sociais e Humanas: Teoria e Pra\'tica},
    author        = {Clara Pereira Coutinho},
    year          = {2011},
    url           = {https://pt.slideshare.net/barbaramorim/2011-metodologia-de-investigao-em-cincias-sociais-e-humanas-teoria-e-prtica},
    urldate       = {2023-09-26},
    edition       = {2},
}

@book{libaneo2013,
    title         = {Did\'{a}tica},
    author        = {Jos\'{e} Carlos Lib\^{a}neo},
    year          = {2013},
    publisher     = {Corteze},
    url           = {https://www.professorrenato.com/attachments/article/161/Didatica\%20Josecarloslibaneo\_obra.pf},
    urldate       = {2023-09-26},
    edition       = {2},
}

@inproceedings{mori2013,
    title         = {A Media\c{c}\~{a}o Pedag\'{o}gica e o uso das Tecnologias da Informa\c{c}\~{a}o e da Comunica\c{c}\~{a}o na Escola},
    author        = {Katia Gon\c{c}alves Mori},
    year          = {2013},
    booktitle     = {XI Encontro de pesquisadores do Programa de P\'{o}s- Gradua\c{c}\~{a}o em Educa\c{c}\~{a}o: Curr\'{\i}culo},
    url           = {https://www4.pucsp.br/webcurriculo/edicoes\_anteriores/encontropesquisadores/2013/downloads anais\_encontro\_2013/oral/katia\_regina\_goncalves\_mori.pdf},
    urldate       = {2023-09-26},
}

@article{mexas2015,
    title         = {Stereo orthogonal axonometric perspective for the teaching of Descriptive Geometry},
    author        = {Jos\'{e} Geraldo Franco M\'{e}xas and Karla Bastos Guedes and Ronaldo da Silva Tavares},
    year          = {2015},
    journal       = {Interactive Technology and Smart Education},
    volume        = {12},
    number        = {3},
    pages         = {222--240},
    url           = {https://doi.org/10.1108/ITSE-09-2014-0027},
    urldate       = {2023-09-26},
}

@article{zanatta2015,
    title         = {Media\c{c}\~{a}o pedag\'{o}gica com uso das tecnologias digitais na educa\c{c}\~{a}o},
    author        = {Beatriz Aparecida Zanatta and Maria Aparecida de Brito},
    year          = {2015},
    journal       = {Educativa},
    volume        = {18},
    number        = {1},
    pages         = {8--23},
    url           = {https://doi.org/10.18224/educ.v18i1.4248},
    urldate       = {2023-09-27},
}

@article{kappers2016,
    title         = {Simulation to application. The use of computer simulations to improve real-world application of learning},
    author        = {Wendi Kappers and Stephanie Cutler},
    year          = {2016},
    journal       = {Computers in Education Journal},
    volume        = {7},
    number        = {1},
    pages         = {64--74},
    url           = {https://commons.erau.edu/cgi/viewcontent.cgi?article=1379\&context=publication},
    urldate       = {2023-09-26},
}

@book{amado2017,
    title         = {Manual de investiga\c{c}\~{a}o qualitativa em educa\c{c}\~{a}o},
    author        = {Jo\~{a}o Amado},
    year          = {2017},
    publisher     = {Imprensa da Universidade de Coimbra},
    url           = {https://digitalisdsp.uc.pt/jspui/bitstream/10316.2/35271/1/Manual\%20de\%20investiga\%C3\%A7\%C3\%A3o\%20qualitativa\%20em\%20educa\%C3\%A7\%C3\%A3o.pdf},
    urldate       = {2023-09-26},
    edition       = {3},
}

@article{carbonell2017,
    title         = {3D creative teaching-learning strategy in surveying engineering education},
    author        = {Carlos Carbonell-Carrera and Jose Luis Saorin and D\'{a}mari Melian and Jorge de La Torre Cantero},
    year          = {2017},
    journal       = {Eurasia Journal of Mathematics, Science and Technology Education},
    volume        = {13},
    number        = {11},
    pages         = {7489--7502},
    url           = {https://doi.org/10.12973/ejmste/78757},
    urldate       = {2023-09-26},
}

@article{novoa2017,
    title         = {Firmar a posi\c{c}\~{a}o como professor, afirmar a profiss\~{a}o docente},
    author        = {Ant\'{o}nio N\'{o}voa},
    year          = {2017},
    journal       = {Cadernos de pesquisa},
    number        = {47},
    pages         = {1106--1133},
    url           = {https://www.scielo.br/j/cp/a/WYkPDBFzMzrvnbsbYjmvCbd/abstract/?lang=pt},
    urldate       = {2023-09-26},
}

@article{siahaan2017,
    title         = {Improving students' science process skills through simple computer simulations on linear motion conceptions},
    author        = {Parsaoran Siahaan and Ajeng Suryani and Ida Kaniawati and Endi Suhendi and Achmad Samsudin},
    year          = {2017},
    journal       = {Journal of Physics: Conference Series},
    volume        = {812},
    number        = {1},
    url           = {https://doi.org/10.1088/1742-6596/812/1/012017},
    urldate       = {2023-09-26},
}

@article{silva2017,
    title         = {Aprendizagem Significativa E A Geometria Espacial-Uma Abordagem Com O Uso Do Geogebra 3d},
    author        = {Quezia de Oliveira Vargas da Silva and Eline das Flores Vict\'{e}r},
    year          = {2017},
    journal       = {Revista Uniabeu},
    volume        = {25},
    number        = {10},
    url           = {https://revista.uniabeu.edu.br/index.php/RU/article/viewFile/2898/pdf},
    urldate       = {2023-09-27},
}

@article{ali2018,
    title         = {Novas Tecnologias de Informa\c{c}\~{a}o e Comunica\c{c}\~{a}o e Ensino Superior em Mo\c{c}ambique: Integra\c{c}\~{a}o Curricular e Desafios},
    author        = {Momade Amisse Ali and Taibo Abibo},
    year          = {2018},
    journal       = {Revista de Investiga\c{c}\~{a}o em Educa\c{c}\~{a}o},
    pages         = {1--18},
    url           = {https://up-mz.academia.edu/TaiboAbibo},
    urldate       = {2023-09-26},
}

@article{baeta2018,
    title         = {Salas de Aula do Futuro: an\'{a}lise das atividades educativas desenvolvidas por professores e alunos},
    author        = {Patr\'{\i}cia Baeta and Neuza Pedro},
    year          = {2018},
    journal       = {Indagatio Didactica},
    volume        = {10},
    number        = {3},
    pages         = {81--95},
    url           = {https://doi.org/10.34624/id.v10i3.11259},
    urldate       = {2023-09-26},
}

@article{cohen2018,
    title         = {A cognitive approach to spatial visualization assessment for first-year engineering students},
    author        = {Cheryl Cohen and Diana Bairaktarova},
    year          = {2018},
    journal       = {The Engineering Design Graphics Journal},
    volume        = {82},
    number        = {3},
    pages         = {1--19},
    url           = {http://www.edgj.org/index.php/EDGJ/article/view/702},
    urldate       = {2023-09-26},
}

@article{fiantika2018,
    title         = {Analysis of students' spatial thinking in geometry: 3D object into 2D representation},
    author        = {Feny Rita Fiantika and Churun L Maknun and I Ketut Budayasa and Agung Lukito},
    year          = {2018},
    journal       = {Journal of Physics: Conference Series},
    volume        = {1013},
    number        = {1},
    pages         = {012140},
    url           = {https://doi.org/10.1088/1742-6596/1013/1/012140},
    urldate       = {2023-09-26},
}

@article{garneli2018,
    title         = {Programming video games and simulations in science education: exploring computational thinking through code analysis},
    author        = {Varvara Garneli and Konstantinos Chorianopoulos},
    year          = {2018},
    journal       = {Interactive Learning Environments},
    volume        = {26},
    number        = {3},
    pages         = {386--401},
    url           = {https://doi.org/10.1108/ITSE-11-2018-0097},
    urldate       = {2023-09-26},
}

@article{lamb2018,
    title         = {A meta-analysis with examination of moderators of student cognition, affect, and learning outcomes while using serious educational games, serious games, and simulations},
    author        = {Richard Leonard Lamb and L Annetta and Jonah Firestone and Elisabeth Etopio},
    year          = {2018},
    journal       = {Computers in Human Behavior},
    volume        = {80},
    pages         = {158--167},
    url           = {https://doi.org/10.1016/j.chb.2017.10.040},
    urldate       = {2023-09-26},
}

@inproceedings{lukaszewicz2018,
    title         = {The main aspects of training in the field of computer-aided techniques (CAx) in mechanical engineering},
    author        = {Andrzej \L{}ukaszewicz and Grzegorz Skorulski and Ryszard Szczebiot},
    year          = {2018},
    booktitle     = {Proceedings of 17th International Scientific Conference on Engineering for Rural Development},
    pages         = {865--870},
    url           = {https://doi.org/10.22616/ERDev2018.17.N49},
    urldate       = {2023-09-26},
}

@article{qin2018,
    title         = {Construction of SOA Based VR Technology in Animation Teaching},
    author        = {Zhenyan Qin and Zonghua Tao},
    year          = {2018},
    journal       = {International Journal of Emerging Technologies in Learning},
    volume        = {13},
    number        = {5},
    pages         = {153--164},
    url           = {https://doi.org/10.3991/ijet.v13i05.8435},
    urldate       = {2018-09-26},
}

@article{jesus2019,
    title         = {Uso Do Software Geogebra Como Alternativa Ao Ensino Da Geometria Descritiva Na Engenharia},
    author        = {Andressa Rezende De Jesus and Beatriz De Jesus Oliveira and L\'{\i}via Fernanda Sandes de Oliveira},
    year          = {2019},
    journal       = {Caderno de Gradua\c{c}\~{a}o-Ci\^{e}ncias Exatas e Tecnol\'{o}gicas-UNIT-SERGIPE},
    volume        = {5},
    number        = {2},
    pages         = {143--143},
    url           = {https://periodicos.set.edu.br/cadernoexatas/article/view/6993},
    urldate       = {2023-09-26},
}

@article{omar2019,
    title         = {AREDApps: Integrating mobile augmented reality in orthographic projection teaching and learning},
    author        = {Marlissa Omar and Dayana Farzeeha Ali and Ahmad Nabil Nasir and Mohd Shahrizal Sunar},
    year          = {2019},
    journal       = {International Journal of Recent Technology and Engineering},
    volume        = {8},
    number        = {1C2},
    pages         = {821--825},
}

@article{chivai2022,
    title         = {Cube test applied to the study of orthogonal projections: spatial development promoted by Qubism 3D Modeling},
    author        = {Cacilda Helena Chivai and Armando Assun\c{c}\~{a}o Soares and Paula Catarino},
    year          = {2022},
    journal       = {Open Education Studies},
    volume        = {4},
    number        = {1},
    pages         = {356--366},
    url           = {https://doi.org/10.1515/edu-2022-0177},
    urldate       = {2023-09-26},
}
