@book{assmann2001,
	author = {Assmann, Hugo},
	title = {Reencantar a educação: rumo à sociedade aprendente},
	publisher = {Editora Vozes}, 
	address = {Petrópolis, RJ},
	year = {2001}
} 
@book{bakhtin2006,
	address = {São Paulo},
	edition = {12ª edição},
	title = {Marxismo e filosofia da linguagem: {Problemas} fundamentais do método sociológico da linguagem},
	publisher = {Hucitec},
	author = {Bakhtin, Mikhail},
	year = {2006},
}
@mastersthesis{basilio2006,
	address = {São Paulo},
	type = {Mestrado em {Educação}},
	title = {Os {Saberes} {Locais} e o novo {Currículo} do {Ensino} {Básico}},
	url = {http://tede2.pucsp.br/tede/handle/handle/9925},
	urldate = {2021-07-20},
	school = {Pontifícia Universidade Católica de São Paulo},
	author = {Basílio, Guilherme},
	month = jul,
	year = {2006},
}
@book{bakhtin1997,
	edition = {2ª edição},
	title = {Estética da criação verbal},
	language = {Português},
	publisher = {WMF Martins Fontes},
	address = {São Paulo},
	author = {Bakhtin, Mikhail},
	year = {1997},
}
@book{bacich2015,
	edition = {1ª edição},
	title = {Ensino {Híbrido}: {Personalização} e {Tecnologia} na {Educação}},
	shorttitle = {Ensino {Híbrido}},
	address = {Porto Alegre},
	publisher = {Penso},
	author = {Bacich, Lilian and Neto, Adolfo Tanzi and Trevisani, Fernando de Mello},
	month = jan,
	year = {2015},
}
@book{barbosa2015,
	edition = {1ª edição},
	title = {Hipermodernidade, multiletramentos e gêneros discursivos},
	publisher = {Parábola Editorial},
	author = {Barbosa, Jacqueline Peixoto and Rojo, Roxane},
	address = {São Paulo},
	year = {2015},
}
@book{kleiman2007,
	author = {Kleiman, Angela B. and Cavalcanti, Marilda C.},  
	title = {Lingüística aplicada: suas faces e interfaces},
	edition = {1ª edição},
	address = {Campinas, SP},
	publisher = {Mercado de Letras},
	year = {2007}
} 
@book{canclini2009,
	author = {Canclini, Nestor Garcia},
	title = {Diferentes, desiguais e desconectados: mapas da interculturalidade},
	address = {Rio de Janeiro},  
	publisher = {Ed. UFRJ},
	edition = {3ª edição},
	year = {2009}
}
@phdthesis{dalmolin2003,
	type = {Doutorado em Engenharia de Produção},
	title = {Do tear à tela: uma tessitura de linguagens e sentidos para o processo de aprendência},
	school = {UFSC},
	url = {https://repositorio.ufsc.br/handle/123456789/85722},
	urldate = {2018-09-18},
	address = {Florianópolis},
	author = {Dal Molin, Beatriz Helena},
	year = {2003},
}
@book{denzin2006,
	author = {Denzin, Norman K. and Lincoln, Yvonna S.},
	title = {O planejamento da pesquisa qualitativa: teorias e abordagens},
	address = {Porto Alegre, Rio Grande do Sul},
	publisher = {Artmed},
	edition = {2ª edição},
	year = {2006}
}
@book{rojo2013,
	author = {Rojo, Roxane},
	title = {Escol@ Conectada. os multiletramentos e as TICs},
	address = {São Paulo},  
	publisher = {Parábola},
	year = {2013}
}
@book{ribeiro2018,
	author = {Ribeiro, Ana Elisa},
	title = {Escrever, Hoje. Palavra, Imagem e Tecnologias Digitais na Educação},
	address = {São Paulo},  
	publisher = {Parábola},
	year = {2018}
}
@article{thomas2007, 
	title = {{View of Transliteracy: Crossing divides}},
	author = {Thomas, Sue and Pulinger, Kate and Perril, Simion and Mills, Simon and Mason, Bruce and Laccetti, Jess and Joseph, Chris},  
	url = {http://firstmonday.org/ojs/index.php/fm/article/view/2060/1908#author}, 
	journal = {First Monday},
	urldate = {2018-07-11},
	volume = {12},
	number = {12},
	month = {dez},
	year = {2007}
}
@online{affonso2017,
	title = {Você está preparado para a quarta revolução industrial?},
	url = {https://professorannibal.com.br/2017/05/09/voce-esta-preparado-para-a-quarta-revolucao-industrial/},
	urldate = {2021-02-24},
	journal = {Professor Annibal},
	author = {Affonso, Annibal},
	month = may,
	year = {2017},
}
@phdthesis{almeida2010,
	address = {Faculdade de Engenharia Elétrica e de Computação, Campinas, São Paulo},
	type = {Dissertação ({Mestrado} em {Engenharia} {Elétrica})},
	title = {Ensino colaborativo de eletrônica em ambiente síncrono e assíncrono usando software livre},
	url = {http://repositorio.unicamp.br/bitstream/REPOSIP/259337/1/Almeida_LuisRogerioGomesde_M.pdf},
	urldate = {2021-04-23},
	school = {Universidade de Campinas},
	author = {Almeida, Luis Rogério Gomes de},
	year = {2010},
}
@book{fairclough2001,
	address = {Brasília},
	title = {Discurso e mudança social},
	publisher = {UnB},
	author = {Fairclough, Norman},
	year = {2001},
}
@phdthesis{dantas2016,
	address = {Feira de Santana},
	type = {Mestrado profissional em {Letras}},
	title = {Flash poético: uma experiência de leitura e produção de haicais e fotografias na perspectiva do letramento literário},
	url = {http://tede2.uefs.br:8080/handle/tede/500},
	urldate = {2020-03-22},
	school = {Universidade Estadual de Feira de Santana},
	author = {Dantas, Walméria Oliveira},
	month = nov,
	year = {2016},
}
@article{fernandez2012,
	title = {El blog en la enseñanza de español como lengua extranjera},
	url = {http://marcoele.com/descargas/14/alonso-blogs.pdf},
	number = {13},
	urldate = {2019-12-04},
	journal = {Suplementos marco ELE},
	author = {Fernández, Ana Alonso},
	year = {2012},
}
@article{franco2005,
	title = {Pedagogia da pesquisa-ação},
	volume = {31},
	url = {http://www.scielo.br/scielo.php?script=sci_arttext&pid=S1517-97022005000300011&lng=pt&tlng=pt},
	doi = {10.1590/S1517-97022005000300011},
	number = {3},
	urldate = {2021-01-20},
	journal = {Educação e Pesquisa},
	author = {Franco, Maria Amélia Santoro},
	month = dec,
	year = {2005},
	pages = {483-502},
}
@article{frau-meigs2014,
	title = {Transletramento: operar a transição digital e o domínio das culturas da informação},
	volume = {19},
	copyright = {Copyright (c) 0},
	url = {https://www.revistas.usp.br/comueduc/article/view/83358},
	doi = {10.11606/issn.2316-9125.v19i2p61-73},
	number = {2},
	urldate = {2021-02-04},
	journal = {Comunicação \& Educação},
	author = {Frau-Meigs, Divina},
	month = sep,
	year = {2014},
	pages = {61-73},
}
@article{garcia2017,
	title = {Novos letramentos e docência na educação a distância},
	volume = {19},
	copyright = {Copyright (c) 2018 ETD - Educação Temática Digital},
	url = {https://periodicos.sbu.unicamp.br/ojs/index.php/etd/article/view/8640578},
	doi = {10.20396/etd.v19i1.8640578},
	number = {1},
	urldate = {2021-02-04},
	journal = {ETD - Educação Temática Digital},
	author = {Garcia, Marta Fernandes and Buzato, Marcelo El Khouri and Riedo, Cássio Ricardo Fares and Silva, Dirceu da},
	month = mar,
	year = {2017},
	pages = {210-233},
}
@book{geertz1997,
	address = {Petrópolis},
	edition = {1ª edição},
	title = {O saber local: novos ensaios em antropologia interpretativa},
	publisher = {Vozes},
	author = {Geertz, Clifford and Mello Joscelyne, Vera},
	year = {1997},
}
@book{hall2006,
	address = {Rio de Janeiro},
	edition = {11ª edição},
	title = {A identidade cultural na pós-modernidade},
	publisher = {DP\&A},
	author = {Hall, Stuart},
	year = {2006},
}
@online{ibge2018,
	title = {Pesquisa {Nacional} por {Amostra} de {Domicílios} {Contínua} – {PNAD} {Contínua}},
	url = {https://www.ibge.gov.br/estatisticas/multidominio/condicoes-de-vida-desigualdade-e-pobreza/17270-pnad-continua.html?=\&t=o-que-e},
	urldate = {2021-05-21},
	author = {{Instituto Brasileiro de Geografia e Estatística (IBGE)}},
}
@phdthesis{martins2010,
	address = {Manaus},
	type = {Dissertação ({Mestrado} em {Educação})},
	title = {Currículo escolar e saberes locais: ressignificação da prática curricular docente},
	url = {https://tede.ufam.edu.br//handle/tede/2335},
	urldate = {2018-09-18},
	school = {Universidade Federal do Amazonas},
	author = {Martins, Kézia Siméia Barbosa da Silva},
	month = jun,
	year = {2010},
}
@book{morin_saberes_2010,
	address = {Rio de Janeiro},
	series = {Idéias sustentáveis},
	title = {Saberes globais e saberes locais: o olhar transdisciplinar},
	publisher = {Garamond},
	author = {Morin, Edgar},
	year = {2010},
}
@incollection{pagano2001,
	address = {Belo Horizonte},
	series = {Estudos lingüísticos},
	title = {Gêneros híbridos},
	number = {2},
	booktitle = {Reflexões sobre a análise crítica do discurso},
	publisher = {FALE-UFMG},
	author = {Pagano, A. S.},
	editor = {Magalhães, Célia M.},
	year = {2001},
	pages = {83--103},
}
@article{peirano2014,
	title = {Etnografia não é método},
	volume = {20},
	url = {http://www.scielo.br/scielo.php?script=sci_arttext&pid=S0104-71832014000200015&lng=pt&tlng=pt},
	doi = {10.1590/s0104-71832014000200015},
	number = {42},
	urldate = {2021-02-24},
	journal = {Horizontes Antropológicos},
	author = {Peirano, Mariza},
	month = dec,
	year = {2014},
	pages = {377--391},
}
@article{pimenta2005,
	title = {Pesquisa-ação crítico-colaborativa: construindo seu significado a partir de experiências com a formação docente},
	volume = {31},
	url = {http://www.scielo.br/scielo.php?script=sci_arttext&pid=S1517-97022005000300013&lng=pt&tlng=pt},
	doi = {10.1590/S1517-97022005000300013},
	number = {3},
	urldate = {2021-02-24},
	journal = {Educação e Pesquisa},
	author = {Pimenta, Selma Garrido},
	month = dec,
	year = {2005},
	pages = {521--539},
}
@article{rocha2008,
	title = {O ensino de {LE} (inglês) para crianças do {Ensino} {Fundamental} público na transdisciplinaridade da {Linguística} {Aplicada}},
	volume = {2},
	url = {https://revistas.iel.unicamp.br/index.php/seta/article/view/327},
	urldate = {2021-02-04},
	journal = {Anais do SETA},
	author = {Rocha, Cláudia Hilsdorf},
	month = nov,
	year = {2008},
}
@article{sachs2011,
	title = {Transletramentos no {Tumblr}: análise das práticas e textos dos fãs de {Glee}},
	volume = {6},
	url = {https://revistas.iel.unicamp.br/index.php/lle/article/view/1920},
	urldate = {2021-02-04},
	journal = {Língua, Literatura e Ensino},
	author = {Sachs, Rafael Salmazi},
	year = {2011},
}
@book{schwab2016,
	address = {São Paulo},
	title = {A {Quarta} {Revoluc}̧ão {Industrial}},
	publisher = {Edipro},
	author = {Schwab, Klaus},
	translator = {Miranda, Daniel M.},
	year = {2016},
}
@online{scotti2021,
	title = {Qual a melhor plataforma para um blog de sucesso?},
	url = {https://blog.orbitlearn.com/qual-a-melhor-plataforma-para-um-blog-de-sucesso/},
	urldate = {2021-04-23},
	journal = {Blog do Orbit Learn},
	author = {Scotti, R.},
	year = {2021},
}
@book{gomes2015,
	address = {Recife},
	edition = {1ª edição},
	title = {Cultura digital na escola: habilidades, experiências e novas prática},
	publisher = {Pipa Comunicação},
	author = {Gomes, A. S.},
	year = {2015},
}
%PIRES, C. F. F. O estudante e o ensino híbrido. In: BACICH, L.; TANZI NETO, A.; TREVISANI, F. M (org.) Ensino híbrido: personalização e tecnologia na educação. Porto Alegre: Penso, 2015. p. 81-87.
@inbook{pires2015,
	address = {Porto Alegre},
	title = {O estudante e o ensino híbrido},
	booktitle = {Ensino híbrido: personalização e tecnologia na educação},
	publisher = {Penso},
	author = {Pires, C. F. F.},
	editor = {Bacich, Lilian and Neto, Adolfo Tanzi and Trevisani, Fernando de Mello},
	year = {2015},
	pages = {81-87},
}
%ROJO, R.; MOURA, E. Letramentos, mídias e linguagens. São Paulo, Parábola: 2019.
@book{rojomoura2019,
	address = {São Paulo},
	title = {Letramentos, mídias e linguagens},
	publisher = {Parábola},
	author = {Rojo, R. and Moura, E.},
	year = {2019},
}
@book{santaella2012,
	address = {São Paulo},
	title = {Leitura de imagens},
	publisher = {Melhoramentos},
	author = {Santaella, L.},
	year = {2012},
}
