@book{marin1993,
	address = {Paris},
	title = {Des pouvoirs de l'image: gloses},
	publisher = {Editions du Seuil},
	author = {Marin, Louis},
	year = {1993},
	keywords = {Image (Philosophy)},
}
@book{freire1989,
	address = {São Paulo},
	title = {A importância do ato de ler},
	publisher = {Cortez},
	author = {Freire, Paulo},
	year = {1989},
}
@book{borges2012,
	address = {São Paulo},
	title = {Outras inquisições (1952)},
	publisher = {Cia das Letras},
	author = {Borges, Jorge Luis},
	translator = {{Davi Arrigucci Jr.}},
	year = {2012},
}
@book{chartier2020,
	address = {São Paulo},
	edition = {1ª},
	title = {Um mundo sem livros e sem livrarias?},
	publisher = {Letraviva},
	author = {Chartier, Roger},
	editor = {{Guiomar de Grammont}},
	year = {2020},
}
