@article{a_shukor_using_2019,
	title = {Using {Learning} {Analytics} to {Improve} {MOOC} {Instructional} {Design}},
	volume = {14},
	url = {https://online-journals.org/index.php/i-jet/article/view/12185},
	doi = {10.3991/ijet.v14i24.12185},
	number = {24},
	urldate = {2022-08-05},
	journal = {International Journal of Emerging Technologies in Learning (iJET)},
	author = {Shukor, N. A. and Abdullah, Z.},
	month = dec,
	year = {2019},
	pages = {6},
}

@book{leontyev_activity._1975,
	address = {Moscow},
	title = {Activity. {Conscience}. {Personality}.},
	author = {Leontyev, A. N.},
	year = {1975},
}

@article{angeles_spanish_2021,
	title = {Spanish {Adult} {Students}’ {Intention}- {Behaviour} {Toward} {MOOCs} {During} the {COVID}-19 {Pandemic}},
	volume = {26},
	url = {https://doi.org/10.17533/udea.ikala.v26n3a04},
	number = {3},
	urldate = {2022-07-30},
	journal = {Íkala. Revista de lenguaje y cultura},
	author = {Angeles, M. A. E.},
	year = {2021},
	pages = {531--551},
}

@article{barcena_role_2015,
	title = {The {Role} of {Modularity} and {Mobility} in {Language} {MOOCs}},
	volume = {1},
	copyright = {Derechos de autor 2015},
	url = {https://journals.ucjc.edu/VREF/article/view/4068},
	urldate = {2022-07-30},
	journal = {VERBEIA. Revista de Estudios Filológicos. Journal of English and Spanish Studies},
	author = {Bárcena, E. and Read, T.},
	month = oct,
	year = {2015},
	keywords = {Language MOOCs, Modular Materials, MALL, Mobile Assisted LMOOCs},
	pages = {28--35},
}

@article{barkanyi_motivation_2021,
	title = {Motivation, self-efficacy beliefs, and speaking anxiety in language {MOOCs}},
	volume = {33},
	url = {https://www.cambridge.org/core/product/identifier/S0958344021000033/type/journal_article},
	doi = {10.1017/S0958344021000033},
	number = {2},
	urldate = {2022-07-30},
	journal = {ReCALL},
	author = {Bárkányi, Z.},
	month = may,
	year = {2021},
	pages = {143--160},
}

@article{berestova_mooc_2021,
	title = {{MOOC} {As} an {Enabler} for {Achieving} {Professional} {Competence}: {Problem}-{Solving} {Aspect}},
	volume = {16},
	url = {https://online-journals.org/index.php/i-jet/article/view/18737},
	doi = {10.3991/ijet.v16i02.18737},
	number = {02},
	urldate = {2022-07-30},
	journal = {International Journal of Emerging Technologies in Learning (iJET)},
	author = {Berestova, A. and Kondratenko, L. and Lobuteva, L. and Lobuteva, A. and Berechikidze, I.},
	month = jan,
	year = {2021},
	pages = {4},
}

@book{bozhovich_personality_1968,
	address = {Moscow},
	title = {Personality and {Its} {Development} in {Childhood}},
	publisher = {Prosveshcheniye},
	author = {Bozhovich, L. I.},
	year = {1968},
}

@book{petrovskiy_brief_1985,
	address = {Moscow},
	title = {Brief {Dictionary} of {Psychology}},
	publisher = {Publishing House of Political Literature},
	editor = {Petrovskiy, A. V. and Yaroshevskiy, M. G.},
	year = {1985},
}

@article{daniel_making_2012,
	title = {Making {Sense} of {MOOCs}: {Musings} in a {Maze} of {Myth}, {Paradox} and {Possibility}},
	volume = {2012},
	url = {http://jime.open.ac.uk/articles/10.5334/2012-18/},
	doi = {10.5334/2012-18},
	number = {3},
	urldate = {2022-07-30},
	journal = {Journal of Interactive Media in Education},
	author = {Daniel, J.},
	month = dec,
	year = {2012},
	keywords = {MOOCS, Massive Open Online Courses},
	pages = {Art. 18},
}

@article{deci_facilitating_2008,
	title = {Facilitating optimal motivation and psychological well-being across life's domains.},
	url = {https://www.scienceopen.com/document?vid=0b8ec570-55a1-41d6-acc6-521236c75bba},
	doi = {10.1037/0708-5591.49.1.14},
	urldate = {2022-07-30},
	journal = {Canadian Psychology/Psychologie canadienne},
	author = {Deci, E. L. and Ryan, R. M.},
	month = jan,
	year = {2008},
}

@article{dodonov_structure_1984,
	title = {Structure and {Dynamics} of {Activity} {Motives}},
	journal = {Psychology Issues},
	author = {Dodonov, B. I.},
	year = {1984},
	pages = {126--130},
}

@inproceedings{beirne_towards_2018,
	address = {Barcelona},
	title = {Towards {Personalized} {Guidance} and {Support} for {Learning}},
	booktitle = {Proceedings of the 10th {European} {Distance} and {E}-{Learning} {Network} {Research} {Workshop}},
	author = {Beirne, E. and Lochlainn, C.M. and Mhichí, M.N.G.},
	year = {2018},
	pages = {22--28},
}

@article{estebas-vilaplana_role_2020,
	title = {The {Role} of a {Pronunciation} {LMOOC} in {Higher} {Education} {Studies}},
	volume = {2020},
	url = {http://jime.open.ac.uk/articles/10.5334/jime.589/},
	doi = {10.5334/jime.589},
	language = {en},
	number = {1},
	urldate = {2022-07-30},
	journal = {Journal of Interactive Media in Education},
	author = {Estebas-Vilaplana, E. and Solans, M.},
	month = dec,
	year = {2020},
	pages = {21},
}

@article{feklistova_learners_2021,
	title = {Learners’ {Performance} in a {MOOC} on {Programming}},
	volume = {11},
	url = {https://www.mdpi.com/2227-7102/11/9/521},
	doi = {10.3390/educsci11090521},
	number = {9},
	urldate = {2022-07-30},
	journal = {Education Sciences},
	author = {Feklistova, L. and Lepp, M. and Luik, P.},
	month = sep,
	year = {2021},
	pages = {521},
}

@article{garcia_student_2021,
	title = {Student {Engagement} in an {EFL}/{SFL} {Speaking} {LMOOC} during the {COVID}-19 {Pandemic}: {Influence} of {Learners}’ {Social}, {Affective} and {Cognitive} {Dimensions}},
	volume = {25},
	url = {https://connect.academics.education/index.php/eflij/article/view/72},
	number = {5},
	urldate = {2022-07-30},
	journal = {English as Foreign LanguageInternational Journal},
	author = {Garcia, B. C. and Appel, C.},
	year = {2021},
	pages = {96--118},
}

@article{hew_students_2014,
	title = {Students’ and instructors’ use of massive open online courses ({MOOCs}): {Motivations} and challenges},
	volume = {12},
	url = {https://www.sciencedirect.com/science/article/pii/S1747938X14000128},
	doi = {10.1016/j.edurev.2014.05.001},
	urldate = {2022-07-30},
	journal = {Educational Research Review},
	author = {Hew, K. F. and Cheung, W. S.},
	month = jun,
	year = {2014},
	keywords = {MOOC, Massive open online course, Online learning, E-learning, Motivation},
	pages = {45--58},
}

@incollection{chapelle_genre_2018,
	edition = {1},
	title = {Genre and {Discourse} {Analysis} in {Language} for {Specific} {Purposes}},
	url = {https://onlinelibrary.wiley.com/doi/10.1002/9781405198431.wbeal0452.pub2},
	urldate = {2022-07-30},
	booktitle = {The {Encyclopedia} of {Applied} {Linguistics}},
	publisher = {Wiley},
	author = {Hyland, K.},
	editor = {Chapelle, C. A.},
	month = dec,
	year = {2018},
	doi = {10.1002/9781405198431.wbeal0452.pub2},
	pages = {1--8},
}

@article{uddin_systematic_2021,
	title = {A {Systematic} {Mapping} {Review} on {MOOC} {Recommender} {Systems}},
	volume = {9},
	doi = {10.1109/ACCESS.2021.3101039},
	journal = {IEEE Access},
	author = {Uddin, I. and Imran, A. S. and Muhammad, K. and Fayyaz, N. and Sajjad, M.},
	year = {2021},
	keywords = {Electronic learning, Computer aided instruction, Recommender systems, Adaptation models, Systematics, Deep learning, Social networking (online), Deep learning, learning analytics, machine learning, MOOC, personalized learning, recommender systems},
	pages = {118379--118405},
}

@article{jitpaisarnwattana_learners_2021,
	title = {Learners' {Perspectives} on {Interaction} in a {Language} {MOOC}},
	volume = {17},
	url = {https://eric.ed.gov/?id=EJ1313375},
	number = {2},
	urldate = {2022-07-30},
	journal = {JALT CALL Journal},
	author = {Jitpaisarnwattana, N. and Reinders, H. and Darasawang, P.},
	year = {2021},
	keywords = {Interaction, Open Education, Online Courses, Electronic Learning, English for Special Purposes, Second Language Instruction, Second Language Learning, Barriers, Affordances, Sense of Community, Self Efficacy, Language Proficiency, Time Management, Synchronous Communication, Preferences, Social Media, Discussion Groups, Professional Personnel, Foreign Countries},
	pages = {158--182},
}

@article{kadlecik_efficacy_2020,
	title = {The {Efficacy} of {MOOC} to {Support} {Students} in {Pedagogical} {Research}},
	volume = {11},
	issn = {2076-3417},
	url = {https://www.mdpi.com/2076-3417/11/1/328},
	doi = {10.3390/app11010328},
	number = {1},
	urldate = {2022-07-30},
	journal = {Applied Sciences},
	author = {Kadlečík, M. and Munk, M. and Munková, D.},
	month = dec,
	year = {2021},
	pages = {328},
}

@inproceedings{khalil_moocs_2014,
	title = {{MOOCs} {Completion} {Rates} and {Possible} {Methods} to {Improve} {Retention} - {A} {Literature} {Review}},
	url = {https://www.learntechlib.org/primary/p/147656/},
	urldate = {2022-07-30},
	publisher = {Association for the Advancement of Computing in Education (AACE)},
	author = {Khalil, H. and Ebner, M.},
	month = jun,
	year = {2014},
	pages = {1305--1313},
}

@article{kukulska-hulme_mobile_2021,
	title = {Mobile, {Open} and {Social} {Language} {Learning} {Designs} and {Architectures}},
	volume = {27},
	url = {https://lib.jucs.org/article/68852/},
	doi = {10.3897/jucs.68852},
	number = {5},
	urldate = {2022-07-30},
	journal = {JUCS - Journal of Universal Computer Science},
	author = {Kukulska-Hulme, A. and Arus-Hota, J. and Garcia Laborda, J.},
	month = may,
	year = {2021},
	pages = {413--424},
}

@article{leontyev_psychology_2000,
	title = {Psychology of {Freedom}: {On} the {Formulation} of the {Personality} {Self}‑{Determination}},
	volume = {21},
	number = {15–25},
	journal = {Psychological Journal},
	author = {Leontyev, D. A.},
	year = {2000},
	pages = {15--25},
}

@article{xiao_motivation_2021,
	title = {Motivation of {Students}’ {Autonomous} {Learning} in {English} {MOOC} {Teaching} {Based} on {Big} {Data} {Analysis}},
	volume = {1881},
	url = {https://iopscience.iop.org/article/10.1088/1742-6596/1881/2/022082},
	doi = {10.1088/1742-6596/1881/2/022082},
	number = {2},
	urldate = {2022-07-30},
	journal = {Journal of Physics: Conference Series},
	author = {Xiao, L.},
	month = apr,
	year = {2021},
	pages = {022082},
}

@article{lust_regulation_2013,
	title = {Regulation of tool-use within a blended course: {Student} differences and performance effects},
	volume = {60},
	url = {https://linkinghub.elsevier.com/retrieve/pii/S0360131512002059},
	doi = {10.1016/j.compedu.2012.09.001},
	number = {1},
	urldate = {2022-07-30},
	journal = {Computers \& Education},
	author = {Lust, G. and Elen, J. and Clarebout, G.},
	month = jan,
	year = {2013},
	pages = {385--395},
}

@article{manukyan_individual_1984,
	series = {Psychology},
	title = {Individual {Needs} and {Their} {Place} in the {Pedagogical} {Concept} of {Education} {Motives}},
	number = {4},
	journal = {Psychology},
	author = {Manukyan, S. P.},
	year = {1984},
	pages = {130--133},
}

@article{martin-monje_researching_2021,
	title = {Researching massive open online courses for language teaching and learning},
	volume = {33},
	url = {https://www.cambridge.org/core/product/identifier/S0958344021000094/type/journal_article},
	doi = {10.1017/S0958344021000094},
	number = {2},
	urldate = {2022-07-30},
	journal = {ReCALL},
	author = {Martín-Monje, E. and Borthwick, K.},
	month = may,
	year = {2021},
	pages = {107--110},
}

@article{zhu_enhancing_2021,
	title = {Enhancing {MOOC} learners’ skills for self-directed learning},
	volume = {42},
	url = {https://www.tandfonline.com/doi/full/10.1080/01587919.2021.1956302},
	doi = {10.1080/01587919.2021.1956302},
	number = {3},
	urldate = {2022-07-30},
	journal = {Distance Education},
	author = {Zhu, M.},
	month = jul,
	year = {2021},
	pages = {441--460},
}

@article{zhu_relationship_2022,
	title = {The relationship among motivation, self-monitoring, self-management, and learning strategies of {MOOC} learners},
	volume = {34},
	url = {https://doi.org/10.1007/s12528-021-09301-2},
	doi = {10.1007/s12528-021-09301-2},
	number = {2},
	urldate = {2022-07-30},
	journal = {Journal of Computing in Higher Education},
	author = {Zhu, M. and Doo, M. Y.},
	month = aug,
	year = {2022},
	keywords = {Self-directed learning, Learning strategies, Motivation self-monitoring, Self-management, MOOCs},
	pages = {321--342},
}

@inproceedings{miyazoe_how_2017,
	address = {Vancouver, British Columbia, Canada},
	title = {How does an {LMOOC} work?},
	url = {https://www.learntechlib.org/primary/p/181240/},
	urldate = {2022-07-30},
	publisher = {Association for the Advancement of Computing in Education (AACE)},
	author = {Miyazoe, T.},
	month = oct,
	year = {2017},
	pages = {638--643},
}

@article{albelbisi_self-regulated_2021,
	title = {Self-regulated learning and satisfaction: {A} key determinants of {MOOC} success},
	volume = {26},
	url = {https://doi.org/10.1007/s10639-020-10404-z},
	doi = {10.1007/s10639-020-10404-z},
	number = {3},
	urldate = {2022-07-30},
	journal = {Education and Information Technologies},
	author = {Albelbisi, N. A. and Al-Adwan, A. S. and Habibi, A.},
	month = may,
	year = {2021},
	keywords = {DeLone and McLean, MOOC, Satisfaction, Self-regulated learning},
	pages = {3459--3481},
}

@article{oelfke_using_2021,
	title = {Using {Open} {Educational} {Resources} at {Viterbo} {University}: {Faculty} and {Student} {Feedback}},
	volume = {22},
	url = {https://www.irrodl.org/index.php/irrodl/article/view/4970},
	doi = {10.19173/irrodl.v22i1.4970},
	language = {en},
	number = {1},
	urldate = {2022-07-30},
	journal = {The International Review of Research in Open and Distributed Learning},
	author = {Oelfke, A. L. and Sadowski, J. A. and Ramseier, C.M. and Iremonger, C. and Volkert, K. and Dykman, E. and Kuhl, L. and Baumann, A.},
	month = mar,
	year = {2021},
	keywords = {open educational resources, OER, open textbooks, textbook cost savings, free textbooks},
	pages = {78--90},
}

@article{orlov_kolmogorov_2014,
	title = {Kolmogorov, {Smirnov}, {Omega} {Squared} {Nonparametric} {Goodness}-of-{Fit} {Tests} and {Errors} in {Their} {Use}},
	volume = {97},
	number = {3},
	journal = {Scientific Journal of the Kuban State Agrarian University},
	author = {Orlov, A. I.},
	year = {2014},
	pages = {31--45},
}

@article{pilli_taxonomy_2016,
	title = {A {Taxonomy} of {Massive} {Open} {Online} {Courses}},
	volume = {7},
	url = {https://eric.ed.gov/?id=EJ1108186},
	number = {3},
	urldate = {2022-07-30},
	journal = {Contemporary Educational Technology},
	author = {Pilli, O. and Admiraal, W.},
	year = {2016},
	keywords = {Taxonomy, Online Courses, Large Group Instruction, Small Group Instruction, Distance Education, Definitions, Open Education, Shared Resources and Services, Models, Higher Education},
	pages = {223--240},
}

@article{luik_are_2021,
	title = {Are {Highly} {Motivated} {Learners} {More} {Likely} to {Complete} a {Computer} {Programming} {MOOC}?},
	volume = {22},
	url = {https://www.irrodl.org/index.php/irrodl/article/view/4978},
	doi = {10.19173/irrodl.v22i1.4978},
	number = {1},
	urldate = {2022-07-30},
	journal = {The International Review of Research in Open and Distributed Learning},
	author = {Luik, P. and Lepp, M.},
	month = mar,
	year = {2021},
	keywords = {MOOC, motivation, programming, clusters, completion},
	pages = {41--58},
}

@article{read_inclusive_2021,
	title = {Inclusive {Language} {MOOCs}},
	volume = {27},
	copyright = {2022 Timothy  Read, Beatriz Sedano, Elena Barcena},
	url = {https://lib.jucs.org/article/67932/},
	doi = {10.3897/jucs.67932},
	language = {en},
	number = {5},
	urldate = {2022-07-30},
	journal = {JUCS - Journal of Universal Computer Science},
	author = {Read, T. and Sedano, B. and Barcena, E.},
	month = may,
	year = {2021},
	pages = {437--449},
}

@article{rodes_teacher_2021,
	title = {Teacher {Education} in the {Emergency}: a {MOOC}-{Inspired} {Teacher} {Professional} {Development} {Strategy} {Grounded} in {Critical} {Digital} {Pedagogy} and {Pedagogy} of {Care}},
	volume = {2021},
	url = {http://jime.open.ac.uk/articles/10.5334/jime.657/},
	doi = {10.5334/jime.657},
	number = {1},
	urldate = {2022-07-30},
	journal = {Journal of Interactive Media in Education},
	author = {Rodés, V. and Porta, M. and Garófalo, L. and Enríquez, C. R.},
	month = sep,
	year = {2021},
	keywords = {Teacher Professional Development, MOOC, Emergency Remote Teaching, Higher Education, Critical Digital Pedagogy, Pedagogy of Care},
	pages = {12},
}

@book{rubinstein_fundamentals_2000,
	address = {St. Petersburg},
	title = {Fundamentals of general psychology},
	publisher = {Piter},
	author = {Rubinstein, S. L.},
	year = {2000},
}

@misc{shah_second_2020,
	title = {The {Second} {Year} of {The} {MOOC}: {A} {Review} of {MOOC} {Stats} and {Trends} in 2020},
	url = {https://www.classcentral.com/report/the-second-year-of-the-mooc/},
	urldate = {2022-07-30},
	journal = {The Report by Class Central},
	author = {Shah, D.},
	month = dec,
	year = {2020},
}

@article{mayya_students_2004,
	title = {Students' {Perceptions} of {Educational} {Environment}: {A} {Comparison} of {Academic} {Achievers} and {Under}-{Achievers} at {Kasturba} {Medical} {College}, {India}},
	volume = {17},
	url = {http://www.informaworld.com/openurl?genre=article&doi=10.1080/13576280400002445&magic=crossref||D404A21C5BB053405B1A640AFFD44AE3},
	doi = {10.1080/13576280400002445},
	number = {3},
	urldate = {2022-07-30},
	journal = {Education for Health: Change in Learning \& Practice},
	author = {Mayya, S. and Roff, S.},
	month = nov,
	year = {2004},
	pages = {280--291},
}

@incollection{sokolik_2_2014,
	title = {2 {What} {Constitutes} an {Effective} {Language} {MOOC}?},
	url = {https://www.degruyter.com/document/doi/10.2478/9783110420067.2/html},
	urldate = {2022-07-30},
	booktitle = {What {Constitutes} an {Effective} {Language} {MOOC}?},
	publisher = {De Gruyter Open Poland},
	author = {Sokolik, M.},
	month = dec,
	year = {2014},
	pages = {16--32},
}

@book{solso_experimental_2003,
	address = {St. Petersburg},
	title = {Experimental {Psychology}},
	publisher = {Prime-Euroznak},
	author = {Solso, L. R. and McLin, M. L.},
	year = {2003},
}

@incollection{pareja-lora_learning_2016,
	title = {Learning specialised vocabulary through {Facebook} in a massive open online course},
	url = {https://research-publishing.net/manuscript?10.14705/rpnet.2016.tislid2014.427},
	urldate = {2022-07-30},
	booktitle = {New perspectives on teaching and working with languages in the digital era},
	publisher = {Research-publishing.net},
	author = {Ventura, P. and Martín-Monje, E.},
	editor = {Pareja-Lora, A. and Calle-Martínez, C. and Rodríguez-Arancón, Pilar},
	month = may,
	year = {2016},
	doi = {10.14705/rpnet.2016.tislid2014.427},
	pages = {117--128},
}

@article{verkuyten_achievement_2001,
	title = {Achievement motivation and academic performance among {Turkish} early and young adolescents in the {Netherlands}},
	volume = {127},
	url = {https://go.gale.com/ps/i.do?p=AONE&sw=w&issn=87567547&v=2.1&it=r&id=GALE%7CA85173164&sid=googleScholar&linkaccess=abs},
	number = {4},
	urldate = {2022-07-30},
	journal = {Genetic, Social, and General Psychology Monographs},
	author = {Verkuyten, M. and Thijs, J. and Canatan, K.},
	month = nov,
	year = {2001},
	pages = {378--409},
}

@article{vorobyeva_language_2018,
	title = {Language acquisition through massive open online courses ({MOOCs}): opportunities and restrictions in educational university environment},
	volume = {11},
	url = {http://www.xlinguae.eu/2018_11_02_11.html},
	doi = {10.18355/XL.2018.11.02.11},
	number = {2},
	urldate = {2022-07-30},
	journal = {XLinguae},
	author = {Vorobyeva, A. A.},
	year = {2018},
	pages = {136--146},
}

@article{winne_self-regulating_2003,
	title = {Self-regulating studying by objectives for learning: {Students}’ reports compared to a model},
	volume = {28},
	url = {https://linkinghub.elsevier.com/retrieve/pii/S0361476X02000413},
	doi = {10.1016/S0361-476X(02)00041-3},
	number = {3},
	urldate = {2022-07-30},
	journal = {Contemporary Educational Psychology},
	author = {Winne, P. H and Jamieson-Noel, D.},
	month = jul,
	year = {2003},
	pages = {259--276},
}

@book{yasvin_education_2001,
	address = {Moscow},
	title = {Education environment: from modeling to design},
	publisher = {Smysl},
	author = {Yasvin, V. A.},
	year = {2001},
}

@article{yazdani_studying_2014,
	title = {Studying the role of habits and achievement motivation in improving students' academic performance},
	volume = {3},
	url = {https://www.semanticscholar.org/paper/Studying-the-role-of-habits-and-achievement-in-Yazdani-Godbole/83d0e278d242fb15c5532ff2f4f440afe138dc1b},
	number = {4},
	urldate = {2022-07-30},
	journal = {European Online Journal of Natural and Social Sciences},
	author = {Yazdani, K. and Godbole, V.},
	year = {2014},
	pages = {827--839},
}

@article{yen_framework_2018,
	title = {A framework for self-regulated digital learning ({SRDL})},
	volume = {34},
	url = {https://onlinelibrary.wiley.com/doi/10.1111/jcal.12264},
	doi = {10.1111/jcal.12264},
	number = {5},
	urldate = {2022-07-30},
	journal = {Journal of Computer Assisted Learning},
	author = {Yen, M.-H. and Chen, S. and Wang, C.-Y. and Chen, H.-L. and Hsu, Y.-S. and Liu, T.-C.},
	month = oct,
	year = {2018},
	pages = {580--589},
}

@article{fan_research_2021,
	title = {Research on {Mixed} {Teaching} of {University} {Computer} in {MOOC} and {Rain} {Classroom}},
	volume = {236},
	url = {https://www.e3s-conferences.org/10.1051/e3sconf/202123605056},
	doi = {10.1051/e3sconf/202123605056},
	urldate = {2022-07-30},
	journal = {E3S Web of Conferences},
	author = {Fan, D. and Zhang, L.},
	editor = {Anpo, M. and Song, F.},
	year = {2021},
	pages = {05056},
}

@article{zimmerman_social_1989,
	title = {A social cognitive view of self-regulated academic learning.},
	volume = {81},
	url = {http://doi.apa.org/getdoi.cfm?doi=10.1037/0022-0663.81.3.329},
	doi = {10.1037/0022-0663.81.3.329},
	number = {3},
	urldate = {2022-07-30},
	journal = {Journal of Educational Psychology},
	author = {Zimmerman, B. J.},
	year = {1989},
	pages = {329--339},
}