
@incollection{barwell_heteroglossia_2012,
	address = {Berlin, Heidelberg},
	title = {Heteroglossia in multilingual mathematics classroom},
	booktitle = {Towards equity in mathematics education: {Gender}, culture and diversity},
	publisher = {Springer Berlin, Heidelberg},
	author = {Barwell, R.},
	editor = {Forgasz, H. and Rivera, F.},
	year = {2012},
	doi = {https://doi.org/10.1007/978-3-642-27702-3},
	pages = {315--332},
}

@incollection{bay-williams_is_2007,
	address = {Reston, VA},
	title = {Is “{Just} good teaching” {Enough} to support the learning of {English} language learners? {Insights} from socioculturallearning theory},
	booktitle = {The learning of {Mathematics}. {Sixty}-ninth yearbook},
	publisher = {The National Council of Teachers of Mathematics},
	author = {Bay-Williams, J. and Herrera, S.},
	editor = {Martin, H. G. and Strutchens, M. E. and Elliott, P. C.},
	year = {2007},
	pages = {43--63},
}

@article{borgioli_equity_2008,
	title = {Equity for {English} {Language} {Learners} in {Mathematics} {Classrooms}},
	volume = {15},
	number = {3},
	urldate = {2022-08-10},
	journal = {Teaching Children Mathematics},
	author = {Borgioli, G. M.},
	month = oct,
	year = {2008},
	keywords = {Cultural Relevance, Student Diversity, Comprehension, Word Problems (Mathematics), Mathematics Teachers, English (Second Language), Mathematics Instruction, Equal Education, Limited English Speaking, Teacher Role, Classroom Environment, Language Proficiency, Teaching Methods, Classroom Communication, Student Participation, Teacher Attitudes, Teacher Student Relationship, Elementary School Mathematics},
	pages = {185--191},
}

@article{chen_research_2008,
	title = {Research in brief: {Language} {Proficiency} and {Mathematics} {Learning}},
	volume = {108},
	url = {https://onlinelibrary.wiley.com/doi/10.1111/j.1949-8594.2008.tb17811.x},
	doi = {10.1111/j.1949-8594.2008.tb17811.x},
	number = {3},
	urldate = {2022-08-10},
	journal = {School Science and Mathematics},
	author = {Chen, X. and Yeping, L.},
	month = mar,
	year = {2008},
	pages = {90--93},
}

@article{chung_identifying_2004,
	title = {Identifying technical vocabulary},
	volume = {32},
	url = {https://linkinghub.elsevier.com/retrieve/pii/S0346251X04000247},
	doi = {10.1016/j.system.2003.11.008},
	number = {2},
	urldate = {2022-08-10},
	journal = {System},
	author = {Chung, T. M. and Nation, P.},
	month = jun,
	year = {2004},
	pages = {251--263},
}

@article{crawford_impact_2008,
	title = {Impact of intensive professional development on teachers' use of sheltered instruction with students who are {English} language learners},
	volume = {34},
	url = {http://www.tandfonline.com/doi/abs/10.1080/13674580801950816},
	doi = {10.1080/13674580801950816},
	number = {3},
	urldate = {2022-08-10},
	journal = {Journal of In-Service Education},
	author = {Crawford, L. and Schmeister, M. and Biggs, A.},
	month = sep,
	year = {2008},
	pages = {327--342},
}

@book{di_pietro_strategic_1987,
	address = {Cambridge Cambridgeshire ; New York},
	title = {Strategic interaction: learning languages through scenarios},
	publisher = {Cambridge University Press},
	author = {Di Pietro, R. J.},
	month = apr,
	year = {1987},
}

@book{echevarria_making_2000,
	address = {New York},
	title = {Making content comprehensible for english language learners: {The} {SlOP} model},
	publisher = {Pearson},
	editor = {Echevarria, J. and Vogt, M. and Short, D.},
	year = {2000},
}

@article{echevarria_school_2006,
	title = {School {Reform} and {Standards}-{Based} {Education}: {A} {Model} for {English}-{Language} {Learners}},
	volume = {99},
	number = {4},
	urldate = {2022-08-10},
	journal = {Journal of Educational Research},
	author = {Echevarria, J. and Short, D. and Powers, K.},
	year = {2006},
	keywords = {Educational Change, Academic Standards, English (Second Language), Language Teachers, Models, Academic Achievement, Comparative Analysis, Program Effectiveness, Effect Size, Middle School Students, Writing Processes, Demography, Second Language Learning},
	pages = {195--210},
}

@book{echevarria_making_2008,
	address = {New York},
	edition = {3rd ed. edição},
	title = {Making content comprehensible for  	{English} learners: {The} {SIOP} {Model}},
	publisher = {Pearson},
	author = {Echevarria, J. and Vogt, M. and Short, D.},
	year = {2008},
}

@book{echevarria_siop_2010,
	address = {Boston},
	title = {The {SIOP} {Model} for {Teaching}  {Mathematics} to {English} learners},
	publisher = {Pearson},
	author = {Echevarria, J. and Vogt, M. and Short, D.},
	year = {2010},
}

@article{echevarria_using_2011,
	title = {Using the {SIOP} model to promote the acquisition of language and science concepts with {English} learners},
	volume = {34},
	doi = {10.1080/15235882.2011.623600},
	number = {3},
	urldate = {2022-08-10},
	journal = {Bilingual Research Journal},
	author = {Echevarria, J. and Richards-Tutor, C. and Canges, R. and Francis, D.},
	year = {2011},
	keywords = {Middle School Students, Academic Discourse, Control Groups, Second Language Learning, Teaching Methods, Limited English Speaking, Scientific Concepts, English (Second Language), Second Language Instruction, Science Instruction, Classroom Observation Techniques, Evaluation Methods, Instructional Effectiveness, Academic Achievement},
	pages = {334--351},
}

@book{echevarria_making_2017,
	address = {New York},
	edition = {5 ed.},
	title = {Making content comprehensible for {English} learners: {The} {SIOP} {Model}},
	publisher = {Pearson},
	author = {Echevarria, J. and Vogt, M. and Short, D.},
	year = {2017},
}

@article{farchan_analisis_2020,
	title = {Analisis {Kestabilan} dan {Kontrol} {Optimal} {Model} {Matematika} {Dinamika} {Pelanggan} {Berdasarkan} {Kebijakan} {Pemasaran}},
	volume = {2},
	url = {https://e-journal.unair.ac.id/CONMATHA/article/view/19300},
	doi = {10.20473/conmatha.v2i1.19300},
	number = {1},
	urldate = {2022-08-10},
	journal = {Contemporary Mathematics and Applications (ConMathA)},
	author = {Farchan, M. I. A. and Fatmawati, F. and Alfiniyah, C.},
	month = may,
	year = {2020},
	pages = {23},
}

@article{fatmawati_fractional_2019,
	title = {A fractional model for the dynamics of competition between commercial and rural banks in {Indonesia}},
	volume = {122},
	url = {https://www.sciencedirect.com/science/article/pii/S0960077919300694},
	doi = {10.1016/j.chaos.2019.02.009},
	urldate = {2022-08-10},
	journal = {Chaos, Solitons \& Fractals},
	author = {{Fatmawati} and Khan, M. A. and Azizah, M. and {Windarto} and Ullah, S.},
	month = may,
	year = {2019},
	keywords = {Competition model, Real data, Parameter estimation, Genetic algorithm, Atangana–Baleanu (A–B) derivative, Caputo derivative},
	pages = {32--46},
}

@article{gardner_educational_1989,
	title = {Educational {Implications} of the {Theory} of {Multiple} {Intelligences}},
	volume = {18},
	url = {http://journals.sagepub.com/doi/10.3102/0013189X018008004},
	doi = {10.3102/0013189X018008004},
	number = {8},
	urldate = {2022-08-10},
	journal = {Educational Researcher},
	author = {Gardner, H. and Hatch, T.},
	month = nov,
	year = {1989},
	pages = {4--10},
}

@article{gersten_lost_1999,
	title = {Lost {Opportunities}: {Challenges} {Confronting} {Four} {Teachers} of {English}-{Language} {Learners}},
	volume = {100},
	url = {https://www.journals.uchicago.edu/doi/abs/10.1086/461942},
	doi = {10.1086/461942},
	number = {1},
	urldate = {2022-08-10},
	journal = {The Elementary School Journal},
	author = {Gersten, R.},
	month = sep,
	year = {1999},
	pages = {37--56},
}

@article{gibbons_mediating_2003,
	title = {Mediating {Language} {Learning}: {Teacher} {Interactions} with {ESL} {Students} in a {Content}-{Based} {Classroom}},
	volume = {37},
	shorttitle = {Mediating {Language} {Learning}},
	url = {https://www.jstor.org/stable/10.2307/3588504?origin=crossref},
	doi = {10.2307/3588504},
	number = {2},
	urldate = {2022-08-10},
	journal = {TESOL Quarterly},
	author = {Gibbons, P.},
	month = jul,
	year = {2003},
	pages = {247},
}

@article{goldenberg_teaching_2008,
	title = {Teaching {English} language learners: {What} the research doesand does not say},
	volume = {33},
	url = {http://www.aft.org/pdfs/americaneducator/summer2008/goldenberg.pdf},
	number = {2},
	urldate = {2022-08-10},
	journal = {American Educator},
	author = {Goldenberg, C.},
	year = {2008},
	pages = {8--19},
}

@article{guarino_sheltered_2001,
	title = {The {Sheltered} {Instruction} {Observation} {Protocol}: {Reliability} and validity assessment},
	volume = {11},
	number = {138-140},
	journal = {Journal of Research in Education},
	author = {Guarino, A. J. and Echevarria, J. and Short, D. and Schick, J. E. and Forbes, S. and Rueda, R.},
	year = {2001},
	pages = {138--140},
}

@article{hansen-thomas_sheltered_2008,
	title = {Sheltered {Instruction}: {Best} {Practices} for {ELLs} in the {Mainstream}},
	volume = {44},
	url = {http://www.tandfonline.com/doi/abs/10.1080/00228958.2008.10516517},
	doi = {10.1080/00228958.2008.10516517},
	number = {4},
	urldate = {2022-08-10},
	journal = {Kappa Delta Pi Record},
	author = {Hansen-Thomas, H.},
	month = jul,
	year = {2008},
	pages = {165--169},
}

@article{kaplan_lexical_2009,
	title = {Lexical {Ambiguity} in {Statistics}: {What} do {Students} {Know} about the {Words} {Association}, {Average}, {Confidence}, {Random} and {Spread}?},
	volume = {17},
	url = {https://www.tandfonline.com/doi/full/10.1080/10691898.2009.11889535},
	doi = {10.1080/10691898.2009.11889535},
	number = {3},
	urldate = {2022-08-10},
	journal = {Journal of Statistics Education},
	author = {Kaplan, J. J. and Fisher, D. G. and Rogness, N. T.},
	month = nov,
	year = {2009},
	pages = {6},
}

@article{kotsopoulos_mathematics_2007,
	title = {Mathematics {Discourse}: {It}'s {Like} {Hearing} a {Foreign} {Language}},
	volume = {101},
	url = {https://pubs.nctm.org/view/journals/mt/101/4/article-p301.xml},
	doi = {10.5951/MT.101.4.0301},
	number = {4},
	urldate = {2022-08-10},
	journal = {The Mathematics Teacher},
	author = {Kotsopoulos, D.},
	month = nov,
	year = {2007},
	pages = {301--305},
}

@article{kral_relational_2014,
	title = {The {Relational} {Motif} in {Participatory} {Qualitative} {Research}},
	volume = {20},
	url = {http://journals.sagepub.com/doi/10.1177/1077800413510871},
	doi = {10.1177/1077800413510871},
	number = {2},
	urldate = {2022-08-10},
	journal = {Qualitative Inquiry},
	author = {Kral, M. J.},
	month = feb,
	year = {2014},
	pages = {144--150},
}

@article{kusumaningputri_promoting_2018,
	title = {Promoting {Indonesian} university students' critical intercultural awareness in tertiary {EAL} classrooms: {The} use of digital photograph-mediated intercultural tasks},
	volume = {72},
	url = {https://linkinghub.elsevier.com/retrieve/pii/S0346251X17300490},
	doi = {10.1016/j.system.2017.10.003},
	urldate = {2022-08-10},
	journal = {System},
	author = {Kusumaningputri, R. and Widodo, H. Pu.},
	month = feb,
	year = {2018},
	pages = {49--61},
}

@article{kwary_hybrid_2011,
	title = {A hybrid method for determining technical vocabulary},
	volume = {39},
	url = {https://linkinghub.elsevier.com/retrieve/pii/S0346251X11000431},
	doi = {10.1016/j.system.2011.04.003},
	number = {2},
	urldate = {2022-08-10},
	journal = {System},
	author = {Kwary, D. A.},
	month = jun,
	year = {2011},
	pages = {175--185},
}

@article{kwary_corpus_2019,
	title = {A corpus platform of {Indonesian} academic language},
	volume = {9},
	url = {https://linkinghub.elsevier.com/retrieve/pii/S2352711018302413},
	doi = {10.1016/j.softx.2019.01.011},
	urldate = {2022-08-10},
	journal = {SoftwareX},
	author = {Kwary, D. A.},
	month = jan,
	year = {2019},
	pages = {102--106},
}

@book{lantolf_sociocultural_2014,
	address = {Abingdon},
	title = {Sociocultural theory and the pedagogical imperative in {L2} education. {Vygotskian} {Praxis} and the {Research}/{Practice} {Divide}},
	publisher = {Routledge},
	author = {Lantolf, J. P. and Poehner, M. E.},
	year = {2014},
}

@article{lesser_english_2009,
	title = {English language learners in introductory statistics: {Lessons} learned from an exploratory case study of twopre-service teachers},
	volume = {8},
	url = {https://iase-web.org/ojs/SERJ/article/view/393},
	doi = {10.52041/serj.v8i2.393},
	number = {2},
	urldate = {2022-08-10},
	journal = {Statistics Education Research Journal},
	author = {Lesser, L. M. and Winsor, M. S.},
	month = nov,
	year = {2009},
	pages = {5--32},
}

@article{morgan_language_2014,
	title = {Language and communication in mathematics education: an overview of research in the field},
	volume = {46},
	url = {http://link.springer.com/10.1007/s11858-014-0624-9},
	doi = {10.1007/s11858-014-0624-9},
	number = {6},
	urldate = {2022-08-10},
	journal = {ZDM},
	author = {Morgan, C. and Craig, T. and Schuette, M. and Wagner, D.},
	month = nov,
	year = {2014},
	pages = {843--853},
}

@article{moschkovich_using_2006,
	title = {Using {Two} {Languages} {When} {Learning} {Mathematics}},
	volume = {64},
	url = {http://link.springer.com/10.1007/s10649-005-9005-1},
	doi = {10.1007/s10649-005-9005-1},
	number = {2},
	urldate = {2022-08-10},
	journal = {Educational Studies in Mathematics},
	author = {Moschkovich, J.},
	month = dec,
	year = {2007},
	pages = {121--144},
}

@incollection{murie_when_2001,
	title = {When {ESL} is developmental: {A} model program for the freshman year},
	booktitle = {A developmental odyssey},
	publisher = {National Association of Developmental Education},
	author = {Murie, R. and Thomson, R.},
	editor = {Higbee, J. L.},
	year = {2001},
	pages = {15--28},
}

@article{nacarato_role_2014,
	title = {The role of language in building probabilistic thinking},
	volume = {13},
	url = {https://iase-web.org/ojs/SERJ/article/view/283},
	doi = {10.52041/serj.v13i2.283},
	number = {2},
	urldate = {2022-08-10},
	journal = {Statistics Education Research Journal},
	author = {Nacarato, A. M. and Grando, R. C.},
	month = nov,
	year = {2014},
	pages = {93--103},
}

@incollection{negueruelaazarola_internalization_2013,
	title = {Internalization in second language acquisition: social perspectives},
	booktitle = {The encyclopedia of applied linguistics},
	publisher = {Willey-Blackwell},
	author = {Negueruela‐Azarola, E.},
	editor = {Chapelle, C. A.},
	year = {2013},
	pages = {1--6},
}

@article{reeves_secondary_2006,
	title = {Secondary {Teacher} {Attitudes} {Toward} {Including} {English}-{Language} {Learners} in {Mainstream} {Classrooms}},
	volume = {99},
	url = {http://www.tandfonline.com/doi/abs/10.3200/JOER.99.3.131-143},
	doi = {10.3200/JOER.99.3.131-143},
	number = {3},
	urldate = {2022-08-10},
	journal = {The Journal of Educational Research},
	author = {Reeves, J. R.},
	month = jan,
	year = {2006},
	pages = {131--143},
}

@article{rubenstein_understanding_2002,
	title = {Understanding and {Supporting} {Children}'s {Mathematical} {Vocabulary} {Development}},
	volume = {9},
	url = {https://pubs.nctm.org/view/journals/tcm/9/2/article-p107.xml},
	doi = {10.5951/TCM.9.2.0107},
	number = {2},
	urldate = {2022-08-10},
	journal = {Teaching Children Mathematics},
	author = {Rubenstein, R. N. and Thompson, D. R.},
	month = oct,
	year = {2002},
	pages = {107--112},
}

@article{short_developing_2012,
	title = {Developing {Academic} {Language} in {English} {Language} {Learners} {Through} {Sheltered} {Instruction}},
	volume = {46},
	url = {https://onlinelibrary.wiley.com/doi/10.1002/tesq.20},
	doi = {10.1002/tesq.20},
	number = {2},
	urldate = {2022-08-10},
	journal = {TESOL Quarterly},
	author = {Short, D. J. and Fidelman, C. G. and Louguit, M.},
	month = jun,
	year = {2012},
	pages = {334--361},
}

@article{song_content-based_2006,
	title = {Content-based {ESL} instruction: {Long}-term effects and outcomes},
	volume = {25},
	url = {https://linkinghub.elsevier.com/retrieve/pii/S0889490605000712},
	doi = {10.1016/j.esp.2005.09.002},
	number = {4},
	urldate = {2022-08-10},
	journal = {English for Specific Purposes},
	author = {Song, B.},
	month = jan,
	year = {2006},
	pages = {420--437},
}

@book{tomasello_natural_2014,
	address = {Cambridge, MA},
	title = {A {Natural} {History} of {Human} {Thinking} — },
	url = {https://www.hup.harvard.edu/catalog.php?isbn=9780674724778},
	abstract = {Language or culture, tool-making or religion: ever since Darwin, thinkers have struggled to identify what differentiates human beings from other animals. Michael Tomasello weaves his twenty years of comparative studies of humans and great apes into a compelling argument that cooperative social interaction is the key to our cognitive uniqueness.},
	language = {en},
	urldate = {2022-08-10},
	publisher = {Harvard University Press},
	author = {Tomasello, M.},
	year = {2014},
}

@book{vygotskii_mind_1978,
	address = {Cambridge, Mass.},
	title = {Mind in society: {The} development of higher mental processes},
	publisher = {Harvard University Press},
	author = {Vygotskii, L. S.},
	year = {1978},
}

@book{watson_statistical_2006,
	title = {Statistical literacy at school: growth and goals},
	publisher = {Lawrence Erlbaum},
	author = {Watson, J. M.},
	year = {2006},
}

@article{windarto_mathematical_2021,
	title = {On mathematical model approach to competition dynamic of shipping companies in {Surabaya}},
	volume = {2329},
	url = {https://aip.scitation.org/doi/abs/10.1063/5.0042176},
	doi = {10.1063/5.0042176},
	number = {1},
	urldate = {2022-08-10},
	journal = {AIP Conference Proceedings},
	author = {{Windarto} and {Fatmawati} and Nuzulia, N. N.},
	month = feb,
	year = {2021},
	pages = {040009},
}

@article{winsor_bridging_2007,
	title = {Bridging the {Language} {Barrier} in {Mathematics}},
	volume = {101},
	url = {https://pubs.nctm.org/view/journals/mt/101/5/article-p372.xml},
	doi = {10.5951/MT.101.5.0372},
	number = {5},
	urldate = {2022-08-10},
	journal = {The Mathematics Teacher},
	author = {Winsor, M. S.},
	month = dec,
	year = {2007},
	pages = {372--378},
}

@article{widodo_methodological_2014,
	title = {Methodological consideration in interview data transcription},
	volume = {3},
	number = {2},
	journal = {International Journal of Innovation in ELT and Research},
	author = {Widodo, H. P},
	year = {2014},
	pages = {101--107},
}

@article{yanto_implementing_2020,
	title = {Implementing a {Literary} {Text} {Extensive} {Reading} {Program} through {Learning} {Logs}},
	url = {https://nsuworks.nova.edu/tqr/vol25/iss5/15/},
	doi = {10.46743/2160-3715/2020.4111},
	urldate = {2022-08-10},
	journal = {The Qualitative Report},
	author = {Yanto, E. and Saefullah, Hi. and Kwary, D.},
	month = may,
	year = {2020},
}