@book{hernandez_neuroimagen_2022,
	edition = {en prensa},
	title = {Neuroimagen en {Neuropedagogía}},
	author = {Hernández, A. and De Barros, C.},
	year = {2022},
}

@incollection{arnaiz_reto_1996,
	address = {Murcia},
	title = {El reto de educa en una sociedad multicultural y desigual},
	booktitle = {Los desafíos de la {Educación} {Especial} en el umbral del {XXI}},
	publisher = {Servicio de Publicación de la Universidad de Murcia},
	author = {Arnaiz, P.},
	editor = {Palomino, A. and {et al.}},
	year = {1996},
}

@book{booth_index_2000,
	address = {Bristol},
	title = {Index for {Inclusion}: {Developing} {Learning} and {Participation} in {Schools}},
	publisher = {Centre for Studies on Inclusive Education},
	author = {Booth, T. and Ainscow, M.},
	year = {2000},
}

@book{cardinali_neurociencia_2007,
	address = {Buenos Aires},
	title = {Neurociencia aplicada: sus fundamentos},
	publisher = {Editorial Médica Panamericana},
	author = {Cardinali, D. P.},
	year = {2007},
}

@article{de_la_orden_hoz_tecnologieducativa_1986,
	title = {Tecnología educativa e investigación},
	url = {https://dialnet.unirioja.es/servlet/articulo?codigo=54154},
	number = {263},
	urldate = {2022-09-14},
	journal = {Bordón: Revista de pedagogía},
	author = {De la Orden Hoz, A.},
	year = {1986},
	pages = {381--390},
}

@book{honore_para_1980,
	address = {Madrid},
	title = {Para una teoría de la formación: dinámica de la formatividad},
	publisher = {Narcea},
	author = {Honoré, B. and Palacios, M. T.},
	year = {1980},
}

@misc{jimenez_metodologiinvestigacion_2008,
	title = {Metodología de la {Investigación} {Tecnológica}},
	url = {https://www.gestiopolis.com/concepto-tecnologia/},
	urldate = {2022-09-14},
	year = {2008},
	author = {Jiménez, C. C. E.},
}

@article{kaiser_index_1974,
	title = {An index of factorial simplicity},
	volume = {39},
	url = {https://doi.org/10.1007/BF02291575},
	doi = {10.1007/BF02291575},
	number = {1},
	urldate = {2022-09-14},
	journal = {Psychometrika},
	author = {Kaiser, H. F.},
	month = mar,
	year = {1974},
	keywords = {Public Policy, Statistical Theory, Factorial Simplicity, Factor Pattern, Pattern Matrix},
	pages = {31--36},
}

@book{neuner_pedagogi_1981,
	address = {La Habana},
	title = {Pedagogía},
	publisher = {Libros para la Educación},
	author = {Neuner, G.},
	year = {1981},
}

@article{nunez_siglo_1999,
	title = {El siglo de la ciencia},
	number = {42},
	journal = {Muy Interesante},
	author = {Nuñez, R.},
	year = {1999},
	pages = {14--17},
}

@article{oostenveld_five_2001,
	title = {The five percent electrode system for high-resolution {EEG} and {ERP} measurements},
	volume = {112},
	url = {https://www.sciencedirect.com/science/article/pii/S1388245700005277},
	doi = {10.1016/S1388-2457(00)00527-7},
	number = {4},
	urldate = {2022-09-14},
	journal = {Clinical Neurophysiology},
	author = {Oostenveld, R. and Praamstra, P.},
	month = apr,
	year = {2001},
	keywords = {Electrode placement, High resolution EEG, High resolution ERP, Nomenclature},
	pages = {713--719},
}

@book{stenhouse_investigacion_1987,
	address = {Madrid},
	title = {La investigación como base de la enseñanza},
	publisher = {Ediciones Morata},
	author = {Stenhouse, L.},
	year = {1987},
}

@book{varios_enciclopedia_1917,
	address = {Barcelona},
	title = {Enciclopedia universal ilustrada},
	publisher = {España Calpe},
	author = {{Varios}},
	year = {1917},
}

@article{zabalza_beraza_metodologidocente_2011,
	title = {Metodología docente},
	volume = {9},
	url = {https://polipapers.upv.es/index.php/REDU/article/view/6150},
	doi = {10.4995/redu.2011.6150},
	number = {3},
	urldate = {2022-09-14},
	journal = {REDU. Revista de Docencia Universitaria},
	author = {Zabalza Beraza, M. A.},
	month = dec,
	year = {2011},
	pages = {75},
}