@incollection{nugent2003line,
    title         = {Online multimedia assessment for K-4 students. Proceedings of the World Conference on Educational Multimedia},
    author        = {Nugent, Gwen},
    year          = {2003},
    booktitle     = {Hypermedia and Telecommunications},
    address       = {Hawaii, USA},
    pages         = {1051--1057},
    organization  = {Association for the Advancement of Computing in Education (AACE)},
}

@article{russell_computer-based_2003,
    title         = {Computer-based {Testing} and {Validity}: a look back into the future},
    author        = {Russell, Michael and Goldberg, Amie and O'connor, Kathleen},
    year          = {2003},
    month         = nov,
    journal       = {Assessment in Education: Principles, Policy \& Practice},
    volume        = {10},
    number        = {3},
    pages         = {279--293},
    doi           = {10.1080/0969594032000148145},
}

@phdthesis{hou2004important,
    title         = {The important technological competencies need by secondary schools teachers and their applying them},
    author        = {Hou, K},
    year          = {2004},
    school        = {Dissertation Abstract International},
}

@book{ahmed2007,
    title         = {The reality of educational technologies in primary schools and the primary school in the Bani Kenana district from the teachers' point of view},
    author        = {Ahmed, Dima Abdullah},
    year          = {2007},
    publisher     = {Jordan},
    address       = {Mafraq},
}

@article{deborahlliza2007,
    title         = {Integrating computer technology Into classroom},
    author        = {Deborah, L and Liza, D},
    year          = {2007},
    journal       = {Journal of Educational Technology},
    volume        = {51},
    pages         = {9--18},
}

@article{eshet-alkalai_does_2007,
    title         = {Does the medium affect the message? {The} influence of text representation format on critical thinking},
    author        = {Eshet-Alkalai, Yoram and Geri, Nitza},
    year          = {2007},
    journal       = {Human Systems Management},
    volume        = {26},
    number        = {4},
    pages         = {269--279},
    doi           = {10.3233/HSM-2007-26404},
}

@article{akdemir_computer-based_2008,
    title         = {Computer-based testing: {An} alternative for the assessment of {Turkish} undergraduate students},
    author        = {Akdemir, Omur and Oguz, Ayse},
    year          = {2008},
    journal       = {Computers \& Education},
    volume        = {51},
    number        = {3},
    pages         = {1198--1204},
    doi           = {10.1016/j.compedu.2007.11.007},
}

@article{crews_online_2010,
    title         = {Online {Course} {Evaluations}: {Faculty} {Perspective} and {Strategies} for {Improved} {Response} {Rates}},
    author        = {Crews, Tena B. and Curtis, Dylan F.},
    year          = {2010},
    journal       = {Assessment \& Evaluation in Higher Education},
    volume        = {36},
    number        = {7},
    pages         = {878--965},
    doi           = {10.1080/02602938.2010.493970},
}

@book{alomari2011,
    title         = {Obstacles to using the computer in teaching Arabic for the first three grades from the point of view of their teachers in the Directorate of Education},
    author        = {Al-Omari, Akram},
    year          = {2011},
    publisher     = {Yarmouk University},
    address       = {Irbid, Jordan},
}

@article{alnuaimi2011,
    title         = {Obstacles to using modern methods for teaching the Arabic language In the preparatory stage},
    author        = {Al-Nuaimi, Silwan},
    year          = {2011},
    journal       = {Journal of Educational and Psychological Research},
    volume        = {088-52},
    pages         = {200},
}

@book{alkilani2012,
    title         = {Introduction to research in educational sciences and Social},
    author        = {Al-Kilani, Abdullah, and Al-Sharifin, Nidal},
    year          = {2012},
    publisher     = {Dar Al Masirah for publishing, distribution, and printing},
    address       = {Amman},
}

@article{hodgson_effective_2012,
    title         = {Effective formative e-assessment of student learning: a study on a statistics course},
    author        = {Hodgson, Paula and Pang, Marco Y.C.},
    year          = {2012},
    journal       = {Assessment \& Evaluation in Higher Education},
    volume        = {37},
    number        = {2},
    pages         = {215--225},
    doi           = {10.1080/02602938.2010.523818},
}

@article{betlej2013examinations,
    title         = {E-examinations from student's perspective-The future of knowledge evaluation},
    author        = {Betlej, Piotr},
    year          = {2013},
    journal       = {Studia Ekonomiczne},
    publisher     = {Wydawnictwo Uniwersytetu Ekonomicznego w Katowicach},
    volume        = {153},
    pages         = {9--22},
}

@online{gewertz2013,
    title         = {Transition to online testing sparks},
    author        = {Gewertz},
    year          = {2013},
    url           = {https://www.edweek.org/ew/articles/2013/10/30/10pencil ep.h33.html},
}

@article{spivey_classroom_2014,
    title         = {Classroom {Versus} {Online} {Assessment}},
    author        = {Spivey, Michael F. and McMillan, Jeffrey J.},
    year          = {2014},
    journal       = {Journal of Education for Business},
    volume        = {89},
    number        = {8},
    pages         = {450--456},
    doi           = {10.1080/08832323.2014.937676},
}

@article{da2016attitude,
    title         = {Attitude of Ash-Shobak University College Students to E-Exam for Intermediate University Degree in Jordan.},
    author        = {Da'asin, Khaled Awad},
    year          = {2016},
    journal       = {Journal of Education and Practice},
    publisher     = {ERIC},
    volume        = {7},
    number        = {9},
    pages         = {10--17},
}

@incollection{wang2016design,
    title         = {Design of a Student's Online Examination System Based on B/S Architecture},
    author        = {Wang, Guizhen},
    year          = {2016},
    booktitle     = {2016 International Seminar on Education Innovation and Economic Management (SEIEM 2016)},
    pages         = {181--183},
    organization  = {Atlantis Press},
}

@article{abass2017development,
    title         = {Development of web-based examination system using open source programming model},
    author        = {Abass, Olalere A and Olajide, Samuel A and Samuel, Babafemi O},
    year          = {2017},
    journal       = {Turkish Online Journal of Distance Education},
    publisher     = {Anadolu University},
    volume        = {18},
    number        = {2},
    pages         = {30--42},
}

@article{nguyen_examining_2017,
    title         = {Examining the designs of computer-based assessment and its impact on student engagement, satisfaction, and pass rates},
    author        = {Nguyen, Quan and Rienties, Bart and Toetenel, Lisette and Ferguson, Rebecca and Whitelock, Denise},
    year          = {2017},
    journal       = {Computers in Human Behavior},
    volume        = {76},
    pages         = {703--714},
    doi           = {10.1016/j.chb.2017.03.028},
}

@article{cwil2019teacher,
    title         = {Teacher's Attitudes towards Electronic Examination--a Qualitative Perspective},
    author        = {{\'C}wil, Ma{\l}gorzata},
    year          = {2019},
    journal       = {International Journal of Learning and Teaching},
    volume        = {5},
    number        = {1},
    pages         = {77--82},
}

@article{eltahir_perspective_2019,
    title         = {The perspective of students and faculty members on the efficiency and usability of e-learning course at {Ajman} university: {A} case study},
    author        = {Al-Eltahir, Mohd. Elmagzoub and Al-Qatawneh, Sami and Al-Ramahi, Najah and Alsalhi, Najeh},
    year          = {2019},
    journal       = {Journal of Technology and Science Education},
    volume        = {9},
    number        = {3},
    pages         = {388--403},
    doi           = {10.3926/jotse.590},
}

@article{correl2020evaluacion,
    title         = {La evaluaci{\'o}n online en la educaci{\'o}n superior en tiempos de la COVID-19},
    author        = {Corell, Almuzara and others},
    year          = {2020},
    journal       = {Education in the knowledge society: EKS},
}

@article{giannini2020reopening,
    title         = {Reopening schools: When, where and how},
    author        = {Giannini, Stefania and Jenkins, Robert and Saavedra, Jaime},
    year          = {2020},
    journal       = {World Bank Blogs},
    url           = {https://en.unesco.org/news/reopening-schools-when-where-and-how},
}

@article{safil2020,
    title         = {The reality of using virtual e-education at the Algerian University in light of the Corona pandemic: a field study On a sample of students from the Faculty of Humanities and Social Sciences at the University of Larbi Tebessi},
    author        = {Safi, L},
    year          = {2020},
    journal       = {Journal of Studies in the Humanities and Social, Research and Development Center for Human Resources - Ramah},
    pages         = {1--42},
}

@article{daniel_education_2020,
    title         = {Education and the {COVID}-19 pandemic},
    author        = {Daniel, Sir John},
    year          = {2020},
    month         = oct,
    journal       = {PROSPECTS},
    volume        = {49},
    number        = {1-2},
    pages         = {91--96},
    doi           = {10.1007/s11125-020-09464-3},
}

@incollection{abushamleh2021students,
    title         = {Students' Satisfaction and Service Quality in Distance Education During COVID-19 Pandemic in Jordan},
    author        = {Abushamleh, Hala and Qusef, Abdallah},
    year          = {2021},
    booktitle     = {2021 Innovation and New Trends in Engineering, Science and Technology Education Conference (IETSEC)},
    pages         = {1--6},
    doi           = {10.1109/IETSEC51476.2021.9440494},
    organization  = {IEEE},
}

@article{samlak2021evaluation,
    title         = {Evaluation et enseignement {\`a} distance au temps de la Covid-19: Quelles contraintes?},
    author        = {Samlak, Noureddine},
    year          = {2021},
    journal       = {Revue Linguistique et R{\'e}f{\'e}rentiels Interculturels},
    volume        = {2},
    number        = {2},
    pages         = {204--218},
}

@article{razika2022crise,
    title         = {Crise de la covid-19 et son impact sur l'{\'e}valuation en ligne: avantages et limites. Covid-19 crisis and its impact on online assessment: advantages and limitations},
    author        = {Razika, Bentayeb},
    year          = {2022},
    journal       = {Revue EL-BAHITH en des Sciences Humaine et Sciences Sociales Vol},
    volume        = {13},
    number        = {1},
    pages         = {26},
}
