
@article{akdemir_computer-based_2008,
	title = {Computer-based testing: {An} alternative for the assessment of {Turkish} undergraduate students},
	volume = {51},
	doi = {10.1016/j.compedu.2007.11.007},
	number = {3},
	journal = {Computers \& Education},
	author = {Akdemir, Omur and Oguz, Ayse},
	year = {2008},
	pages = {1198--1204},
}

@article{eltahir_perspective_2019,
	title = {The perspective of students and faculty members on the efficiency and usability of e-learning course at {Ajman} university: {A} case study},
	volume = {9},
	doi = {10.3926/jotse.590},
	number = {3},
	journal = {Journal of Technology and Science Education},
	author = {Eltahir, Mohd. Elmagzoub and Al-Qatawneh, Sami and Al-Ramahi, Najah and Alsalhi, Najeh},
	year = {2019},
	pages = {388--403},
}

@article{eshet-alkalai_does_2007,
	title = {Does the medium affect the message? {The} influence of text representation format on critical thinking},
	volume = {26},
	doi = {10.3233/HSM-2007-26404},
	number = {4},
	journal = {Human Systems Management},
	author = {Eshet-Alkalai, Yoram and Geri, Nitza},
	year = {2007},
	pages = {269--279},
}

@article{crews_online_2010,
	title = {Online {Course} {Evaluations}: {Faculty} {Perspective} and {Strategies} for {Improved} {Response} {Rates}},
	volume = {36},
	doi = {10.1080/02602938.2010.493970},
	number = {7},
	journal = {Assessment \& Evaluation in Higher Education},
	author = {Crews, Tena B. and Curtis, Dylan F.},
	year = {2010},
	pages = {878--965},
}

@article{daniel_education_2020,
	title = {Education and the {COVID}-19 pandemic},
	volume = {49},
	doi = {10.1007/s11125-020-09464-3},
	number = {1-2},
	journal = {PROSPECTS},
	author = {Daniel, Sir John},
	month = oct,
	year = {2020},
	pages = {91--96},
}

@article{hodgson_effective_2012,
	title = {Effective formative e-assessment of student learning: a study on a statistics course},
	volume = {37},
	doi = {10.1080/02602938.2010.523818},
	number = {2},
	journal = {Assessment \& Evaluation in Higher Education},
	author = {Hodgson, Paula and Pang, Marco Y.C.},
	year = {2012},
	pages = {215--225},
}

@article{spivey_classroom_2014,
	title = {Classroom {Versus} {Online} {Assessment}},
	volume = {89},
	doi = {10.1080/08832323.2014.937676},
	number = {8},
	journal = {Journal of Education for Business},
	author = {Spivey, Michael F. and McMillan, Jeffrey J.},
	year = {2014},
	pages = {450--456},
}

@article{nguyen_examining_2017,
	title = {Examining the designs of computer-based assessment and its impact on student engagement, satisfaction, and pass rates},
	volume = {76},
	doi = {10.1016/j.chb.2017.03.028},
	journal = {Computers in Human Behavior},
	author = {Nguyen, Quan and Rienties, Bart and Toetenel, Lisette and Ferguson, Rebecca and Whitelock, Denise},
	year = {2017},
	pages = {703--714},
}

@article{russell_computer-based_2003,
	title = {Computer-based {Testing} and {Validity}: a look back into the future},
	volume = {10},
	doi = {10.1080/0969594032000148145},
	number = {3},
	journal = {Assessment in Education: Principles, Policy \& Practice},
	author = {Russell, Michael and Goldberg, Amie and O'connor, Kathleen},
	month = nov,
	year = {2003},
	pages = {279--293},
}
