@book{bardin1977,
    title         = {Análise de conteúdo},
    author        = {Bardin, Laurence},
    year          = {1977},
    publisher     = {Edições 70},
    address       = {Lisboa},
    isbn          = {9789724415062},
    note          = {Tradução de Luís Antero Reto e Augusto Pinheiro},
}

@book{camponez2002,
    title         = {Jornalismo de proximidade – Rituais de comunicação na imprensa regional},
    author        = {Camponez, C.},
    year          = {2002},
    publisher     = {MinervaCoimbra},
    address       = {Coimbra},
}

@book{diaz2003,
    title         = {Manual de redacción ciberperiodística},
    author        = {Díaz Noci, J. and Salaverría, R.},
    year          = {2003},
    publisher     = {Ariel Comunicación},
    address       = {Barcelona},
}

@book{boczkowski2004,
    title         = {Digitizing the News: Innovation in Online Newspapers},
    author        = {Boczkowski, Pablo J.},
    year          = {2004},
    publisher     = {MIT Press},
    address       = {Cambridge, MA},
    series        = {Inside Technology},
    isbn          = {9780262268844},
}

@book{lopez-garcia2008,
    title         = {Ciberperiodismo en la proximidad},
    author        = {L{\'o}pez Garcia, X.},
    year          = {2008},
    publisher     = {Editorial Comunicaci{\'o}n Social},
}

@article{deuze2009,
    title         = {Newswork},
    author        = {Deuze, M. and Marjoribanks, T.},
    year          = {2009},
    journal       = {Journalism},
    volume        = {10},
    pages         = {555--561},
}

@book{anderson2013,
    title         = {Rebuilding the News: Metropolitan Journalism in the Digital Age},
    author        = {Anderson, C. W.},
    year          = {2013},
    publisher     = {Temple University Press},
    address       = {Philadelphia, PA},
    isbn          = {9781439909331},
}

@article{canter2013,
    title         = {The misconception of online comment threads: Content and control on local newspaper websites},
    author        = {Canter, L.},
    year          = {2013},
    journal       = {Journalism Practice},
    volume        = {7},
    number        = {5},
    pages         = {604--619},
    doi           = {https://doi.org/10.1080/17512786.2012.740172},
}

@article{hess2013,
    title         = {Breaking Boundaries: Recasting the “local” newspaper as “geo-social” news in a digital landscape},
    author        = {Hess, K.},
    year          = {2013},
    journal       = {Digital Journalism},
    volume        = {1},
    number        = {1},
    pages         = {48--63},
}

@article{kvalheim2013,
    title         = {News behind the wall: An analysis of the relationship between the implementation of a paywall and news values},
    author        = {Kvalheim, N.},
    year          = {2013},
    journal       = {Nordicom Review},
    volume        = {34},
    number        = {S1},
    pages         = {25--42},
}

@article{fuchs2014social,
    title         = {Social Media and the Public Sphere},
    author        = {Fuchs, C.},
    year          = {2014},
    journal       = {tripleC: Communication, Capitalism \& Critique},
    volume        = {12},
    number        = {1},
    pages         = {57--101},
}

@incollection{blom2014,
    title         = {Connecting real and virtual neighbors: The interplay between physical space, civic journalism, and online community},
    author        = {Blom, R. and Morgan, J. S. and Zube, P. and Bowe, B. J.},
    year          = {2014},
    booktitle     = {Digital arts and entertainment: Concepts, methodologies, tools, and applications},
    publisher     = {IGI Global},
    address       = {Hershey},
    volume        = {2},
    pages         = {824--838},
    editor        = {Management Association, I.},
}

@article{costa2014,
    title         = {Um modelo de negócio para o jornalismo digital},
    author        = {Costa, C. T.},
    year          = {2014},
    journal       = {Revista de Jornalismo ESPM},
    volume        = {9},
    number        = {9},
    pages         = {51--115},
}

@article{sjovaag2014,
    title         = {Homogenisation or Differentiation?: The Effects of Consolidation in the Regional Newspaper Market},
    author        = {Sjøvaag, H.},
    year          = {2014},
    journal       = {Journalism Studies},
    volume        = {15},
    number        = {5},
    pages         = {511--521},
}

@article{vankerkhoven2014,
    title         = {The hyperlocal in practice: Innovation, creativity and diversity},
    author        = {Van Kerkhoven, M. and Bakker, P.},
    year          = {2014},
    journal       = {Digital Journalism},
    volume        = {2},
    number        = {3},
    pages         = {296--309},
}

@article{almgren2015,
    title         = {‘Let’s Get Them Involved’… to some extent: Analyzing online news participation},
    author        = {Almgren, Susanne M. and Olsson, Tobias},
    year          = {2015},
    journal       = {Social Media + Society},
    volume        = {1},
    number        = {2},
    pages         = {1--11},
    doi           = {10.1177/2056305115621934},
}

@book{castells2015,
    title         = {O poder da comunicação},
    author        = {Castells, Manuel},
    year          = {2015},
    publisher     = {Paz e Terra},
    address       = {Rio de Janeiro},
    edition       = {2},
}

@article{goyanes2015,
    title         = {The value of proximity: Examining the willingness to pay for online local news},
    author        = {Goyanes, M.},
    year          = {2015},
    journal       = {International Journal of Communication},
    volume        = {9},
    number        = {1},
    pages         = {1505--1522},
}

@article{hess2015,
    title         = {Making Connections: “Mediated” social capital and the small-town press},
    author        = {Hess, K.},
    year          = {2015},
    journal       = {Journalism Studies},
    volume        = {16},
    number        = {4},
    pages         = {482--496},
}

@book{jeronimo2015,
    title         = {Ciberjornalismo de proximidade: Reda{\c{c}}{\~o}es, jornalistas e not{\'i}cias online},
    author        = {Jer{\'o}nimo, P.},
    year          = {2015},
    publisher     = {LabCom.IFP},
}

@incollection{nielsen2015,
    title         = {Introduction: The Uncertain Future of Local Journalism},
    author        = {Nielsen, R. K.},
    year          = {2015},
    booktitle     = {Local Journalism: The Decline of Newspapers and the Rise of Digital Media},
    publisher     = {I.B. Tauris \& Co},
    pages         = {1--25},
    editor        = {Nielsen, R. K.},
}

@article{sjovaag2015,
    title         = {The Emergence of Metropolitan News: Shifting Concepts of Localism in Norwegian Regional Newspapers},
    author        = {Sjøvaag, H.},
    year          = {2015},
    journal       = {Nordicom Review},
    volume        = {36},
    number        = {2},
    pages         = {17--32},
}

@article{williams2015,
    title         = {The value of UK hyperlocal community news: Findings from a content analysis, an online survey and interviews with producers},
    author        = {Williams, A. and Harte, D. and Turner, J.},
    year          = {2015},
    journal       = {Digital Journalism},
    volume        = {3},
    number        = {5},
    pages         = {680--703},
}

@article{young2015,
    title         = {From Mr. and Mrs. Outlier to central tendencies: Computational journalism and crime reporting at the Los Angeles Times},
    author        = {Young, M. L. and Hermida, A.},
    year          = {2015},
    journal       = {Digital Journalism},
    volume        = {3},
    number        = {3},
    pages         = {381--397},
}

@article{almgren2016,
    title         = {Commenting, sharing and tweeting news: Measuring online news participation},
    author        = {Almgren, Susanne M. and Olsson, Tobias},
    year          = {2016},
    journal       = {Nordicom Review},
    volume        = {37},
    number        = {2},
    pages         = {67--81},
    doi           = {10.1515/nor-2016-0018},
}

@article{carlsson2016,
    title         = {Technologies of participation: Community news and social media in Northern Sweden},
    author        = {Carlsson, E. and Nilsson, B.},
    year          = {2016},
    journal       = {Journalism},
    volume        = {17},
    number        = {8},
    pages         = {1113--1128},
    doi           = {https://doi.org/10.1177/1464884915599948},
}

@article{carson2016,
    title         = {A new symbiosis? Opportunities and challenges to hyperlocal news coverage in the digital age},
    author        = {Carson, A. and Muller, D. and Martin, J. and Simons, M.},
    year          = {2016},
    journal       = {Media International Australia},
    volume        = {161},
    number        = {1},
    pages         = {132--146},
    doi           = {https://doi.org/10.1177/1329878X16648390},
}

@article{harcap2016,
    title         = {Alternative Journalism as Monitorial Citizenship?: A case study of a local news blog},
    author        = {Harcap, T.},
    year          = {2016},
    journal       = {Digital Journalism},
    volume        = {4},
    number        = {5},
    pages         = {639--657},
}

@article{hess2016,
    title         = {River Flows and Profit Flows: The powerful logic driving local news},
    author        = {Hess, K. and Waller, L.},
    year          = {2016},
    journal       = {Journalism Studies},
    volume        = {17},
    number        = {3},
    pages         = {263--276},
}

@article{hess2016civic,
    title         = {Power to the virtuous?: Civic culture in the changing digital terrain},
    author        = {Hess, K.},
    year          = {2016},
    journal       = {Journalism Studies},
    volume        = {17},
    number        = {7},
    pages         = {925--934},
}

@incollection{ryfe2016,
    title         = {Newspapers and Reporting: Keystones of the Journalistic Field},
    author        = {Ryfe, D.},
    year          = {2016},
    booktitle     = {The Routledge Companion to Digital Journalism Studies},
    publisher     = {Routledge},
    pages         = {1--25},
    editor        = {Eldridge II, S. A. and Franklin, B.},
    edition       = {1},
}

@article{sjovaag2016,
    title         = {Introducing the Paywall: A Case Study of Content Changes in Three Online Newspapers},
    author        = {Sjøvaag, H.},
    year          = {2016},
    journal       = {Journalism Practice},
    volume        = {10},
    number        = {3},
    pages         = {304--322},
}

@article{slavtchevapetkova2016,
    title         = {“We Are Not Fools”: Online News Commentators’ Perceptions of Real and Ideal Journalism},
    author        = {Slavtcheva-Petkova, V.},
    year          = {2016},
    journal       = {The International Journal of Press/Politics},
    volume        = {21},
    number        = {1},
    pages         = {68--87},
}

@article{almgren2017,
    title         = {Undoing churnalism?: Users sharing local news on Facebook},
    author        = {Almgren, Susanne M.},
    year          = {2017},
    journal       = {Digital Journalism},
    volume        = {5},
    number        = {8},
    pages         = {1060--1079},
    doi           = {10.1080/21670811.2017.1343089},
}

@article{harte2017,
    title         = {Reciprocity and The Hyperlocal Journalist},
    author        = {Harte, D. and Williams, A. and Turner, J.},
    year          = {2017},
    journal       = {Journalism Practice},
    volume        = {11},
    number        = {2--3},
    pages         = {160--176},
}

@article{mccollough2017,
    title         = {Portrait of the online local news audience},
    author        = {McCollough, K. and Crowell, J. K. and Napoli, P. M.},
    year          = {2017},
    journal       = {Digital Journalism},
    volume        = {5},
    number        = {1},
    pages         = {100--118},
}

@article{blanchettneheli2018,
    title         = {News by numbers: The evolution of analytics in journalism},
    author        = {Blanchett Neheli, N.},
    year          = {2018},
    journal       = {Digital Journalism},
    volume        = {6},
    number        = {8},
    pages         = {1041--1051},
    doi           = {https://doi.org/10.1080/21670811.2018.1504626},
}

@article{habel2018,
    title         = {News and information leadership in the digital age},
    author        = {Habel, P. and Moon, R. and Fang, A.},
    year          = {2018},
    journal       = {Information, Communication \& Society},
    volume        = {21},
    number        = {11},
    pages         = {1604--1619},
}

@book{harte2018,
    title         = {Hyperlocal Journalism: The decline of local newspapers and the rise of online community news},
    author        = {Harte, D. and Howells, R. and Williams, A.},
    year          = {2018},
    publisher     = {Routledge},
    edition       = {10},
}

@book{hindman2018,
    title         = {The Internet Trap: How the Digital Economy Builds Monopolies and Undermines Democracy},
    author        = {Hindman, M.},
    year          = {2018},
    publisher     = {Princeton University Press},
}

@article{nygren2018,
    title         = {Hyperlocals and Legacy Media: Media Ecologies in Transition},
    author        = {Nygren, G. and Leckner, S. and Tenor, C.},
    year          = {2018},
    journal       = {Nordicom Review},
    volume        = {39},
    number        = {1},
    pages         = {33--49},
}

@article{olsen2018,
    title         = {Reinventing the Business Model for Local Newspapers by Building Walls},
    author        = {Olsen, R. K. and Solvoll, M. K.},
    year          = {2018},
    journal       = {Journal of Media Business Studies},
    volume        = {15},
    number        = {1},
    pages         = {24--41},
}

@article{powers2018,
    title         = {Selecting Metrics, Reflecting Norms: How Journalists in Local Newsrooms Define, Measure, and Discuss Impact},
    author        = {Powers, E.},
    year          = {2018},
    journal       = {Digital Journalism},
    volume        = {6},
    number        = {4},
    pages         = {454--471},
}

@article{tenor2018,
    title         = {Hyperlocal News and Media Accountability},
    author        = {Tenor, C.},
    year          = {2018},
    journal       = {Digital Journalism},
    volume        = {6},
    number        = {8},
    pages         = {1064--1077},
}

@article{usher2018,
    title         = {Breaking news production processes in US metropolitan newspapers: Immediacy and journalistic authority},
    author        = {Usher, N.},
    year          = {2018},
    journal       = {Journalism},
    volume        = {19},
    number        = {1},
    pages         = {21--36},
}

@article{correia2019fake,
    title         = {Fake news: emotion, belief and reason in selective sharing in contexts of proximity},
    author        = {Correia, J. C. and Jerónimo, P. and Gradim, A.},
    year          = {2019},
    journal       = {Brazilian Journalism Research},
    volume        = {15},
    number        = {3},
    pages         = {590--613},
    doi           = {10.25200/BJR.v15n3.2019.1219},
    url           = {https://doi.org/10.25200/BJR.v15n3.2019.1219},
}

@article{ali2019,
    title         = {The digital life of small market newspapers: Results from a multi‐method study},
    author        = {Ali, Christopher and Schmidt, Thomas R. and Radcliffe, Damian and Donald, Rosalind},
    year          = {2019},
    journal       = {Digital Journalism},
    volume        = {7},
    number        = {7},
    pages         = {886--909},
    doi           = {10.1080/21670811.2018.1513810},
}

@article{chadha2019,
    title         = {Bottom lines and deadlines: Examining local digital news startups’ content across different revenue-earning sites},
    author        = {Chadha, M. and Harlow, S.},
    year          = {2019},
    journal       = {Journalism Practice},
    volume        = {13},
    number        = {6},
    pages         = {723--741},
}

@article{eldridge2019,
    title         = {Navigating the scholarly terrain: Introducing the Digital Journalism Studies Compass},
    author        = {Eldridge, S. A. and others},
    year          = {2019},
    journal       = {Digital Journalism},
    volume        = {7},
    number        = {3},
    pages         = {386--403},
}

@article{guyas2019,
    title         = {Experiencing Local News Online: Audience Practices and Perceptions},
    author        = {Guyas, A. and O’Hara, S. and Eilenberg, J.},
    year          = {2019},
    journal       = {Journalism Studies},
    volume        = {20},
    number        = {13},
    pages         = {1846--1863},
}

@article{halvorsen2019,
    title         = {All Seats Taken? Hyperlocal Online Media in Strong Print Newspaper Surroundings: The case of Norway},
    author        = {Halvorsen, L. J. and Bjerke, P.},
    year          = {2019},
    journal       = {Nordicom Review},
    volume        = {40},
    number        = {s2},
    pages         = {115--128},
}

@article{hujanen2019,
    title         = {Emerging Forms of Hyperlocal Media: The case of Finland},
    author        = {Hujanen, J. and Lehtisaari, K. and Lindén, C.-G. and Grönlund, M.},
    year          = {2019},
    journal       = {Nordicom Review},
    volume        = {40},
    number        = {s2},
    pages         = {101--114},
}

@article{jangdal2019,
    title         = {Local democracy and the media: Can hyperlocals fill the gap?},
    author        = {Jangdal, L.},
    year          = {2019},
    journal       = {Nordicom Review},
    volume        = {40},
    number        = {s2},
    pages         = {69--83},
}

@article{nygren2019,
    title         = {Local Media Ecologies: Social Media Taking the Lead},
    author        = {Nygren, G.},
    year          = {2019},
    journal       = {Nordicom Review},
    volume        = {40},
    number        = {s2},
    pages         = {51--67},
}

@article{perreault2019,
    title         = {Mobile Journalism as Lifestyle Journalism?: Field Theory in the Integration of Mobile in the Newsroom and Mobile Journalist Role Conception},
    author        = {Perreault, G. and Stanfield, K.},
    year          = {2019},
    journal       = {Journalism Practice},
    volume        = {13},
    number        = {3},
    pages         = {331--348},
}

@article{salaverria2019,
    title         = {Periodismo digital: 25 años de investigación. Artículo de revisión},
    author        = {Salaverría, R.},
    year          = {2019},
    journal       = {El Profesional De La Información},
    volume        = {28},
    number        = {1},
}

@article{steensen2019,
    title         = {What Does Digital Journalism Studies Look Like?},
    author        = {Steensen, S. and Grøndalh Larsen, A. M. and Hågvar, Y. B. and Fonn, B. K.},
    year          = {2019},
    journal       = {Digital Journalism},
    volume        = {7},
    number        = {3},
    pages         = {320--342},
}

@article{tenor2019,
    title         = {Logic of an effectuating hyperlocal: Entrepreneurial processes and passions of online news start-ups},
    author        = {Tenor, C.},
    year          = {2019},
    journal       = {Nordicom Review},
    volume        = {40},
    number        = {s2},
    pages         = {129--145},
}

@article{poell2020plataformizacao,
    title         = {Plataformização},
    author        = {Poell, T. and Nieborg, D. and van Dijck, J.},
    year          = {2020},
    journal       = {Fronteiras - Estudos Midiáticos},
    volume        = {22},
    number        = {1},
    pages         = {2--10},
    doi           = {10.4013/fem.2020.221.01},
    url           = {https://doi.org/10.4013/fem.2020.221.01},
}

@article{chyi2020,
    title         = {Still unwilling to pay: An empirical analysis of 50 U.S. newspapers’ digital subscription results},
    author        = {Chyi, H. I. and Ng, Y. M. M.},
    year          = {2020},
    journal       = {Digital Journalism},
    volume        = {8},
    number        = {4},
    pages         = {526--547},
}

@article{hamzah2020,
    title         = {Uncovering The Factors Influencing the Technological Adaptation of Twitter Usage Among Journalists in the Transforming Journalism Practice},
    author        = {Hamzah, M. and Esa, I. L.},
    year          = {2020},
    journal       = {Jurnal Komunikasi: Malaysian Journal of Communication},
    volume        = {36},
    number        = {4},
    pages         = {1--15},
}

@inproceedings{hradziushka2020,
    title         = {Local Media and Digital Environment in the Republic of Belarus: Strategies to Survive},
    author        = {Hradziushka, A. A. and Bykov, I. A. and Bakhvalova, A. A.},
    year          = {2020},
    booktitle     = {2020 IEEE Communication Strategies in Digital Society Seminar (ComSDS)},
    pages         = {87--90},
}

@article{jenkins2020a,
    title         = {Preservation and evolution: Local newspapers as ambidextrous organizations},
    author        = {Jenkins, J. and Nielsen, R. K.},
    year          = {2020},
    journal       = {Journalism},
    volume        = {21},
    number        = {4},
    pages         = {472--488},
}

@article{jenkins2020b,
    title         = {Proximity, public service, and popularity: A comparative study of how local journalists view quality news},
    author        = {Jenkins, J. and Nielsen, R. K.},
    year          = {2020},
    journal       = {Journalism Studies},
    volume        = {21},
    number        = {2},
    pages         = {236--253},
}

@article{kwanda2020,
    title         = {Fake news practices in Indonesian newsrooms during and after the Palu earthquake: A hierarchy-of-influences approach},
    author        = {Kwanda, F. A. and Lin, T. T. C.},
    year          = {2020},
    journal       = {Information, Communication \& Society},
    volume        = {23},
    number        = {6},
    pages         = {849--866},
}

@book{morais2020,
    title         = {Jornalismo na Região Centro: Trabalho, tecnologia e negócio},
    author        = {Morais, R. and Jerónimo, P. and Correia, J. C.},
    year          = {2020},
    publisher     = {LabCom},
}

@article{olsen-etal2020,
    title         = {Paywalls’ Impact on Local News Websites’ Traffic and Their Civic and Business Implications},
    author        = {Olsen, R. K. and Kammer, A. and Solvoll, M. K.},
    year          = {2020},
    journal       = {Journalism Studies},
    volume        = {21},
    number        = {2},
    pages         = {197--216},
}

@article{olsen2020,
    title         = {Connecting People? Understanding Media’s Role as Democratic Resources for People in Digitally Advanced Local Environments},
    author        = {Olsen, R. K.},
    year          = {2020},
    journal       = {Digital Journalism},
    volume        = {8},
    number        = {4},
    pages         = {506--525},
}

@article{rivasderoca2020,
    title         = {La construcción del periodismo “localizado” en medios digitales europeos. Estudio de casos},
    author        = {Rivas-de-Roca, R. and García-Gordillo, M. and Caro-González, F. J.},
    year          = {2020},
    journal       = {Revista Latina},
    volume        = {75},
    pages         = {1--26},
}

@article{solvoll2020,
    title         = {The (Non)Use of Likes, Comments and Shares of News in Local Online Newspapers},
    author        = {Solvoll, M. K. and Larsson, A. O.},
    year          = {2020},
    journal       = {Newspaper Research Journal},
    volume        = {41},
    number        = {2},
    pages         = {204--217},
}

@article{zhang2020,
    title         = {From social media with news: Journalists’ social media use for sourcing and verification},
    author        = {Zhang, X. and Li, W.},
    year          = {2020},
    journal       = {Journalism Practice},
    volume        = {14},
    number        = {10},
    pages         = {1193--1210},
}

@article{blanchett2021,
    title         = {Participative gatekeeping: The intersection of news, audience data, newsworkers, and economics},
    author        = {Blanchett, N.},
    year          = {2021},
    journal       = {Digital Journalism},
    volume        = {9},
    number        = {6},
    pages         = {773--791},
    doi           = {https://doi.org/10.1080/21670811.2020.1869053},
}

@incollection{cook2021,
    title         = {Who’s cashing in? Reappraising the economic value of independent community news},
    author        = {Cook, C. and Milburn-Curtis, C.},
    year          = {2021},
    booktitle     = {Reappraising local and community news in the UK},
    publisher     = {Routledge},
    address       = {Londres},
    pages         = {68--80},
    editor        = {Harte, D. and Matthews, R.},
}

@article{dovbysh2021,
    title         = {Do digital technologies matter? How hyperlocal media is re-configuring the media landscape of a Russian province},
    author        = {Dovbysh, O.},
    year          = {2021},
    journal       = {Journalism},
    volume        = {22},
    number        = {12},
    pages         = {2955--2970},
}

@incollection{firmstone2021,
    title         = {Local political journalism: Systematic pressures on the normative functions of local news},
    author        = {Firmstone, J. and Whittington, R.},
    year          = {2021},
    booktitle     = {The Routledge companion to political journalism},
    publisher     = {Routledge},
    address       = {Londres},
    pages         = {84--93},
    editor        = {Morrison, J. and Birks, J. and Berry, M.},
}

@article{harlow2021,
    title         = {Looking for community in community news: An examination of public-spirited content in online local news sites},
    author        = {Harlow, S. and Chadha, M.},
    year          = {2021},
    journal       = {Journalism},
    volume        = {22},
    number        = {3},
    pages         = {596--615},
}

@article{higginsdobney2021,
    title         = {Not on air, but Online: The Labor Conditions of the Digital Journalist in U.S. Local Television Newsrooms},
    author        = {Higgins-Dobney, C. L.},
    year          = {2021},
    journal       = {Electronic News},
    volume        = {15},
    number        = {3--4},
    pages         = {95--108},
}

@article{hujanen2021,
    title         = {Towards (Hyper)Local Public Sphere: Comparison of Civic Engagement across the Global North},
    author        = {Hujanen, J. and Dovbysh, O. and Jangdal, L. and Lehtisaari, K.},
    year          = {2021},
    journal       = {Media and Communication},
    volume        = {9},
    number        = {3},
    pages         = {74--84},
}

@article{jenkins2021,
    title         = {Changing the beat? Local online newsmaking in Finland, France, Germany, Portugal, and the U.K.},
    author        = {Jenkins, J. and Jer{\'o}nimo, P.},
    year          = {2021},
    journal       = {Journalism Practice},
    volume        = {15},
    number        = {9},
    pages         = {1222--1239},
}

@article{kim2021,
    title         = {In search for an audience-supported business model for local newspapers: Findings from clickstream and subscriber data},
    author        = {Kim, S. J. and others},
    year          = {2021},
    journal       = {Digital Journalism},
    volume        = {12},
    number        = {9},
    pages         = {1283--1303},
}

@article{negreira-rey2021,
    title         = {A decade of research on hyperlocal media: An international approach to a new media model},
    author        = {Negreira-Rey, M. C. and López-García, X.},
    year          = {2021},
    journal       = {Online Journal of Communication and Media Technologies},
    volume        = {11},
    number        = {3},
    pages         = {e202111},
}

@article{puijk2021,
    title         = {Local Newspapers’ Transition to Online Publishing and Video Use: Experiences from Norway},
    author        = {Puijk, R. and Hestnes, E. B. and Holm, S. and Jakobsen, A. and Myrdal, M.},
    year          = {2021},
    journal       = {Journalism Studies},
    volume        = {22},
    number        = {9},
    pages         = {1123--1141},
}

@article{ribeiro2021,
    title         = {Boundaries of Distance. Local Media Relevance for Citizens: Measuring Consumption, Digital Extensions and Information Levels},
    author        = {Ribeiro, F. and Bonixe, L.},
    year          = {2021},
    journal       = {Online Journal of Communication and Media Technologies},
    volume        = {11},
    number        = {3},
    pages         = {e202115},
}

@article{ross2021,
    title         = {Audience Perspectives on Paying for Local News: A Regional Qualitative Case Study},
    author        = {Ross, A. and Lester, L. and Konkes, C.},
    year          = {2021},
    journal       = {Journalism Studies},
    volume        = {22},
    number        = {8},
    pages         = {1066--1082},
}

@article{sjovaag2021,
    title         = {Strategic and Organisational Fit in Corporate News Markets: A Principal-Agent Approach to Studying Newspaper Mergers},
    author        = {Sjøvaag, H. and Owren, T. and Borgen, T.},
    year          = {2021},
    journal       = {Journalism Practice},
    volume        = {15},
    number        = {8},
    pages         = {1181--1198},
}

@article{thompson2021,
    title         = {Watching together: Local media and rural civic engagement},
    author        = {Thompson, J.},
    year          = {2021},
    journal       = {Rural Sociology},
    volume        = {86},
    number        = {4},
    pages         = {938--967},
}

@article{toff2021,
    title         = {Is social media killing local news? An examination of engagement and ownership patterns in U.S. community news on Facebook},
    author        = {Toff, B. and Mathews, N.},
    year          = {2021},
    journal       = {Digital Journalism},
    volume        = {12},
    number        = {9},
    pages         = {1397--1416},
}

@article{varamiguel2021,
    title         = {Funding sustainable online news: Sources of revenue in digital-native and traditional media in Spain},
    author        = {Vara-Miguel, A. and Sánchez-Blanco, C. and Sádaba, C. S. and Negredo, S.},
    year          = {2021},
    journal       = {Sustainability},
    volume        = {13},
    number        = {20},
    pages         = {11328},
}

@article{wilczek2021,
    title         = {Un-locking strategic lock-ins of local media: An investigation of local media’s preferences towards public support for strategic innovation},
    author        = {Wilczek, B. and Stanoevska-Slabeva, K. and Kernbach, K. and Meckel, M.},
    year          = {2021},
    journal       = {Digital Journalism},
    volume        = {9},
    number        = {3},
    pages         = {276--299},
}

@article{barnes2022,
    title         = {"This is ridiculous – I need to start a paper…": An exploration of aims and intentions of regional print proprietors of post-COVID start-up newspapers},
    author        = {Barnes, R. and Dugmore, H. and English, P. and Natoli, R. and Stephens, E. J.},
    year          = {2022},
    journal       = {Media International Australia},
    volume        = {184},
    number        = {1},
    pages         = {21--34},
    doi           = {10.1177/1329878x221088047},
}

@article{esa2022,
    title         = {Journalists’ challenges in adapting to ambient journalism that uses Twitter in news reporting},
    author        = {Esa, I. L. and Hamzah, M. and Zainodin, W. H. W.},
    year          = {2022},
    journal       = {SEARCH Journal of Media and Communication Research: Special Issue},
    pages         = {99--111},
}

@article{finneman2022,
    title         = {Reimagining journalistic roles: How student journalists are taking on the U.S. news desert crisis},
    author        = {Finneman, T. and Heckman, M. and Walck, P. E.},
    year          = {2022},
    journal       = {Journalism Studies},
    volume        = {23},
    number        = {3},
    pages         = {338--355},
}

@article{fisher2022,
    title         = {Australian regional journalists’ role perceptions at a time of upheaval},
    author        = {Fisher, C. and Nolan, D. and McGuinness, K. and Park, S.},
    year          = {2022},
    journal       = {Media International Australia},
    volume        = {184},
    number        = {1},
    pages         = {92--105},
}

@article{hagen2022,
    title         = {“Magic through many minor measures”: How introducing a flowline production mode in six steps enables journalist team autonomy in local news organizations},
    author        = {Hagen, A. L. and Tolstad, I. M. and Bygdås, A. L.},
    year          = {2022},
    journal       = {Ai \& Society},
    volume        = {37},
    number        = {2},
    pages         = {745--759},
}

@article{hamm2022,
    title         = {New Objects, New Boundaries: How the “Journalism of Things” Reconfigures Collaborative Arrangements, Audience Relations and Knowledge-Based Empowerment},
    author        = {Hamm, A.},
    year          = {2022},
    journal       = {Digital Journalism},
    volume        = {12},
    number        = {8},
    pages         = {1077--1096},
}

@inproceedings{hradziushka2022,
    title         = {Local Digital Media in the Struggle for the Attention of the Audience in a Changing Media Landscape of Belarus},
    author        = {Hradziushka, A. A. and Machalava, A. V.},
    year          = {2022},
    booktitle     = {2022 Communication Strategies in Digital Society Seminar (ComSDS)},
    pages         = {108--112},
}

@article{jeronimo2022,
    title         = {Are we close enough? Digital challenges to local journalists},
    author        = {Jer{\'o}nimo, P. and Correia, J. C. and Gradim, A.},
    year          = {2022},
    journal       = {Journalism Practice},
    volume        = {16},
    number        = {5},
    pages         = {813--827},
}

@article{karell2022,
    title         = {Small town propaganda: The content and emotions of politicized digital local news in the United States},
    author        = {Karell, D. and Agrawal, A.},
    year          = {2022},
    journal       = {Poetics},
    volume        = {92},
    pages         = {101641},
}

@article{min2022,
    title         = {Voting in local and national elections: The role of local and national news consumption and news media preference},
    author        = {Min, B. and others},
    year          = {2022},
    journal       = {Atlantic Journal of Communication},
    volume        = {30},
    number        = {2},
    pages         = {159--171},
}

@article{negreira-rey2022,
    title         = {From the capital to the neighborhood: The hyperlocal media model in the Spanish context},
    author        = {Negreira-Rey, M.-C.},
    year          = {2022},
    journal       = {Journalism Practice},
    volume        = {18},
    number        = {10},
    pages         = {2547--2567},
}

@incollection{negreira-rey_amigo2022,
    title         = {Transformation of Local Journalism: Media Landscapes and Proximity to the Public in Spain, France and Portugal},
    author        = {Negreira-Rey, M.-C. and Amigo, L. and Jerônimo, P.},
    year          = {2022},
    booktitle     = {Total Journalism: Models, Techniques and Challenges},
    publisher     = {Springer Nature},
    pages         = {1--25},
    editor        = {Vázquez-Herrero, J. and Silva-Rodríguez, A. and Negreira-Rey, M.-C. and Toural-Bran, C. and López-García, X.},
}

@article{park2022,
    title         = {Regional News Audiences’ Value Perception of Local News},
    author        = {Park, S. and Fisher, C. and Lee, J. Y.},
    year          = {2022},
    journal       = {Journalism},
    volume        = {23},
    number        = {8},
    pages         = {1663--1681},
}

@article{zhang2022,
    title         = {Refracting the pandemic: A field theory approach to Chinese journalists’ sourcing options in the age of COVID-19},
    author        = {Zhang, S. and Wang, Q.},
    year          = {2022},
    journal       = {Digital Journalism},
    volume        = {10},
    number        = {6},
    pages         = {1115--1134},
}

@article{anderson2023,
    title         = {“Join the Coalition”: How Pioneer Journalism Communities Reimagine Journalistic Epistemology from the Periphery},
    author        = {Anderson, Bissie},
    year          = {2023},
    journal       = {Digital Journalism},
    pages         = {1--22},
    doi           = {10.1080/21670811.2023.2278043},
}

@article{baftiu2023,
    title         = {Adapting to Twitter: The entanglement of journalistic values and online personas},
    author        = {Baftiu, D. and Dodds, T.},
    year          = {2023},
    journal       = {Journalism Studies},
    volume        = {24},
    number        = {10},
    pages         = {1295--1315},
    doi           = {10.1080/1461670x.2023.2209812},
}

@book{bastos2023,
    title         = {História do ciberjornalismo em Portugal: Os primeiros vinte e cinco anos},
    author        = {Bastos, Helena},
    year          = {2023},
    publisher     = {Editora LabCom},
    address       = {Covilhã},
}

@article{battocchio2023,
    title         = {Who will tell the stories of health inequities? Platform challenges (and opportunities) in local civic information infrastructure},
    author        = {Battocchio, A. F. and others},
    year          = {2023},
    journal       = {The Annals of the American Academy of Political and Social Science},
    volume        = {707},
    number        = {1},
    pages         = {144--171},
    doi           = {https://doi.org/10.1177/00027162231214398},
}

@article{bisiani2023,
    title         = {Uncovering the state of local news databases in the UK: Limitations and impacts on research},
    author        = {Bisiani, S. and Heravi, B.},
    year          = {2023},
    journal       = {Journalism and Media},
    volume        = {4},
    number        = {4},
    pages         = {1211--1231},
    doi           = {https://doi.org/10.3390/journalmedia4040077},
}

@book{cardoso2023,
    title         = {A comunicação da comunicação: as pessoas são a mensagem},
    author        = {Cardoso, G.},
    year          = {2023},
    publisher     = {Editora Mundos Sociais},
    address       = {Lisboa},
}

@incollection{cestino2023,
    title         = {Shaping the new local: The future of local news coverage in the public discourse of collective actors in the USA},
    author        = {Cestino, J.},
    year          = {2023},
    booktitle     = {Local journalism: critical perspectives on the provincial newspaper},
    publisher     = {Routledge},
    address       = {Londres},
    pages         = {127--148},
    editor        = {Matthews, R. and Hodgson, G.},
}

@article{chen2023,
    title         = {When pandemic stories become personal stories: Community journalism and the coverage of health inequalities},
    author        = {Chen, S. and Roburn, S.},
    year          = {2023},
    journal       = {Journalism Practice},
    pages         = {1--19},
}

@incollection{clark2023,
    title         = {Rise and fall, rise and fall: The long life and final demise of UK regional newspapers},
    author        = {Clark, T.},
    year          = {2023},
    booktitle     = {Local journalism: critical perspectives on the provincial newspaper},
    publisher     = {Routledge},
    address       = {Londres},
    pages         = {182--196},
    editor        = {Matthews, R. and Hodgson, G.},
}

@article{cronin2023,
    title         = {The (null) over-time effects of exposure to local news websites: Evidence from trace data},
    author        = {Cronin, J. and others},
    year          = {2023},
    journal       = {Journal of Information Technology \& Politics},
    volume        = {20},
    number        = {4},
    pages         = {407--421},
}

@incollection{dralega2023,
    title         = {AI and the algorithmic-turn in journalism practice in Eastern Africa: Perceptions, practice and challenges},
    author        = {Dralega, C. A.},
    year          = {2023},
    booktitle     = {Digitisation, AI and algorithms in African journalism and media contexts},
    publisher     = {Emerald Publishing Limited},
    pages         = {33--52},
    editor        = {Dralega, C. A.},
}

@incollection{gurkan2023,
    title         = {Media Shaped by COVID-19: How Is Media Changing?},
    author        = {Gürkan, H. and Güngör-Eral, A.},
    year          = {2023},
    booktitle     = {Advances in Multimedia and Interactive Technologies},
    publisher     = {IGI Global},
    pages         = {122--138},
    editor        = {Gürkan, H. and Serttaş, A.},
}

@incollection{harte2023,
    title         = {Unravelling the discourses of hyperlocal news coverage},
    author        = {Harte, D.},
    year          = {2023},
    booktitle     = {Local Journalism: Critical Perspectives on the Provincial Newspaper},
    publisher     = {Routledge},
    pages         = {32--45},
    editor        = {Matthews, R. and Hodgson, G.},
}

@article{hess2023,
    title         = {Examining audience perspectives on local newspaper futures},
    author        = {Hess, K. and Waller, L. and Lai, J.},
    year          = {2023},
    journal       = {Journalism},
    volume        = {24},
    number        = {12},
    pages         = {2593--2611},
}

@inproceedings{hradziushka2023,
    title         = {Strategies of Interaction with the Audience of Belarusian Regional Media in Messengers},
    author        = {Hradziushka, A. A. and Minchuk, I. I. and Velikaborats, H. F.},
    year          = {2023},
    booktitle     = {2023 Communication Strategies in Digital Society Seminar (ComSDS)},
    pages         = {127--131},
}

@article{ivancsics2023,
    title         = {The invisible infrastructures of online visibility: An analysis of the platform-facing markup used by U.S.-based digital news organizations},
    author        = {Ivancsics, B. and others},
    year          = {2023},
    journal       = {Digital Journalism},
    volume        = {11},
    number        = {8},
    pages         = {1432--1455},
}

@incollection{jenkins2023,
    title         = {Processes, platforms and pay models: How local news organisations in five European countries are navigating the challenges and opportunities of digitalisation},
    author        = {Jenkins, J.},
    year          = {2023},
    booktitle     = {Local journalism: Critical perspectives on the provincial newspaper},
    publisher     = {Routledge},
    pages         = {17--31},
    editor        = {Matthews, R. and Hodgson, G.},
}

@article{kim2023,
    title         = {Structural pluralism and incivility: Comparing patterns of moral foundations and incivility in responses to news posts},
    author        = {Kim, B.},
    year          = {2023},
    journal       = {Online Information Review},
    volume        = {47},
    number        = {3},
    pages         = {433--452},
}

@article{madridmorales2023,
    title         = {A computational mapping of online news deserts on African news websites},
    author        = {Madrid-Morales, D. and Rodríguez-Amat, J. R. and Lindner, P.},
    year          = {2023},
    journal       = {Media and Communication},
    volume        = {11},
    number        = {3},
}

@book{matthews2023,
    title         = {Local Journalism: Critical Perspectives on the Provincial Newspaper},
    author        = {Matthews, R. and Hodgson, G.},
    year          = {2023},
    publisher     = {Routledge},
    edition       = {1},
}

@article{morais2023,
    title         = {Platformization of news, authorship, and unverified content: Perceptions around local media},
    author        = {Morais, R. and Jerónimo, P.},
    year          = {2023},
    journal       = {Social Sciences},
    volume        = {12},
    number        = {4},
    pages         = {200},
}

@article{mota2023,
    title         = {The erosion of proximity: Issues and challenges for local journalism in contemporary society},
    author        = {Mota, D.},
    year          = {2023},
    journal       = {Comunicação e Sociedade},
    volume        = {44},
    pages         = {1--19},
}

@article{negredo2023,
    title         = {Quantifying digital-native and legacy, national and local news websites in Spain, their topic scope and platforms},
    author        = {Negredo, S. and others},
    year          = {2023},
    journal       = {Anàlisi},
    volume        = {68},
    pages         = {81--96},
}

@article{negreira-rey2023,
    title         = {No people, no news: News deserts and areas at risk in Spain},
    author        = {Negreira-Rey, M.-C. and Vázquez-Herrero, J. and López-García, X.},
    year          = {2023},
    journal       = {Media and Communication},
    volume        = {11},
    number        = {3},
}

@incollection{ohara2023,
    title         = {Navigating Turbulent Times: Organisational Culture and Its Impact on Local Newspapers},
    author        = {O'Hara, S.},
    year          = {2023},
    booktitle     = {Local Journalism: Critical Perspectives on the Provincial Newspaper},
    publisher     = {Routledge},
    pages         = {112--126},
    editor        = {Matthews, R. and Hodgson, G.},
}

@article{westlund2023,
    title         = {10 years of digital journalism (studies): The past, the present, the future},
    author        = {Westlund, O. and Hess, K. and Saldaña, M. and Tandoc, E. C.},
    year          = {2023},
    journal       = {Digital Journalism},
    volume        = {11},
    number        = {4},
    pages         = {595--608},
}

@incollection{goncalves2024,
    title         = {Can automated news help local news coverage? An exploratory study in Portugal},
    author        = {Gonçalves, A. and Morais, R.},
    year          = {2024},
    booktitle     = {Local journalism, global challenges: news deserts, infodemic and the vastness in between},
    publisher     = {LabCom Books},
    editor        = {Jerónimo, P.},
}

@article{heiselberg2024,
    title         = {Local journalism and its audience},
    author        = {Heiselberg, L. and Hopmann, D. N.},
    year          = {2024},
    journal       = {Journalism},
    volume        = {0},
    number        = {0},
    pages         = {1--21},
}

@article{ivask2024,
    title         = {Locked up: Local newsrooms managing a digital shift at the centre of the Covid-19 outbreak},
    author        = {Ivask, S. and Císařová, L. W.},
    year          = {2024},
    journal       = {Journalism Practice},
    volume        = {18},
    number        = {1},
    pages         = {200--216},
}

@article{rodriguezurra2024,
    title         = {Hyperlocal journalism in the face of the advance of news deserts: scoping review},
    author        = {Rodríguez-Urra, C. and Trillo-Domínguez, M. and Herrero-Solana, V.},
    year          = {2024},
    journal       = {Media International Australia},
    volume        = {0},
    number        = {0},
}
