
@article{cordon-garcia_lectura_2021,
	title = {La lectura digital: intelección, apropiación y contextos},
	volume = {6},
	copyright = {Copyright (c) 2020 Biblioteche oggi Trends},
	issn = {2421-3810},
	url = {http://www.bibliotecheoggi.it/trends/article/view/1177},
	doi = {10.3302/2421-3810-202002-028-1},
	number = {2},
	urldate = {2023-02-01},
	journal = {Biblioteche oggi Trends},
	author = {Cordón-García, José-Antonio},
	month = jan,
	year = {2020},
	pages = {28--40},
}

@book{millan_lectura_2017,
	address = {Madrid},
	title = {La lectura en {España}. {Informe} 2017},
	url = {https://universoabierto.org/2017/12/07/la-lectura-en-espana-informe-2017},
	urldate = {2023-02-01},
	publisher = {Ministerio de Educación y Cultura},
	author = {Millán, José-Antonio},
	year = {2017},
}

@book{european_commission__2018,
	title = { {A} {New} {European} {Agenda} for {Culture}},
	url = {https://www.cultureinexternalrelations.eu/downloader/download-file?file=2018/06/commission_communication_-_a_new_european_agenda_for_culture_2018.pdf},
	urldate = {2023-02-01},
	author = {{European Commission}},
	year = {2018},
}

@article{alexander_pleasures_2018,
	title = {The pleasures of reading non-fiction: {The} pleasures of reading non-fiction},
	volume = {52},
	issn = {17414350},
	shorttitle = {The pleasures of reading non-fiction},
	url = {https://onlinelibrary.wiley.com/doi/10.1111/lit.12152},
	doi = {10.1111/lit.12152},
	number = {2},
	urldate = {2023-01-27},
	journal = {Literacy},
	author = {Alexander, Joy and Jarman, Ruth},
	month = may,
	year = {2018},
	pages = {78--85},
}

@book{bader_american_1976,
	address = {New York},
	title = {American picturebooks from {Noah}'s ark to the {Beast} within},
	isbn = {9780027080803},
	publisher = {Macmillan},
	author = {Bader, Barbara},
	year = {1976},
	keywords = {Children's literature, American, Illustrations, Picture books for children, Publishing History, United States, Children, Books and reading, United States, Illustration of books, United States, Illustrators, United States},
}

@article{baro-llambias_libros_1996,
	title = {Libros de conocimiento evolucionar o morir},
	volume = {9},
	url = {https://prensahistorica.mcu.es/es/consulta/registro.do?id=1008132},
	number = {83},
	urldate = {2022-10-31},
	journal = {CLIJ: Cuadernos de literatura infantil y juvenil},
	author = {Baró-Llambias, Mónica},
	year = {1996},
	pages = {7--19},
}

@article{baro-llambias_libros_2022,
	title = {Los libros informativos, imprescindibles en la biblioteca escolar},
	volume = {13},
	issn = {11342838, 21731241},
	url = {http://www.metodosdeinformacion.es/mei/index.php/mei/article/view/949/1038},
	doi = {10.5557/IIMEI13-N24-067090},
	number = {24},
	urldate = {2023-01-27},
	journal = {Métodos de informacion},
	author = {Baró-Llambias, Mónica},
	month = aug,
	year = {2022},
	pages = {67--90},
}

@book{baron_how_2021,
	address = {New York},
	title = {How we read now: strategic choices for print, screen, and audio},
	isbn = {9780190084127 9780190084110},
	publisher = {Oxford University Press},
	author = {Baron, Naomi S.},
	year = {2021},
	keywords = {Reading, Technological innovations, Computers and literacy, Reading comprehension, Critical thinking},
}

@book{bauman_modernidad_2017,
	address = {Buenos Aires},
	edition = {Di 1 ban},
	title = {Modernidad líquida},
	isbn = {9789505575138},
	publisher = {Fondo de Cultura Economica},
	author = {Bauman, Zygmunt},
	year = {2017},
}

@book{bonnafe_libros_2008,
	address = {Ciudad de México},
	title = {Los libros, eso es bueno para los bebés},
	isbn = {9789707774148},
	language = {spa},
	publisher = {Océano Travesía},
	author = {Bonnafé, Marie},
	year = {2008},
}

@book{bruner_realidad_2010,
	address = {Buenos Aires},
	title = {Realidad mental y mundos posibles: los actos de la imaginacion que dan sentido a la experiencia},
	isbn = {9788497840279},
	shorttitle = {Realidad mental y mundos posibles},
	language = {spa},
	publisher = {Gedisa},
	author = {Bruner, Jerome Seymour},
	year = {2010},
}

@article{canamares-torrijos_estudio_2019,
	title = {Estudio semiótico y multimodal sobre localizaciones y ambientes en álbumes que retan estereotipos de género},
	volume = {18},
	issn = {2254-9099, 1885-446X},
	url = {https://revista.uclm.es/index.php/ocnos/article/view/ocnos_2019.18.3.2127},
	doi = {10.18239/ocnos_2019.18.3.2127},
	number = {3},
	urldate = {2023-01-27},
	journal = {Ocnos: Revista de estudios sobre lectura},
	author = {Cañamares-Torrijos, Cristina and Moya-Guijarro, Arsenio-Jesús},
	month = nov,
	year = {2019},
	pages = {59--70},
}

@book{carson_sentido_2021,
	address = {Madrid},
	title = {El sentido del asombro},
	isbn = {9788413390789},
	language = {spa},
	publisher = {Ediciones Encuentro},
	author = {Carson, Rachel and Martín R-Ovelleiro, María Ángeles and Reyes de Prado, Andrea},
	year = {2021},
}

@book{carter_libros_2001,
	address = {Caracas},
	title = {Libros de información. {Del} placer de saber al placer de leer},
	isbn = {2910008905321},
	publisher = {Banco del libro},
	author = {Carter, Betty},
	year = {2001},
}

@article{cordon-garcia_combates_2018,
	title = {Combates por el libro: inconclusa dialéctica del modelo digital},
	volume = {27},
	issn = {1699-2407, 1386-6710},
	shorttitle = {Combates por el libro},
	url = {https://revista.profesionaldelainformacion.com/index.php/EPI/article/view/epi.2018.may.02},
	doi = {10.3145/epi.2018.may.02},
	number = {3},
	urldate = {2023-01-27},
	journal = {El Profesional de la Información},
	author = {Cordón-García, José-Antonio},
	month = jun,
	year = {2018},
	pages = {467},
}

@article{delgado_dont_2018,
	title = {Don't throw away your printed books: {A} meta-analysis on the effects of reading media on reading comprehension},
	volume = {25},
	issn = {1747938X},
	shorttitle = {Don't throw away your printed books},
	url = {https://linkinghub.elsevier.com/retrieve/pii/S1747938X18300101},
	doi = {10.1016/j.edurev.2018.09.003},
	urldate = {2023-01-27},
	journal = {Educational Research Review},
	author = {Delgado, Pablo and Vargas, Cristina and Ackerman, Rakefet and Salmerón, Ladislao},
	month = nov,
	year = {2018},
	pages = {23--38},
}

@article{duke_3.6_2000,
	title = {3.6 {Minutes} per {Day}: {The} {Scarcity} of {Informational} {Texts} in {First} {Grade}},
	volume = {35},
	issn = {00340553},
	shorttitle = {3.6 {Minutes} per {Day}},
	url = {http://doi.wiley.com/10.1598/RRQ.35.2.1},
	doi = {10.1598/RRQ.35.2.1},
	number = {2},
	urldate = {2023-01-27},
	journal = {Reading Research Quarterly},
	author = {Duke, Nell K.},
	month = apr,
	year = {2000},
	pages = {202--224},
}

@article{duke_reading_2003,
	title = {Reading {To} {Learn} from the {Very} {Beginning}: {Information} {Books} in {Early} {Childhood}},
	volume = {58},
	issn = {1538-6619},
	shorttitle = {Reading {To} {Learn} from the {Very} {Beginning}},
	number = {2},
	urldate = {2023-01-27},
	journal = {Young Children},
	author = {Duke, Nell K.},
	year = {2003},
	keywords = {Books, Childrens Literature, Developmentally Appropriate Practices, Early Childhood Education, Emergent Literacy, Reading Instruction, Teacher Student Relationship, Young Children},
	pages = {14--20},
}

@book{eco_role_1979,
	address = {Bloomington, In},
	title = {The role of the reader: explorations in the semiotics of texts},
	isbn = {9780253203182 9780253111395},
	publisher = {Indiana Univ. Pr},
	author = {Eco, Umberto},
	year = {1979},
}

@book{eco_obra_1993,
	address = {Barcelona},
	title = {Obra abierta: forma e indeterminación en el arte contemporáneo},
	isbn = {9788439521686 9788439522201},
	publisher = {Planeta-Agostini},
	author = {Eco, Umberto},
	year = {1993},
}

@book{garralon_leer_2013,
	address = {México},
	edition = {Primera edición},
	title = {Leer y saber: los libros informativos para niños},
	isbn = {9788461644995},
	shorttitle = {Leer y saber},
	language = {spa},
	publisher = {Tarambana Libros},
	author = {Garralón, Ana},
	year = {2013},
}

@book{genette_palimpsestos:_1989,
	address = {Madrid},
	title = {Palimpsestos: la literatura en segundo grado},
	isbn = {9788430621958},
	shorttitle = {Palimpsestos},
	publisher = {Taurus},
	author = {Genette, Gérard},
	year = {1989},
}

@article{gil_lectura_2020,
	title = {La lectura en pantalla en las aulas},
	volume = {89},
	url = {https://www.grao.com/es/producto/la-lectura-en-pantalla-en-las-aulas-tx08998462},
	urldate = {2023-01-27},
	journal = {Textos de Didáctica de la Lengua y la Literatura},
	author = {Gil, Laura and Delgado, Pablo and Vargas, Cristina and Vergara, Marta and Salmerón, Ladislao},
	year = {2020},
	pages = {41--47},
}

@book{goga_ecocritical_2018,
	address = {Cham},
	title = {Ecocritical {Perspectives} on {Children}'s {Texts} and {Cultures}},
	isbn = {9783319904962 9783319904979},
	url = {http://link.springer.com/10.1007/978-3-319-90497-9},
	urldate = {2023-01-27},
	publisher = {Springer International Publishing},
	editor = {Goga, Nina and Guanio-Uluru, Lykke and Hallås, Bjørg Oddrun and Nyrnes, Aslaug},
	year = {2018},
	doi = {10.1007/978-3-319-90497-9},
}

@book{gonzalez-yunis_libros_2011,
	address = {Caracas},
	title = {Los libros informativos: una guía para transformar el placer de leer en saber},
	isbn = {9789806417380},
	publisher = {Banco del Libro},
	author = {González-Yunis, Olga},
	year = {2011},
}

@article{graff_revisiting_2020,
	title = {Revisiting reader response: {Contemporary} nonfiction children's literature as remixes},
	volume = {97},
	url = {https://www.proquest.com/openview/1834bbc0f6412a897519c6a82864a307/1?pq-origsite=gscholar&cbl=41436},
	number = {4},
	journal = {Language Arts},
	author = {Graff, Jennifer and Shimek, Courtney},
	year = {2020},
	pages = {23--234},
}

@book{grilli_non-fiction_2020a,
	address = {Pisa},
	series = {Bagheera},
	title = {Non-fiction picturebooks: sharing knowledge as an aesthetic experience},
	isbn = {9788846757012},
 year = {2020a},
	number = {13},
	publisher = {Edizioni ETS},
	editor = {Grilli, Giorgia},
}

@incollection{grilli_beauty_2020b,
	address = {Pisa},
	title = {Beauty and the {World}. {Some} {Questions} to {Five} {Illustrators} (often also {Authors}) of {Non}-{Fiction} {Picturebooks} for {Children} on their {Work}, {Poetics}, {Inspiration} (s)},
	booktitle = {Non-fiction picturebooks. {Sharing} {Knowledge} as an {Aesthetic} {Experience}},
	publisher = {Edizioni ETS},
	author = {Grilli, Giorgia},
	editor = {Grilli, Giorgia},
 year = {2020b},
	pages = {267--293},
}

@book{iser_acto_2022,
	address = {Madrid},
	title = {El acto de leer},
	language = {und},
	publisher = {Taurus},
	author = {Iser, Wolfgang},
	year = {2022},
}

@book{jauss_pour_1987,
	address = {Paris},
	title = {Pour une esthétique de la réception},
	isbn = {9782070299515},
	publisher = {Gallimard},
	author = {Jauss, Hans Robert and Maillard, Claude},
	year = {1987},
}

@book{kovac_lectura_2020,
	address = {Bogotá},
	title = {Lectura en papel vs {Lectura} en pantalla},
	url = {https://cerlalc.org/publicaciones/dosier-lectura-en-papel-vs-lectura-en-pantalla/},
	urldate = {2023-01-27},
	publisher = {Centro Regional para el Fomento del Libro en América Latina y el Caribe, Cerlalc-Unesco},
	editor = {Kovač, Miha and Van-Der-Weel, Adriaan},
	year = {2020},
}

@book{kress_multimodality:_2010,
	address = {London ; New York},
	title = {Multimodality: a social semiotic approach to contemporary communication},
	isbn = {9780203970034 9780415320603 9780415320610},
	shorttitle = {Multimodality},
	publisher = {Routledge},
	author = {Kress, Gunther R.},
	year = {2010},
	keywords = {Semiotics, Communication},
}

@book{littau_teorias_2008,
	address = {Buenos Aires},
	title = {Teorias de la lectura: libros, cuerpos y bibliomanía},
	isbn = {9789875001237},
	shorttitle = {Teorias de la lectura},
	language = {spa},
	publisher = {Manantial},
	author = {Littau, Karin},
	year = {2008},
}

@article{lluch_epitextos_2015,
	title = {Epitextos virtuales públicos como herramientas para la difusión del libro},
	volume = {24},
	issn = {1699-2407, 1386-6710},
	url = {https://revista.profesionaldelainformacion.com/index.php/EPI/article/view/epi.2015.nov.11},
	doi = {10.3145/epi.2015.nov.11},
	number = {6},
	urldate = {2023-01-27},
	journal = {El Profesional de la Información},
	author = {Lluch, Gemma and Tabernero-Sala, Rosa and Calvo-Valios, Virginia},
	month = dec,
	year = {2015},
	pages = {797},
}

@article{malloy_assessing_2017,
	title = {Assessing (and {Addressing}!) {Motivation} to {Read} {Fiction} and {Nonfiction}},
	volume = {71},
	issn = {00340561},
	url = {https://onlinelibrary.wiley.com/doi/10.1002/trtr.1633},
	doi = {10.1002/trtr.1633},
	language = {en},
	number = {3},
	urldate = {2023-01-27},
	journal = {The Reading Teacher},
	author = {Malloy, Jacquelynn A. and Parsons, Allison Ward and Marinak, Barbara A. and Applegate, Anthony J. and Applegate, Mary DeKonty and Ray Reutzel, D. and Parsons, Seth A. and Fawson, Parker C. and Roberts, Leslie D. and Gambrell, Linda B.},
	month = nov,
	year = {2017},
	pages = {309--325},
}

@book{montes_buscar_2018,
	address = {Bogotá},
	title = {Buscar indicios, construir sentido},
	isbn = {9789588954561},
	publisher = {Babel},
	author = {Montes, Graciela},
	year = {2018},
}

@book{moya_guijarro_libros_2020,
	address = {Cuenca},
	series = {Colección {Arcadia}},
	title = {Libros álbum que desafían los estereotipos de género y el concepto de familia tradicional: análisis semiótico y multimodal},
	isbn = {9788490444061},
	shorttitle = {Libros álbum que desafían los estereotipos de género y el concepto de familia tradicional},
	number = {31},
	publisher = {Ediciones de la Universidad de Castilla-La Mancha},
	editor = {Moya Guijarro, Arsenio Jesús and Cañamares Torrijos, Cristina},
	year = {2020},
}

@book{munari_como_2016,
	address = {Barcelona},
	title = {¿{Cómo} nacen los objetos? {Apuntes} para una metodología proyectual},
	isbn = {9788425228650},
	publisher = {Gustavo Gili},
	author = {Munari, Bruno},
	year = {2016},
}

@incollection{nikolajeva_emotions_2018,
	address = {Nueva York},
	title = {Emotions in picturebooks},
	booktitle = {The {Routledge} {Companion} to {Picturebooks}},
	publisher = {Routdledge},
	author = {Nikolajeva, Maria},
	editor = {Kümmerling-Meibauer, Bettina},
	year = {2018},
	pages = {111--118},
}

@article{nikolajeva_images_2001,
	title = {Images of the mind : the depiction of consciousness in picturebooks.},
	volume = {2},
	shorttitle = {Images of the mind},
	url = {https://search.informit.org/doi/10.3316/aeipt.113681},
	doi = {10.3316/aeipt.113681},
	number = {1},
	urldate = {2023-01-27},
	journal = {CREArTA},
	author = {Nikolajeva, M. and Scott, C.},
	year = {2001},
	keywords = {Childrens literature, Cognitive processes, Emotional experience, Emotional response, Illustrations, Imagery, Metaphors, Perception, Perspective taking, Picture books, Early childhood education, Primary education},
	pages = {12--36},
}

@book{osullivan_comparative_2005,
	address = {Abingdon, Oxfordshire ; New York},
	title = {Comparative children's literature},
	isbn = {9780415305518},
	publisher = {Routledge},
	author = {O'Sullivan, Emer},
	year = {2005},
	keywords = {Children's literature, History and criticism, Children, Books and reading, Comparative literature},
}

@book{ocde_21st-_2021,
	title = {21st- {Century} {Readers}. {Developing} {Literacy} {Skills} in a {Digital} {World}},
	url = {https://www.oecd.org/publications/21st-century-readers-a83d84cb-en.htm},
	urldate = {2022-10-31},
	author = {{OCDE}},
	year = {2021},
}

@article{pappas_information_2006,
	title = {The information book genre: {Its} role in integrated science literacy research and practice},
	volume = {41},
	issn = {00340553},
	shorttitle = {The information book genre},
	url = {http://doi.wiley.com/10.1598/RRQ.41.2.4},
	doi = {10.1598/RRQ.41.2.4},
	number = {2},
	urldate = {2023-01-27},
	journal = {Reading Research Quarterly},
	author = {Pappas, Christine C.},
	month = apr,
	year = {2006},
	pages = {226--250},
}

@book{patte_jenlos_2008,
	address = {Distrito Federal},
	title = {Déjenlos leer},
	isbn = {9786071607133},
	language = {spa},
	publisher = {FCE - Fondo de Cultura Económica},
	author = {Patte, Geneviève},
	year = {2008},
}

@article{romero_oliva_validacion_2021,
	title = {Validación de parrilla de contenidos y desarrollo de plataforma digital de libros ilustrados de no ficción},
	volume = {34},
	issn = {19888430},
	url = {https://tejuelo.unex.es/article/view/4046},
	doi = {10.17398/1988-8430.34.143},
	urldate = {2023-01-27},
	journal = {TEJUELO. DIDÁCTICA DE LA LENGUA Y LA LITERATURA.EDUCACIÓN},
	author = {Romero Oliva, Manuel Francisco and Heredia Ponce, Hugo and Trigo Ibáñez, Ester and Romero Claudio, Carmen},
	year = {2021},
	pages = {143--170},
}

@book{rosenblatt_literatura_2002,
	address = {México},
	title = {La literatura como exploración},
	isbn = {9789681662622},
	publisher = {Fondo de Cultura Económica},
	author = {Rosenblatt, Louise M. and Schussheim, Victoria and Dubois, Maria Eugenia},
	year = {2002},
}

@incollection{salisbury_true_2020,
	address = {Pisa},
	title = {True {Stories} and {Big} {Books}: {New} {Creative} {Opportunities} in {Non}-{Fiction} {Picturebooks}.},
	booktitle = {Non-fiction picturebooks. {Sharing} {Knowledge} as an {Aesthetic} {Experience}},
	publisher = {Eizioni ETS},
	author = {Salisbury, Martin},
	editor = {Grilli, Giorgia},
	year = {2020},
	pages = {91--108},
}

@book{sanders_literature_2017,
	address = {Minneapolis},
	title = {A literature of questions: nonfiction for the critical child},
	isbn = {9781517903008 9781517903015},
	shorttitle = {A literature of questions},
	publisher = {University of Minnesota Press},
	author = {Sanders, Joe Sutliff},
	year = {2018},
}

@article{schapers_especificidad_2016,
	title = {La especificidad cultural del texto literario : propuesta didáctica de sensibilización},
	copyright = {Drets d'autor},
	issn = {2014-9735},
	shorttitle = {La especificidad cultural del texto literario},
	url = {https://raco.cat/index.php/QuadernsTraduccio/article/view/310615},
	number = {23},
	urldate = {2023-01-27},
	journal = {Quaderns: revista de traducció},
	author = {Schäpers, Andrea},
	year = {2016},
	pages = {37--58},
}

@article{smith_navigating_2019,
	title = {Navigating {Award}‐{Winning} {Nonfiction} {Children}'s {Literature}},
	volume = {73},
	issn = {0034-0561, 1936-2714},
	url = {https://onlinelibrary.wiley.com/doi/10.1002/trtr.1811},
	doi = {10.1002/trtr.1811},
	language = {en},
	number = {2},
	urldate = {2023-01-27},
	journal = {The Reading Teacher},
	author = {Smith, Jennifer M. and Robertson, Marla K.},
	month = sep,
	year = {2019},
	pages = {195--204},
}

@book{soriano_literatura_1995,
	address = {Buenos Aires},
	title = {La literatura para niños y jóvenes: guía de exploración de sus grandes temas},
	isbn = {9789505816484},
	shorttitle = {La literatura para niños y jóvenes},
	publisher = {Ediciones Colihue},
	author = {Soriano, Marc},
	translator = {Montes, Graciela},
	year = {1995},
}

@incollection{swartz_choosing_2020,
	address = {Pisa},
	title = {Choosing and using non-fiction picturebooks in the classroom},
	booktitle = {Non-fiction picturebooks. {Sharing} {Knowledge} as an {Aesthetic} {Experience}},
	publisher = {Edizioni ETS},
	author = {Swartz, Larry},
	editor = {Grilli, Giorgia},
	year = {2020},
	pages = {183--204},
}

@incollection{tabernero__2022,
	address = {Barcelona},
	title = { {El} libro ilustrado de no ficción para niños em el marco de la sociedad digital},
	booktitle = {Leer por curiosidad. {Los} libros de no ficción en la formación de lectores},
	publisher = {Graó},
	author = {Tabernero, Rosa},
	editor = {Tabernero-Sala, Rosa},
	year = {2022},
	pages = {45--69},
}

@incollection{unsworth_multiliteracies_2008,
	address = {Mahwah, NJ},
	title = {Multiliteracies and {Metalanguage}: {Describing} {Image}/{Text} {Relations} as a {Resource} for {Negotiating} {Multimodal} {Texts}},
	booktitle = {Handbook of {Research} on {New} {Literacies}},
	publisher = {Erlbaum},
	author = {Unsworth, Len},
	editor = {Corio, Julie and Knobel, Michele and Lankshear, Colin and Leu, Donald},
	year = {2008},
	pages = {377--405},
}

@article{vaughn_examining_2022,
	title = {Examining {Agency} in {Children}’s {Nonfiction} {Picture} {Books}},
	volume = {53},
	issn = {0045-6713, 1573-1693},
	url = {https://link.springer.com/10.1007/s10583-021-09435-y},
	doi = {10.1007/s10583-021-09435-y},
	number = {1},
	urldate = {2023-01-27},
	journal = {Children's Literature in Education},
	author = {Vaughn, Margaret and Sotirovska, Vera and Darragh, Janine J. and Elhess, Mohamed},
	month = mar,
	year = {2022},
	pages = {33--51},
}

@incollection{von-merveldt_informational_2018,
	address = {New York},
	title = {Informational picturebooks},
	booktitle = {The {Routledge} {Companion} to {Picturebooks}},
	publisher = {Routdledge},
	author = {Von-Merveldt, Nikola},
	editor = {Kümmerling-Meibauer, Bettina},
	year = {2018},
	pages = {231--245},
}

@book{wolf_lector_2020,
	address = {Barcelona},
	edition = {Primera edición},
	title = {Lector, vuelve a casa: cómo afecta a nuestro cerebro la lectura en pantallas},
	isbn = {9788423431335},
	shorttitle = {Lector, vuelve a casa},
	publisher = {Ediciones Deusto},
	author = {Wolf, Maryanne},
	year = {2020},
}

@incollection{yenika-agbaw_why_2018,
	address = {London},
	title = {Why critical conversations on nonfiction children's texts},
	booktitle = {Does nonfiction equate truth? {Rethinking} disciplinary boundaires through critical literacy},
	publisher = {Rowman \& Littlefield},
	author = {Yenika-Agbaw, Vivian},
	editor = {Yenika-Agbaw, Vivian and Hudock, Laura-Anne and Lowery, Ruth},
	year = {2018},
	pages = {5--10},
}