
@article{almeida_editorial_2022,
	title = {Editorial {Perspective}: {The} mental health impact of school closures during the {COVID}‐19 pandemic},
	volume = {63},
	url = {https://onlinelibrary.wiley.com/doi/10.1111/jcpp.13535},
	doi = {10.1111/jcpp.13535},
	number = {5},
	urldate = {2022-06-04},
	journal = {Journal of Child Psychology and Psychiatry},
	author = {Almeida, M. and Challa, M. and Ribeiro, M. and Harrison, A. M. and Castro, M. C.},
	month = may,
	year = {2022},
	pages = {608--612},
}

@article{astudillo_pizarro_spatial_2019,
	title = {Spatial {Justice}, {Socio}-{Natural} {Disasters}, and {Spatial} {Policies}: {Sociopolitical} {Dynamics} in view of the {Floods} and {Recovery} {Processes} in {Copiapó}, {Chile}},
	volume = {28},
	url = {http://www.scielo.org.co/scielo.php?script=sci_abstract&pid=S0121-215X2019000200303&lng=en&nrm=iso&tlng=es},
	doi = {10.15446/rcdg.v28n2.73520},
	number = {2},
	urldate = {2022-06-04},
	journal = {Cuadernos de Geografía: Revista Colombiana de Geografía},
	author = {Astudillo Pizarro, F. and Sandoval Diaz, J.},
	month = dec,
	year = {2019},
	pages = {303--321},
}

@article{balanza_galindo_prevalencia_2009,
	title = {Prevalencia de {Ansiedad} y {Depresión} en una {Población} de {Estudiantes} {Universitarios}: {Factores} {Académicos} y {Sociofamiliares} {Asociados}},
	volume = {20},
	url = {https://scielo.isciii.es/scielo.php?script=sci_abstract&pid=S1130-52742009000200006&lng=es&nrm=iso&tlng=es},
	number = {2},
	urldate = {2022-06-04},
	journal = {Clínica y Salud},
	author = {Balanza Galindo, S. and Morales Moreno, I. and Guerrero Muñoz, J.},
	year = {2009},
	pages = {177--187},
}

@book{barraza_macias_estres_2020,
	address = {México},
	title = {El estrés de pandemia ({COVID} 19) en población mexicana},
	url = {http://www.upd.edu.mx/PDF/Libros/Coronavirus.pdf},
	urldate = {2022-06-04},
	publisher = {Centro de Estudios Clínica e Investigación Psicoanalítica SC},
	author = {Barraza Macías, A.},
	year = {2020},
}

@article{cao_psychological_2020,
	title = {The psychological impact of the {COVID}-19 epidemic on college students in {China}},
	volume = {287},
	url = {https://www.sciencedirect.com/science/article/pii/S0165178120305400},
	doi = {10.1016/j.psychres.2020.112934},
	urldate = {2022-06-04},
	journal = {Psychiatry Research},
	author = {Cao, W. and Fang, Z. and Hou, G. and Han, M. and Xu, X. and Dong, J. and Zheng, J.},
	month = may,
	year = {2020},
	keywords = {COVID-19, College students, Psychological},
	pages = {112934},
}

@article{connor_chick_using_2020,
	title = {Using {Technology} to {Maintain} the {Education} of {Residents} {During} the {COVID}-19 {Pandemic}},
	volume = {77},
	url = {https://www.sciencedirect.com/science/article/pii/S1931720420300842},
	doi = {10.1016/j.jsurg.2020.03.018},
	number = {4},
	urldate = {2022-06-04},
	journal = {Journal of Surgical Education},
	author = {Connor Chick, R. and Travis Clifton, G. and Peace, K. M. and Propper, B. W. and Hale, D. F. and Alseidi, A. A. and Vreeland, T. J.},
	month = jul,
	year = {2020},
	keywords = {COVID-19, distance learning, flipped classroom, surgical videos},
	pages = {729--732},
}

@article{coronado_environmental_2021,
	title = {Environmental {Health} {Perceptions} in {University} {Classrooms}: {Results} {From} an {Online} {Survey} {During} the {COVID}-19 {Pandemic} in the {United} {States} and {Colombia}},
	volume = {7},
	url = {https://www.frontiersin.org/article/10.3389/fbuil.2021.784634},
	urldate = {2022-06-04},
	journal = {Frontiers in Built Environment},
	author = {Coronado, M. C. and Rockcastle, S. and Kwok, A.},
	year = {2021},
}

@article{cuevas_lopez_emotional_2021,
	title = {Emotional {Cognitive} {Regulation} in {University} {Students} during {Lockdown}: {A} {Comparative} {Analysis} of {Students} from {Spanish} {Universities}},
	volume = {13},
	url = {https://www.mdpi.com/2071-1050/13/12/6946},
	doi = {10.3390/su13126946},
	number = {12},
	urldate = {2022-06-04},
	journal = {Sustainability},
	author = {Cuevas López, M. and Ávalos Ruiz, I. and Lizarte Simón, E. J.},
	month = jun,
	year = {2021},
	pages = {6946},
}

@misc{chevalier_cuantas_2021,
	title = {¿{Cuántas} vacunas contra la {COVID}-19 ha dado {Estados} {Unidos} a {América} {Latina}?},
	url = {https://eldiarioexterior.com/cuantas-vacunas-contra-covid19-dado-estados-unidos-america/},
	urldate = {2022-06-04},
	journal = {Diario Exterior},
	author = {Chevalier, S.},
	month = aug,
	year = {2021},
}

@article{de_oliveira_araujo_impact_2020,
	title = {Impact {Of} {Sars}-{Cov}-2 {And} {Its} {Reverberation} {In} {Global} {Higher} {Education} {And} {Mental} {Health}},
	volume = {288},
	url = {https://www.sciencedirect.com/science/article/pii/S0165178120307009},
	doi = {10.1016/j.psychres.2020.112977},
	urldate = {2022-06-04},
	journal = {Psychiatry Research},
	author = {De Oliveira Araújo, F. J. and de Lima, L. S. A. and Cidade, P. I. M. and Nobre, C. B. and Neto, M. L. R.},
	month = jun,
	year = {2020},
	keywords = {Education, COVID-19, Mental Health},
	pages = {112977},
}

@article{de_vincenzi_aula_2020,
	title = {Del aula presencial al aula virtual universitaria en el contexto del {COVID}-19},
	volume = {8},
	url = {https://uai.edu.ar/media/115473/4-del-aula-presencial-al-aula-virtual-universitaria-en-contexto-de-pandemia-de-covid-19.pdf},
	urldate = {2022-06-04},
	journal = {Debate-Universitario},
	author = {De Vincenzi, A.},
	year = {2020},
	pages = {67--71},
}

@article{espino-diaz_analyzing_2020,
	title = {Analyzing the {Impact} of {COVID}-19 on {Education} {Professionals}. {Toward} a {Paradigm} {Shift}: {ICT} and {Neuroeducation} as a {Binomial} of {Action}},
	volume = {12},
	copyright = {http://creativecommons.org/licenses/by/3.0/},
	url = {https://www.mdpi.com/2071-1050/12/14/5646},
	doi = {10.3390/su12145646},
	number = {14},
	urldate = {2022-06-04},
	journal = {Sustainability},
	author = {Espino-Díaz, L. and Fernandez-Caminero, G. and Hernandez-Lloret, C. M. and Gonzalez-Gonzalez, H. and Alvarez-Castillo, J. L. },
	month = jan,
	year = {2020},
	keywords = {COVID-19, stress, teachers, ICT, neuroeducation},
	pages = {5646},
}

@misc{european_commission_recomendacion_2018,
	title = {Recomendación del {Consejo}, de 22 de mayo de 2018, relativa a las competencias clave para el aprendizaje permanente},
	url = {https://ec.europa.eu/transparency/regdoc/rep/1/2018/ES/COM-2018-24-F1-ES-MAIN-PART-1.PDF},
	urldate = {2022-06-04},
	publisher = {Brussels: Author},
	author = {{European Commission}},
	year = {2018},
}

@article{fernandez_cruz_evaluation_2020,
	title = {Evaluation of the {Emotional} and {Cognitive} {Regulation} of {Young} {People} in a {Lockdown} {Situation} {Due} to the {Covid}-19 {Pandemic}},
	volume = {11},
	url = {https://www.frontiersin.org/articles/10.3389/fpsyg.2020.565503/full},
	doi = {10.3389/fpsyg.2020.565503},
	urldate = {2022-06-04},
	journal = {Frontiers in Psychology},
	author = {Fernández Cruz, M. and Álvarez Rodríguez, J. and Ávalos Ruiz, I. and Cuevas López, M. and de Barros Camargo, C. and Díaz Rosas, F. and González Castellón, E. and González González, D. and Hernández Fernández, A. and Ibáñez Cubillas, P. and Lizarte Simón, E. J.},
	month = oct,
	year = {2020},
	pages = {565503},
}

@techreport{florencia_vela_relajacion_2020,
	title = {La relajación percibida y su rol como factor protector frente a la ansiedad fóbica durante el transcurso del aislamiento social, preventivo y obligatorio por covid-19 en el gran mendoza},
	url = {https://preprints.scielo.org/index.php/scielo/preprint/view/82},
	urldate = {2022-06-04},
	institution = {SciELO Preprints},
	author = {Florencia Vela, M. F. and Rossi, D. and Sánchez, J. L. and Carrión, A. Q. and Mesa, Z. and Lucero, Y. and Ragone, F. A. and Neila, M. J. and Maschi, C. and Belamate, C.},
	month = apr,
	year = {2020},
	keywords = {Universidad de Congreso, Facultad de ciencias de la Salud},
}

@article{garcia_aretio_saberes_2020,
	title = {Los saberes y competencias docentes en educación a distancia y digital: una reflexión para la formación},
	volume = {23},
	url = {https://dialnet.unirioja.es/servlet/articulo?codigo=7445242},
	number = {2},
	urldate = {2022-06-04},
	journal = {RIED: revista iberoamericana de educación a distancia},
	author = {García Aretio, L.},
	year = {2020},
	pages = {9--30},
}

@article{iqbal_effect_2021,
	title = {The {Effect} of {Emotional} {Intelligence} and {Academic} {Social} {Networking} {Sites} on {Academic} {Performance} {During} the {COVID}-19 {Pandemic}},
	volume = {14},
	url = {https://www.ncbi.nlm.nih.gov/pmc/articles/PMC8254613/},
	doi = {10.2147/PRBM.S316664},
	urldate = {2022-06-04},
	journal = {Psychology Research and Behavior Management},
	author = {Iqbal, J. and Qureshi, N. and Ashraf, M. A. and Rasool, S. F. and Asghar, M. Z.},
	month = jun,
	year = {2021},
	pages = {905--920},
}

@article{jadue_algunos_2001,
	title = {Algunos efectos de la ansiedad en el rendimiento escolar},
	url = {http://www.scielo.cl/scielo.php?script=sci_abstract&pid=S0718-07052001000100008&lng=es&nrm=iso&tlng=es},
	doi = {10.4067/S0718-07052001000100008},
	number = {27},
	urldate = {2022-06-04},
	journal = {Estudios pedagógicos (Valdivia)},
	author = {Jadue, G.},
	year = {2001},
	pages = {111--118},
}

@misc{johns_hopkins_university_covid-19_nodate,
	title = {{COVID}-19 dashboard},
	url = {https://coronavirus.jhu.edu/map.html},
	urldate = {2022-06-04},
	journal = {Johns Hopkins Coronavirus Resource Center},
	author = {{Johns Hopkins University}},
}

@article{joseph_immediate_2021,
	title = {The immediate psychological response of the general population in {Saudi} {Arabia} during {COVID}-19 pandemic: {A} cross-sectional study},
	volume = {14},
	url = {https://www.sciencedirect.com/science/article/pii/S1876034120307577},
	doi = {10.1016/j.jiph.2020.11.017},
	number = {2},
	urldate = {2022-06-04},
	journal = {Journal of Infection and Public Health},
	author = {Joseph, R. and Lucca, J. M. and Alshayban, D. and Alshehry, Y. A.},
	month = feb,
	year = {2021},
	keywords = {COVID-19, Mental health, Saudi Arabia, Anxiety, Depression, Posttraumatic stress disorder},
	pages = {276--283},
}

@article{kar_stress_2021,
	title = {Stress and coping during {COVID}-19 pandemic: {Result} of an online survey},
	volume = {295},
	doi = {10.1016/j.psychres.2020.113598},
	journal = {Psychiatry Research},
	author = {Kar, N. and Kar, B. and Kar, S.},
	month = jan,
	year = {2021},
	keywords = {Adaptation, Psychological, Adult, Anxiety, COVID-19, Depression, Female, Health Personnel, Health Surveys, Humans, Male, Middle Aged, Socioeconomic Factors, Stress, Psychological, Students, Young Adult, Anxiety, COVID-19, Coping, Depression, Psychological stress, Public health},
	pages = {113598},
}

@article{kosir_predictors_2020,
	title = {Predictors of perceived teachers’ and school counsellors’ work stress in the transition period of online education in schools during the {COVID}-19 pandemic},
	url = {https://www.tandfonline.com/doi/full/10.1080/03055698.2020.1833840},
	doi = {10.1080/03055698.2020.1833840},
	urldate = {2022-06-04},
	journal = {Educational Studies},
	author = {Košir, K. and Dugonik, Š. and Huskić, A. and Gračner, J. and Kokol, Z. and Krajnc, Ž.},
	month = oct,
	year = {2020},
	pages = {1--5},
}

@article{luo_association_2022,
	title = {The {Association} {Between} {Sociability} and {COVID}-19 {Pandemic} {Stress}},
	volume = {13},
	url = {https://www.frontiersin.org/articles/10.3389/fpsyg.2022.828076/full},
	doi = {10.3389/fpsyg.2022.828076},
	urldate = {2022-06-04},
	journal = {Frontiers in Psychology},
	author = {Luo, P. and LaPalme, M. L. and Cipriano, C. and Brackett, M. A.},
	month = feb,
	year = {2022},
	pages = {828076},
}

@book{loewenthal_introduction_2015,
	address = {London},
	edition = {2},
	title = {An {Introduction} to {Psychological} {Tests} and {Scales}},
	publisher = {Psychology Press},
	author = {Loewenthal, K. and Lewis, C. A.},
	month = nov,
	year = {2015},
	doi = {10.4324/9781315782980},
}

@book{magnusson_teoritest_1978,
	address = {Lima},
	title = {Teoría de los test},
	publisher = {Editorial Trillas},
	author = {Magnusson, D.},
	year = {1978},
}

@article{marrero_sanchez_habilidades_2018,
	title = {Habilidades blandas: necesarias para la formación integral del estudiante universitario},
	volume = {5},
	url = {http://revistas.ecotec.edu.ec/index.php/ecociencia/article/view/144},
	doi = {10.21855/ecociencia.50.144},
	urldate = {2022-06-04},
	journal = {Revista Científica Ecociencia},
	author = {Marrero Sánchez, O. and Mohamed Amar, R. and Xifra Triadú, J.},
	month = dec,
	year = {2018},
	pages = {1--18},
}

@article{mautong_assessment_2021,
	title = {Assessment of depression, anxiety and stress levels in the {Ecuadorian} general population during social isolation due to the {COVID}-19 outbreak: a cross-sectional study},
	volume = {21},
	url = {https://doi.org/10.1186/s12888-021-03214-1},
	doi = {10.1186/s12888-021-03214-1},
	number = {1},
	urldate = {2022-06-04},
	journal = {BMC Psychiatry},
	author = {Mautong, H. and Gallardo-Rumbea, J. A. and Alvarado-Villa, G. E. and Fernández-Cadena, J. C. and Andrade-Molina, D. and Orellana-Román, C. E. and Cherrez-Ojeda, I.},
	month = apr,
	year = {2021},
	keywords = {Coronavirus, COVID-19, Social isolation, Depression, Anxiety, Stress, Mental health},
	pages = {212},
}

@article{meishar-tal_times_2021,
	title = {In times of trouble: {Higher} education lecturers' emotional reaction to online instruction during {COVID}-19 outbreak},
	volume = {26},
	url = {https://doi.org/10.1007/s10639-021-10569-1},
	doi = {10.1007/s10639-021-10569-1},
	number = {6},
	urldate = {2022-06-04},
	journal = {Education and Information Technologies},
	author = {Meishar-Tal, H. and Levenberg, A.},
	month = nov,
	year = {2021},
	pages = {7145--7161},
}

@article{meza_revatta_gestion_2020,
	title = {Gestión educativa como factor determinante del desempeño de docentes de educación básica regular durante la pandemia {Covid}-19, {Puno}-{Perú}},
	volume = {11},
	url = {https://apuntesuniversitarios.upeu.edu.pe/index.php/revapuntes/article/view/543},
	doi = {10.17162/au.v11i1.543},
	number = {1},
	urldate = {2022-06-04},
	journal = {Apuntes Universitarios},
	author = {Meza Revatta, L. F. and Torres Miranda, J. S. and Mamani-Benito, O.},
	month = oct,
	year = {2020},
	pages = {23--35},
}

@misc{ministerio_de_sanidad_de_espana_vacuna_2021,
	title = {Vacuna {COVID}-19. {Estrategia} de vacunación {COVID}-19 en {España}},
	url = {https://www.sanidad.gob.es/profesionales/saludPublica/ccayes/alertasActual/nCov/vacunaCovid19.htm},
	urldate = {2022-06-04},
	author = {{Ministerio de Sanidad de España}},
	year = {2021},
}

@article{montes-rodriguez_ruta_2020,
	title = {Ruta de la gestión educativa del {CIDE} ante el contexto {COVID}-19},
	volume = {24},
	url = {https://dialnet.unirioja.es/servlet/articulo?codigo=7538295},
	number = {Extraordinario},
	urldate = {2022-06-04},
	journal = {Revista Electrónica Educare},
	author = {Montes-Rodríguez, A. L. and Chen-Quesada, E. and Hernández-Sánchez, A. and  Villalobos-Benavides, V.},
	year = {2020},
	pages = {26--29},
}

@article{morales_rodriguez_diferencias_2021,
	title = {Diferencias en ansiedad en función del curso en universitarios},
	volume = {1},
	copyright = {Derechos de autor 2021 Francisco Manuel Morales Rodríguez, Ana María Morales Rodr´íguez},
	url = {https://revista.infad.eu/index.php/IJODAEP/article/view/2067},
	doi = {10.17060/ijodaep.2021.n1.v1.2067},
	number = {1},
	urldate = {2022-06-04},
	journal = {Revista INFAD de Psicología. International Journal of Developmental and Educational Psychology.},
	author = {Morales Rodríguez, F. M. and Morales Rodríguez, A. M.},
	month = aug,
	year = {2021},
	keywords = {universitarios},
	pages = {303--308},
}

@article{newbutt_possibility_2020,
	title = {The possibility and importance of immersive technologies during {COVID}-19 for autistic people},
	volume = {14},
	url = {https://www.emerald.com/insight/content/doi/10.1108/JET-07-2020-0028/full/html},
	doi = {10.1108/JET-07-2020-0028},
	number = {3},
	urldate = {2022-06-04},
	journal = {Journal of Enabling Technologies},
	author = {Newbutt, N. and Schmidt, M. M. and Riva, G. and Schmidt, C.},
	month = nov,
	year = {2020},
	pages = {187--199},
}

@book{nunnally_psychometric_1978,
	address = {New York},
	title = {Psychometric {Theory}, 2nd edition},
	publisher = {McGraw-Hill Companies, The},
	author = {Nunnally, J. C.},
	month = jan,
	year = {1978},
}

@article{odriozola-gonzalez_psychological_2022,
	title = {Psychological symptoms of the outbreak of the {COVID}-19 confinement in {Spain}},
	volume = {27},
	url = {http://journals.sagepub.com/doi/10.1177/1359105320967086},
	doi = {10.1177/1359105320967086},
	number = {4},
	urldate = {2022-06-04},
	journal = {Journal of Health Psychology},
	author = {Odriozola-González, P. and Planchuelo-Gómez, Á. and Irurtia, M. J. and de Luis-García, R.},
	month = mar,
	year = {2022},
	pages = {825--835},
}

@misc{pardo_expandir_2021,
	title = {Expandir la universidad más allá de la enseñanza remota de emergencia},
	url = {https://eduteka.icesi.edu.co/articulos/outliers-expandir-la-universidad-mas-alla-de-la-ensenhanza-remota},
	urldate = {2022-06-04},
	author = {Pardo, H. and Cobo, C.},
	year = {2021},
	note = {publisher: Spain: Outliersschool},
}

@book{pasquali_asi_2021,
	address = {Madrid},
	title = {Así va la vacunación contra el coronavirus en {América} {Latina}. {El} coronavirus ({COVID}-19) en {América} {Latina}},
	url = {https://es.statista.com/grafico/24335/vacunacion-contra-el-coronavirus-america-latina/},
	urldate = {2022-06-04},
	publisher = {Statista},
	author = {Pasquali, M.},
	year = {2021},
}

@article{perez_perez_service-learning_2019,
	title = {Service-learning in the {Spanish} university system: a study based on deans’ perception},
	copyright = {Copyright (c) 2019 La Revista y Autores/as. Esta obra está bajo licencia internacional Creative Commons Reconocimiento-NoComercial 4.0},
	url = {https://minerva.usc.es/xmlui/handle/10347/21238},
	doi = {10.7203/relieve.25.2.15029},
	urldate = {2022-06-04},
	author = {Pérez Pérez, C. and González González, H. and Lorenzo Moledo, M. del M. and Crespo Comesaña, J. M. and Belando Montoro, M. R. and Costa París, A.},
	year = {2019},
}

@article{perez_escoda_digital_2021,
	title = {Digital {Competences} for {Smart} {Learning} {During} {COVID}-19 in {Higher} {Education} {Students} from {Spain} and {Latin} {America}},
	copyright = {Copyright (c) 2021 Digital Education Review},
	url = {https://revistes.ub.edu/index.php/der/article/view/33046},
	doi = {10.1344/der.2021.40.122-140},
	number = {40},
	urldate = {2022-06-04},
	journal = {Digital Education Review},
	author = {Pérez Escoda, A. and Lena-Acebo, F. and García-Ruiz, R.},
	month = dec,
	year = {2021},
	keywords = {lockdown.},
	pages = {122--140},
}

@article{rajkumar_covid-19_2020,
	title = {{COVID}-19 and mental health: {A} review of the existing literature},
	volume = {52},
	url = {https://www.ncbi.nlm.nih.gov/pmc/articles/PMC7151415/},
	doi = {10.1016/j.ajp.2020.102066},
	urldate = {2022-06-04},
	journal = {Asian Journal of Psychiatry},
	author = {Rajkumar, R. P.},
	month = aug,
	year = {2020},
	pages = {102066},
}

@article{rubio_hurtado_como_2012,
	title = {Cómo aplicar las pruebas paramétricas bivariadas 't' de {Student} y {ANOVA} en {SPSS} : caso práctico},
	copyright = {Cuando no se especifique otra condición, los documentos incorporados a Redined a texto completo, se hallan bajo las condiciones de uso de sólo lectura y únicamente podrán ser citados con reconocimiento del autor(es). Para cualquier otro uso, deberá solicitarse el permiso del autor (es)},
	url = {https://redined.educacion.gob.es/xmlui/handle/11162/15044},
	urldate = {2022-06-04},
	journal = {REIRE : revista d'innovació i recerca en educació},
	author = {Rubio Hurtado, M. J. and Berlanga Silvente, V.},
	year = {2012},
}

@article{saez-delgado_caracterizacion_2020,
	title = {Caracterización {Psicosocial} y {Salud} {Mental} en {Familias} de {Escolares} {Chilenos} durante el {Aislamiento} {Físico} por la {Covid}-19},
	volume = {9},
	url = {https://revistas.uam.es/riejs/article/view/riejs2020_9_3_015},
	doi = {10.15366/riejs2020.9.3.015},
	number = {3},
	urldate = {2022-06-04},
	journal = {Revista Internacional de Educación para la Justicia Social},
	author = {Sáez-Delgado, F. and Olea-González, C. and Mella-Norambuena, J. and López-Angulo, Y. and García-Vásquez, H. and Cobo-Rendón, R. and Sepúlveda López, F.},
	month = nov,
	year = {2020},
	pages = {281--300},
}

@article{salmelaaro_adolescents_2021,
	title = {Adolescents' {Longitudinal} {School} {Engagement} and {Burnout} {Before} and {During} {COVID}‐19—{The} {Role} of {Socio}‐{Emotional} {Skills}},
	volume = {31},
	url = {https://onlinelibrary.wiley.com/doi/10.1111/jora.12654},
	doi = {10.1111/jora.12654},
	number = {3},
	urldate = {2022-06-04},
	journal = {Journal of Research on Adolescence},
	author = {Salmela‐Aro, K. and Upadyaya, K. and Vinni‐Laakso, J. and Hietajärvi, L.},
	month = sep,
	year = {2021},
	pages = {796--807},
}

@article{sanchez-gomez_inteligencia_2020,
	title = {Inteligencia emocional y ansiedad en adolescentes: una propuesta práctica en el aula},
	copyright = {Copyright 2003 Quaderns Digitals. Todos los derechos reservados.},
	url = {http://repositori.uji.es/xmlui/handle/10234/189065},
	number = {91},
	urldate = {2022-06-04},
	author = {Sanchez-Gomez, M. and Oliver, A. and Adelantado-Renau, M. and Bresó Esteve, E.},
	year = {2020},
	pages = {5},
}

@article{selye_stress_1950,
	title = {Stress and the {General} {Adaptation} {Syndrome}},
	volume = {1},
	url = {https://www.ncbi.nlm.nih.gov/pmc/articles/PMC2038162/},
	number = {4667},
	urldate = {2022-06-04},
	journal = {British Medical Journal},
	author = {Selye, H.},
	month = jun,
	year = {1950},
	pages = {1383--1392},
}

@article{sierra_ansiedad_2003,
	title = {Ansiedad, angustia y estrés: tres conceptos a diferenciar},
	volume = {3},
	url = {https://www.redalyc.org/articulo.oa?id=27130102},
	number = {1},
	urldate = {2022-06-04},
	journal = {Revista Mal-estar E Subjetividade},
	author = {Sierra, J. C. and Ortega, V. and Zubeidat, I.},
	year = {2003},
	keywords = {ansiedad, angustia, estrés, evolución histórica, aproximaciones teórica, anxiety, angst, stress historical evolution, theoretical
approaches},
	pages = {10--59},
}

@article{shah_prevalence_2021,
	title = {Prevalence, {Psychological} {Responses} and {Associated} {Correlates} of {Depression}, {Anxiety} and {Stress} in a {Global} {Population}, {During} the {Coronavirus} {Disease} ({COVID}-19) {Pandemic}},
	volume = {57},
	url = {https://doi.org/10.1007/s10597-020-00728-y},
	doi = {10.1007/s10597-020-00728-y},
	number = {1},
	urldate = {2022-06-05},
	journal = {Community Mental Health Journal},
	author = {Shah, S. M. A. and Mohammad, D. and Qureshi, M. F. H. and Abbas, M. Z. and Aleem, S.},
	month = jan,
	year = {2021},
	pages = {101--110},
}

@article{sonugabarke_editorial:_2021,
	title = {Editorial: '{No} pain‐{No} gain'–{Towards} the inclusion of mental health costs in balanced" lockdown" decision‐making during health pandemics},
	volume = {62},
	url = {https://onlinelibrary.wiley.com/doi/10.1111/jcpp.13435},
	doi = {10.1111/jcpp.13435},
	number = {7},
	urldate = {2022-06-05},
	journal = {Journal of Child Psychology and Psychiatry},
	author = {Sonuga‐Barke, E. J.S.},
	month = jul,
	year = {2021},
	pages = {801--804},
}

@article{torres_pacheco_gestion_2015,
	title = {Gestión educativa y su relación con la práctica docente en las instituciones educativas emblemáticas de la ciudad de {Puno} - 2014 - {Perú}},
	volume = {6},
	url = {http://www.scielo.org.pe/scielo.php?script=sci_abstract&pid=S2219-71682015000100006&lng=es&nrm=iso&tlng=es},
	number = {1},
	urldate = {2022-06-05},
	journal = {Comuni@cción},
	author = {Torres Pacheco, E.},
	month = jan,
	year = {2015},
	pages = {56--64},
}

@article{aparicio_capital_2017,
	title = {El capital social ante el vacío gubernamental en los procesos de desastre. {Caso} {Valle} de {Chalco} {Solidaridad}},
	volume = {XXIV},
	url = {https://www.redalyc.org/journal/138/13848276005/},
	number = {68},
	urldate = {2022-06-05},
	journal = {Espiral},
	author = {Aparicio, A. T. and Poncela, A. M. F.},
	year = {2017},
	pages = {155--190},
}

@article{turcaz_romero_intervencion_2016,
	title = {Intervención educativa al personal de {Enfermería} sobre apoyo psicosocial a adolescentes en situaciones de desastre},
	volume = {95},
	url = {https://www.medigraphic.com/cgi-bin/new/resumen.cgi?IDARTICULO=73669},
	number = {1},
	urldate = {2022-06-05},
	journal = {Revista Información Científica},
	author = {Turcaz Romero, M. and Mengana, K. P. and Fiallo, Y. I.},
	month = feb,
	year = {2016},
	pages = {73--80},
}

@article{turna_anxiety_2021,
	title = {Anxiety, depression and stress during the {COVID}-19 pandemic: {Results} from a cross-sectional survey},
	volume = {137},
	url = {https://www.sciencedirect.com/science/article/pii/S0022395621001370},
	doi = {10.1016/j.jpsychires.2021.02.059},
	urldate = {2022-06-05},
	journal = {Journal of Psychiatric Research},
	author = {Turna, J. and Zhang, J. and Lamberti, N. and Patterson, B. and Simpson, W. and Francisco, A. P. and Bergmann, C. G and Ameringen, M. V.},
	month = may,
	year = {2021},
	keywords = {Coronavirus, Mental health, Anxiety, Depression, Stress, COVID-19},
	pages = {96--103},
}

@book{unesco_covid-19_2020,
	title = {From {COVID}-19 learning disruption to recovery: {A} snapshot of {UNESCO}'s work in education in 2020},
	publisher = {United States},
	author = {{UNESCO}},
	year = {2020},
}

@misc{unesco_unesco_2021,
	title = {La {UNESCO} alerta que 117 millones de alumnos a través del mundo permanecen aún sin escolarizar {\textbar} {UNESCO}},
	url = {https://www.unesco.org/es/articles/la-unesco-alerta-que-117-millones-de-alumnos-traves-del-mundo-permanecen-aun-sin},
	urldate = {2022-06-05},
	author = {{UNESCO}},
	year = {2021},
}

@misc{unicef_state_2021,
	title = {The {State} of the {Global} {Education} {Crisis}: a path to recovery},
	url = {https://www.unicef.org/media/111621/file/%20The%20State%20of%20the%20Global%20Education%20Crisis.pdf%20.pdf},
	urldate = {2022-06-04},
	author = {{UNICEF}},
	year = {2021},
	note = {publisher: United States: World Bank Publications},
}

@misc{unicef_covid:19_2022,
	title = {{COVID}:19 {Scale} of education loss 'nearly insurmountable', warns {UNICEF}},
	url = {https://www.unicef.org/press-releases/covid19-scale-education-loss-nearly-insurmountable-warns-unicef},
	urldate = {2022-06-04},
	author = {{UNICEF}},
	year = {2022},
}

@article{urdanibia_error_2009,
	title = {Error de medición},
	volume = {28},
	copyright = {Copyright (c)},
	url = {http://saber.ucv.ve/ojs/index.php/rev_ps/article/view/6079},
	number = {1},
	urldate = {2022-06-05},
	journal = {Revista Psicología},
	author = {Urdanibia, A.},
	year = {2009},
	keywords = {Error de medición, Teoría Clásica de los Test, Fiabilidad, Measurement error, Classical Test Theory, Reliability},
	pages = {37--55},
}

@techreport{valdez_zepeda_public_2018,
	title = {Public {Relations} and {Communication} in {Natural} {Disasters}: {The} {Case} of the {Earthquake} of {September} 19, 2017 in {Mexico}},
	url = {http://www.revistalatinacs.org/073paper/1264/23en.html},
	urldate = {2022-06-05},
	institution = {Revista Latina de Comunicación Social},
	author = {Valdez Zepeda, A. and Borrayo Rodríguez, C. and Muñoz Guzmán, M.},
	month = feb,
	year = {2018},
	doi = {10.4185/RLCS-2018-1264en},
}

@article{valero_cedeno_afrontamiento_2020,
	title = {Afrontamiento del {COVID}-19: estrés, miedo, ansiedad y depresión},
	volume = {5},
	url = {https://revistas.uta.edu.ec/erevista/index.php/enfi/article/view/913},
	doi = {10.31243/ei.uta.v5i3.913.2020},
	number = {3},
	urldate = {2022-06-05},
	journal = {Enfermería Investiga},
	author = {Valero Cedeño, N. J. and Vélez Cuenca, M. F. and Duran Mojica, Á. A. and Torres Portillo, M.},
	month = jul,
	year = {2020},
	pages = {63},
}

@techreport{valiente_vida-covid-19_2020,
	address = {Madrid},
	title = {{VIDA}-{COVID}-19 {Estudio} {Nacional} {Representativo} de las {Respuestas} de los {Ciudadanos} de {España} ante la {Crisis} de {Covid}-19: {Respuestas} {Psicológicas}},
	url = {https://www.ucm.es/inventap/file/vida-covid19--informe-ejecutivomalestar3520-final-1/?ver},
	urldate = {2022-06-05},
	institution = {Universidad Complutense de Madrid},
	author = {Valiente, C. and Vázquez, C. and Peinado, V. and Contreras, A. and Trucharte, A.},
	year = {2020},
}

@article{villafuerte_rol_2020,
	title = {{ROL} {DE} {LOS} {DOCENTES} {ANTE} {LA} {CRISIS} {DEL} {COVID}-19, {UNA} {MIRADA} {DESDE} {EL} {ENFOQUE} {HUMANO}},
	volume = {8},
	copyright = {Copyright (c) 2020 Jhonny Villafuerte, johanna Alexandra Bello, Yisela Pantaleón Cevallos, Jinsop Omar Bermello Vidal},
	url = {http://refcale.uleam.edu.ec/index.php/refcale/article/view/3214},
	number = {1},
	urldate = {2022-06-05},
	journal = {REFCalE: Revista Electrónica Formación y Calidad Educativa. ISSN 1390-9010},
	author = {Villafuerte, J. and Bello, J. A. and Cevallos, Y. P. and Vidal, J. O. B.},
	month = apr,
	year = {2020},
	pages = {134--150},
}

@article{yang_mental_2020,
	title = {Mental health services for older adults in {China} during the {COVID}-19 outbreak},
	volume = {7},
	doi = {10.1016/S2215-0366(20)30079-1},
	number = {4},
	journal = {The Lancet. Psychiatry},
	author = {Yang, Y. and Li, Wen and Zhang, Q. and Zhang, L. and Cheung, T. and Xiang, Y.-T.},
	month = apr,
	year = {2020},
	keywords = {Access to Information, Age Factors, Aged, COVID-19, China, Coronavirus Infections, Health Services Accessibility, Humans, Internet, Mental Health, Mental Health Services, Middle Aged, Pneumonia, Viral, Smartphone, Telemedicine, Vulnerable Populations},
	pages = {e19},
}

@article{wang_immediate_2020,
	title = {Immediate {Psychological} {Responses} and {Associated} {Factors} during the {Initial} {Stage} of the 2019 {Coronavirus} {Disease} ({COVID}-19) {Epidemic} among the {General} {Population} in {China}},
	volume = {17},
	copyright = {http://creativecommons.org/licenses/by/3.0/},
	url = {https://www.mdpi.com/1660-4601/17/5/1729},
	doi = {10.3390/ijerph17051729},
	number = {5},
	urldate = {2022-06-05},
	journal = {International Journal of Environmental Research and Public Health},
	author = {Wang, C. and Pan, R. and Wan, X. and Tan, Y. and Xu, L. and Ho, C. S. and Ho, R. C.},
	month = jan,
	year = {2020},
	keywords = {anxiety, coronavirus, depression, epidemic, knowledge, precaution, psychological impact, respiratory symptoms, stress},
	pages = {1729},
}
