@book{Stake1995,
    title         = {The art of case study},
    author        = {Stake, Robert},
    year          = {1995},
    publisher     = {Sage},
    address       = {Londres},
}

@article{plester_exploring_2009,
    title         = {Exploring the relationship between children's knowledge of text message abbreviations and school literacy outcomes},
    author        = {Plester, Beverly and Wood, Clare and Joshi, Puja},
    year          = {2009},
    month         = mar,
    journal       = {British Journal of Developmental Psychology},
    volume        = {27},
    number        = {1},
    pages         = {145--161},
    doi           = {10.1348/026151008X320507},
    issn          = {0261-510X, 2044-835X},
    url           = {https://bpspsychub.onlinelibrary.wiley.com/doi/10.1348/026151008X320507},
    urldate       = {2023-11-02},
}

@article{rosen_relationship_2010,
    title         = {The {Relationship} {Between} ``{Textisms}'' and {Formal} and {Informal} {Writing} {Among} {Young} {Adults}},
    author        = {Rosen, Larry D. and Chang, Jennifer and Erwin, Lynne and Carrier, L. Mark and Cheever, Nancy A.},
    year          = {2010},
    month         = jun,
    journal       = {Communication Research},
    volume        = {37},
    number        = {3},
    pages         = {420--440},
    doi           = {10.1177/0093650210362465},
    issn          = {0093-6502, 1552-3810},
    url           = {http://journals.sagepub.com/doi/10.1177/0093650210362465},
    urldate       = {2023-11-02},
}

@article{bushnell_text-messaging_2011,
    title         = {Text-{Messaging} {Practices} and {Links} to {General} {Spelling} {Skill}: {A} {Study} of {Australian} {Children}},
    shorttitle    = {Text-{Messaging} {Practices} and {Links} to {General} {Spelling} {Skill}},
    author        = {Bushnell, Catherine and Kemp, Nenagh and Martin, Frances Heritage},
    year          = {2011},
    journal       = {Australian Journal of Educational \& Developmental Psychology},
    volume        = {11},
    pages         = {27--38},
    issn          = {1446-5442},
    url           = {https://eric.ed.gov/?id=EJ941319},
    urldate       = {2023-11-02},
    keywords      = {Spelling, Foreign Countries, Telecommunications, Handheld Devices, Correlation, Literacy, Questionnaires, Statistical Analysis, Children},
}

@article{coe_txtn_2011,
    title         = {`{txtN} is ez f u no h2 rd': the relation between reading ability and text-messaging behaviour},
    shorttitle    = {`{txtN} is ez f u no h2 rd'},
    author        = {Coe, J.E.L. and Oakhill, J.V.},
    year          = {2011},
    month         = feb,
    journal       = {Journal of Computer Assisted Learning},
    volume        = {27},
    number        = {1},
    pages         = {4--17},
    doi           = {10.1111/j.1365-2729.2010.00404.x},
    issn          = {0266-4909, 1365-2729},
    url           = {https://onlinelibrary.wiley.com/doi/10.1111/j.1365-2729.2010.00404.x},
    urldate       = {2023-11-02},
}

@article{drouin_college_2011,
    title         = {College students' text messaging, use of textese and literacy skills},
    author        = {Drouin, M.A.},
    year          = {2011},
    month         = feb,
    journal       = {Journal of Computer Assisted Learning},
    volume        = {27},
    number        = {1},
    pages         = {67--75},
    doi           = {10.1111/j.1365-2729.2010.00399.x},
    issn          = {0266-4909, 1365-2729},
    url           = {https://onlinelibrary.wiley.com/doi/10.1111/j.1365-2729.2010.00399.x},
    urldate       = {2023-11-02},
}

@article{powell_does_2011,
    title         = {Does {SMS} text messaging help or harm adults' knowledge of standard spelling?},
    author        = {Powell, D. and Dixon, M.},
    year          = {2011},
    month         = feb,
    journal       = {Journal of Computer Assisted Learning},
    volume        = {27},
    number        = {1},
    pages         = {58--66},
    doi           = {10.1111/j.1365-2729.2010.00403.x},
    issn          = {0266-4909, 1365-2729},
    url           = {https://onlinelibrary.wiley.com/doi/10.1111/j.1365-2729.2010.00403.x},
    urldate       = {2023-11-02},
}

@article{wood_longitudinal_2011a,
    title         = {A longitudinal study of children's text messaging and literacy development: {Text} messaging and literacy},
    shorttitle    = {A longitudinal study of children's text messaging and literacy development},
    author        = {Wood, Clare and Meachem, Sally and Bowyer, Samantha and Jackson, Emma and Tarczynski-Bowles, M. Luisa and Plester, Beverly},
    year          = {2011},
    month         = aug,
    journal       = {British Journal of Psychology},
    volume        = {102},
    number        = {3},
    pages         = {431--442},
    doi           = {10.1111/j.2044-8295.2010.02002.x},
    issn          = {00071269},
    url           = {https://onlinelibrary.wiley.com/doi/10.1111/j.2044-8295.2010.02002.x},
    urldate       = {2023-11-02},
}

@article{wood_effect_2011b,
    title         = {The effect of text messaging on 9- and 10-year-old children's reading, spelling and phonological processing skills},
    author        = {Wood, C. and Jackson, E. and Hart, L. and Plester, B. and Wilde, L.},
    year          = {2011},
    month         = feb,
    journal       = {Journal of Computer Assisted Learning},
    volume        = {27},
    number        = {1},
    pages         = {28--36},
    doi           = {10.1111/j.1365-2729.2010.00398.x},
    issn          = {0266-4909, 1365-2729},
    url           = {https://onlinelibrary.wiley.com/doi/10.1111/j.1365-2729.2010.00398.x},
    urldate       = {2023-11-02},
}

@article{de_jonge_textmessage_2012,
    title         = {Text-message abbreviations and language skills in high school and university students},
    author        = {De Jonge, Sarah and Kemp, Nenagh},
    year          = {2012},
    month         = feb,
    journal       = {Journal of Research in Reading},
    volume        = {35},
    number        = {1},
    pages         = {49--68},
    doi           = {10.1111/j.1467-9817.2010.01466.x},
    issn          = {0141-0423, 1467-9817},
    url           = {https://onlinelibrary.wiley.com/doi/10.1111/j.1467-9817.2010.01466.x},
    urldate       = {2023-11-02},
}

@article{verheijen_effects_2013,
    title         = {The {Effects} of {Text} {Messaging} and {Instant} {Messaging} on {Literacy}},
    author        = {Verheijen, Lieke},
    year          = {2013},
    month         = aug,
    journal       = {English Studies},
    volume        = {94},
    number        = {5},
    pages         = {582--602},
    doi           = {10.1080/0013838X.2013.795737},
    issn          = {0013-838X, 1744-4217},
    url           = {http://www.tandfonline.com/doi/abs/10.1080/0013838X.2013.795737},
    urldate       = {2023-11-02},
}

@article{bernicot2014skilled,
    title         = {How do skilled and less-skilled spellers write text messages? A longitudinal study},
    author        = {Bernicot, Josie and Goumi, Antonine and Bert-Erboul, Alain and Volckaert-Legrier, Olga},
    year          = {2014},
    journal       = {Journal of Computer Assisted Learning},
    volume        = {30},
    number        = {6},
    pages         = {559--576},
    doi           = {10.1111/jcal.12064},
}

@article{drouin_texting_2014,
    title         = {Texting, textese and literacy abilities: a naturalistic study},
    shorttitle    = {Texting, textese and literacy abilities},
    author        = {Drouin, Michelle and Driver, Brent},
    year          = {2014},
    month         = aug,
    journal       = {Journal of Research in Reading},
    volume        = {37},
    number        = {3},
    pages         = {250--267},
    doi           = {10.1111/j.1467-9817.2012.01532.x},
    issn          = {0141-0423, 1467-9817},
    url           = {https://onlinelibrary.wiley.com/doi/10.1111/j.1467-9817.2012.01532.x},
    urldate       = {2023-11-02},
}

@article{grace_undergraduates_2014,
    title         = {Undergraduates' text messaging language and literacy skills},
    author        = {Grace, Abbie and Kemp, Nenagh and Martin, Frances Heritage and Parrila, Rauno},
    year          = {2014},
    month         = may,
    journal       = {Reading and Writing},
    volume        = {27},
    number        = {5},
    pages         = {855--873},
    doi           = {10.1007/s11145-013-9471-2},
    issn          = {0922-4777, 1573-0905},
    url           = {http://link.springer.com/10.1007/s11145-013-9471-2},
    urldate       = {2023-11-02},
}

@article{lanchantin_good_2014,
    title         = {Good spellers write more textism than bad spellers in instant messaging: {The} case of {French}},
    author        = {Lanchantin, Tonia and Simo\"{e}s-Perlant, Aur\'{e}lie and Largy, P.},
    year          = {2014},
    journal       = {Psychnology Journal},
    volume        = {12},
    number        = {1-2},
    pages         = {45--63},
}

@article{lyddy_analysis_2014,
    title         = {An {Analysis} of {Language} in {University} {Students}' {Text} {Messages}: {Language} {In} {University} {Students}' {Text} {Messages}},
    author        = {Lyddy, Fiona and Farina, Francesca and Hanney, James and Farrell, Lynn and Kelly O'Neill, Niamh},
    year          = {2014},
    month         = apr,
    journal       = {Journal of Computer-Mediated Communication},
    volume        = {19},
    number        = {3},
    pages         = {546--561},
    doi           = {10.1111/jcc4.12045},
    issn          = {10836101},
    url           = {https://academic.oup.com/jcmc/article/19/3/546-561/4067601},
    urldate       = {2023-11-02},
}

@article{wood_exploring_2014,
    title         = {Exploring the longitudinal relationships between the use of grammar in text messaging and performance on grammatical tasks},
    author        = {Wood, Clare and Kemp, Nenagh and Waldron, Sam},
    year          = {2014},
    month         = nov,
    journal       = {British Journal of Developmental Psychology},
    volume        = {32},
    number        = {4},
    pages         = {415--429},
    doi           = {10.1111/bjdp.12049},
    issn          = {0261-510X, 2044-835X},
    url           = {https://bpspsychub.onlinelibrary.wiley.com/doi/10.1111/bjdp.12049},
    urldate       = {2023-11-02},
}

@article{grace_text_2015,
    title         = {Text messaging language: {A} comparison of undergraduates' naturalistic textism use in four consecutive cohorts},
    shorttitle    = {Text messaging language},
    author        = {Grace, Abbie and Kemp, Nenagh},
    year          = {2015},
    month         = jul,
    journal       = {Writing Systems Research},
    volume        = {7},
    number        = {2},
    pages         = {220--234},
    doi           = {10.1080/17586801.2014.898575},
    issn          = {1758-6801, 1758-681X},
    url           = {http://www.tandfonline.com/doi/full/10.1080/17586801.2014.898575},
    urldate       = {2023-11-02},
}

@article{torrado_cespon_uso_2015,
    title         = {Uso del {Smartphone} y su reflejo en la escritura entre estudiantes de secundaria biling\"{u}es gallego – espa\~{n}ol},
    author        = {Torrado Cesp\'{o}n, Milagros},
    year          = {2015},
    month         = dec,
    journal       = {Digital Education Review},
    pages         = {77--90},
    doi           = {10.1344/der.2015.28.77-90},
    issn          = {2013-9144},
    url           = {https://revistes.ub.edu/index.php/der/article/view/14374},
    urldate       = {2023-11-02},
    copyright     = {Copyright (c)},
}

@article{vazquez-cano_alisis_2015,
    title         = {An\'{a}lisis lexicom\'{e}trico de la especificidad de la escritura digital del adolescente en {WhatsApp}},
    author        = {V\'{a}zquez-Cano, Esteban and Mengual-Andr\'{e}s, Santiago and Roig-Vila, Rosabel},
    year          = {2015},
    month         = jun,
    journal       = {RLA. Revista de ling\"{u}\'{\i}stica te\'{o}rica y aplicada},
    volume        = {53},
    number        = {1},
    pages         = {83--105},
    doi           = {10.4067/S0718-48832015000100005},
    issn          = {0718-4883},
    url           = {http://www.scielo.cl/scielo.php?script=sci\_abstract\&pid=S0718-48832015000100005\&lng=en\&nrm=iso\&tlng=en},
    urldate       = {2023-11-02},
}

@book{Bisquerra,
    title         = {Metodolog\'{\i}a para la investigaci\'{o}n educativa},
    author        = {Bisquerra, Rafael},
    year          = {2016},
    publisher     = {La Muralla ed.},
}

@misc{junta_de_andalucia_zonas_nodate,
    title         = {Zonas con {Necesidades} de {Transformaci\'{o}n} {Social} ({ZNTS})},
    author        = {{Junta de Andaluc\'{\i}a}},
    year          = {2016},
    url           = {https://www.juntadeandalucia.es/organismos/inclusionsocialjuventudfamiliaseigualdad/areas/inclusion/zonas-transformacion/paginas/introduccion-zonas-transformacion.html},
    urldate       = {2023-11-02},
}

@article{ouellette_generation_2016,
    title         = {Generation text: {Relations} among undergraduates' use of text messaging, textese, and language and literacy skills.},
    shorttitle    = {Generation text},
    author        = {Ouellette, Gene and Michaud, Melissa},
    year          = {2016},
    journal       = {Canadian Journal of Behavioural Science / Revue canadienne des sciences du comportement},
    volume        = {48},
    number        = {3},
    pages         = {217--221},
    doi           = {10.1037/cbs0000046},
    issn          = {1879-2669, 0008-400X},
    url           = {http://doi.apa.org/getdoi.cfm?doi=10.1037/cbs0000046},
    urldate       = {2023-11-02},
}

@article{van_dijk_influence_2016,
    title         = {The {Influence} of {Texting} {Language} on {Grammar} and {Executive} {Functions} in {Primary} {School} {Children}},
    author        = {Van Dijk, Chantal N. and Van Witteloostuijn, Merel and Vasi\'{c}, Nada and Avrutin, Sergey and Blom, Elma},
    year          = {2016},
    month         = mar,
    journal       = {PLOS ONE},
    volume        = {11},
    number        = {3},
    pages         = {e0152409},
    doi           = {10.1371/journal.pone.0152409},
    issn          = {1932-6203},
    url           = {https://dx.plos.org/10.1371/journal.pone.0152409},
    urldate       = {2023-11-02},
    editor        = {Allen, Philip},
}

@article{chalak_linguistic_2017,
    title         = {Linguistic {Features} of {English} {Textese} and {Digitalk} of {Iranian} {EFL} {Students}},
    author        = {Chalak, Azizeh},
    year          = {2017},
    month         = feb,
    journal       = {Research in Applied Linguistics},
    volume        = {8},
    number        = {Proceedings of the Fourth International Conference on Language, Discourse and Pragmatics},
    doi           = {10.22055/rals.2017.12870},
    url           = {https://doi.org/10.22055/rals.2017.12870},
    urldate       = {2023-11-02},
}

@article{gomez_camacho_norma_2017,
    title         = {La norma escrita en las conversaciones de {WhatsApp} de estudiantes universitarios de posgrado},
    author        = {G\'{o}mez Camacho, Alejandro and G\'{o}mez del Castillo Segurado, Mar\'{\i}a Teresa},
    year          = {2017},
    journal       = {Revista Mexicana de Investigacion Educativa},
    volume        = {22},
    number        = {75},
    pages         = {1077--1094},
    issn          = {1405-6666},
    url           = {https://idus.us.es/handle/11441/67296},
    urldate       = {2023-11-02},
    copyright     = {Attribution-NonCommercial-NoDerivatives 4.0 Internacional},
}

@article{kemp_university_2017,
    title         = {University students vary their use of textese in digital messages to suit the recipient},
    author        = {Kemp, Nenagh and Clayton, Jennifer},
    year          = {2017},
    month         = dec,
    journal       = {Journal of Research in Reading},
    volume        = {40},
    number        = {S1},
    doi           = {10.1111/1467-9817.12074},
    issn          = {0141-0423, 1467-9817},
    url           = {https://onlinelibrary.wiley.com/doi/10.1111/1467-9817.12074},
    urldate       = {2023-11-02},
}

@article{scribano_miradas_nodate,
    title         = {Miradas cotidianas. {El} uso de {Whatsapp} como experiencia de investigaci\'{o}n social},
    author        = {Scribano, Adri\'{a}n},
    year          = {2017},
    journal       = {Revista Latinoamericana de Metodolog\'{\i}a de la Investigaci\'{o}n Social},
    number        = {13},
    pages         = {8--22},
    issn          = {1853-6190},
    url           = {http://www.relmis.com.ar/ojs/index.php/relmis/article/view/63},
    urldate       = {2023-11-02},
    copyright     = {Derechos de autor 2017 Revista Latinoamericana de Metodolog\'{\i}a de la Investigaci\'{o}n Social},
}

@article{arredondo2018zonas,
    title         = {Zonas con necesidades de transformaci{\'o}n social en Andaluc{\'\i}a. Riesgos y retos ante su mantenimiento y naturalizaci{\'o}n},
    author        = {Arredondo, Rafael and Palma-Garcia, Maria de las Olas},
    year          = {2018},
    journal       = {Zaragoza},
    url           = {https://riuma.uma.es/xmlui/handle/10630/16697},
}

@article{gomez-camacho_textisms_2018,
    title         = {Textisms, texting, and spelling in {Spanish}},
    author        = {G\'{o}mez-Camacho, Alejandro and Hunt-G\'{o}mez, Coral I. and Valverde-Mac\'{\i}as, Andr\'{e}s},
    year          = {2018},
    month         = jan,
    journal       = {Lingua},
    volume        = {201},
    pages         = {92--101},
    doi           = {10.1016/j.lingua.2017.09.004},
    issn          = {00243841},
    url           = {https://linkinghub.elsevier.com/retrieve/pii/S0024384117301675},
    urldate       = {2023-11-02},
}

@article{suarez_lantaron_whatsapp:_2018,
    title         = {Whatsapp: su uso educativo, ventajas y desventajas},
    shorttitle    = {Whatsapp},
    author        = {Su\'{a}rez Lantar\'{o}n, Bel\'{e}n},
    year          = {2018},
    month         = oct,
    journal       = {Revista de Investigaci\'{o}n en Educaci\'{o}n},
    volume        = {16},
    number        = {2},
    pages         = {121--135},
    issn          = {2172-3427},
    url           = {https://revistas.uvigo.es/index.php/reined/article/view/2132},
    urldate       = {2023-11-02},
    copyright     = {Derechos de autor},
    keywords      = {Aplicaciones M\'{o}viles, Comunicaci\'{o}n, Educaci\'{o}n, Recursos Educativos, Tecnolog\'{\i}a M\'{o}vil, WhatsApp.},
}

@article{tique-gutierrez_contexto_2018,
    title         = {Contexto socioecon\'{o}mico sobre el rendimiento acad\'{e}mico del estudiante mediante la investigaci\'{o}n como estrategia pedag\'{o}gica},
    author        = {Tique-Guti\'{e}rrez, Marlie Atzene and Camacho-Anaya, Juan Andres and Segura–Guevara, Yeny del Carmen and Orozco–Torregrosa, Ramiro and Ortega–Moreno, Lileiva Luz and Iriarte–Ariza, Mileima and Mart\'{\i}nez–Rudas, Jaqueline and Guti\'{e}rrez–P\'{e}rez, Judith and C\'{a}ceres–Fern\'{a}ndez, Never Alfonso},
    year          = {2018},
    month         = feb,
    journal       = {CULTURA EDUCACI\'{O}N Y SOCIEDAD},
    volume        = {9},
    number        = {1},
    pages         = {171--180},
    doi           = {10.17981/cultedusoc.9.1.2018.13},
    issn          = {2389-7724},
    url           = {https://revistascientificas.cuc.edu.co/culturaeducacionysociedad/article/view/2018},
    urldate       = {2023-11-02},
    copyright     = {Derechos de autor 2018 CULTURA EDUCACI\'{O}N Y SOCIEDAD},
    keywords      = {Contexto socioecon\'{o}mico, rendimiento acad\'{e}mico, investigaci\'{o}n como estrategia pedag\'{o}gica},
}

@article{verheijen_orthographic_2018,
    title         = {Orthographic principles in computer-mediated communication: {The} {SUPER}-functions of textisms and their interaction with age and medium},
    shorttitle    = {Orthographic principles in computer-mediated communication},
    author        = {Verheijen, Lieke},
    year          = {2018},
    month         = nov,
    journal       = {Written Language \& Literacy},
    volume        = {21},
    number        = {1},
    pages         = {111--145},
    doi           = {10.1075/wll.00012.ver},
    issn          = {1387-6732, 1570-6001},
    url           = {https://www.jbe-platform.com/content/journals/10.1075/wll.00012.ver},
    urldate       = {2023-11-02},
}

@article{escarbajal_frutos_rendimiento_2019,
    title         = {El rendimiento acad\'{e}mico de alumnos de la {ESO} en un contexto vulnerable y multicultural},
    author        = {Escarbajal Frutos, Andr\'{e}s and Gelabert, Miquel A. Essomba and Pastor, Beatriz Abenza},
    year          = {2019},
    month         = jan,
    journal       = {Educar},
    volume        = {55},
    number        = {1},
    pages         = {79--99},
    issn          = {2014-8801},
    url           = {https://raco.cat/index.php/Educar/article/view/v55-n1-escarbajal-essomba-abenza},
    urldate       = {2023-11-02},
    copyright     = {Derechos de autor},
    keywords      = {rendimiento acad\'{e}mico, expectativas, contexto, familia, multiculturalidad},
}

@article{fondevila-gascon_usos_2019,
    title         = {Usos del {WhatsApp} en el estudiante universitario espa\~{n}ol. {Pros} y contras},
    author        = {Fondevila-Gasc\'{o}n, Joan Francesc and Marqu\'{e}s-Pascual, Joaqu\'{\i}n and Mir-Bernal, Pedro and Polo-L\'{o}pez, Marc},
    year          = {2019},
    month         = jan,
    journal       = {Revista Latina de Comunicaci\'{o}n Social},
    number        = {74},
    pages         = {308--324},
    doi           = {10.4185/RLCS-2019-1332},
    issn          = {1138-5820},
    url           = {https://nuevaepoca.revistalatinacs.org/index.php/revista/article/view/283},
    urldate       = {2023-11-02},
}

@article{forbes_textisms:_2019,
    title         = {``{Textisms}'': {The} comfort of the recipient.},
    shorttitle    = {``{Textisms}''},
    author        = {Forbes, Flora-Jean M. and Buchanan, Erin M.},
    year          = {2019},
    month         = oct,
    journal       = {Psychology of Popular Media Culture},
    volume        = {8},
    number        = {4},
    pages         = {358--364},
    doi           = {10.1037/ppm0000194},
    issn          = {2160-4142, 2160-4134},
    url           = {http://doi.apa.org/getdoi.cfm?doi=10.1037/ppm0000194},
    urldate       = {2023-11-02},
}

@article{totanes_textese_2019,
    title         = {Textese {Categories} and {Textese} {Application} in {L2} {Class} {Discussion}},
    author        = {Totanes, B. C. and Lintao, R. B.},
    year          = {2019},
    journal       = {i-manager's Journal on English Language Teaching},
    volume        = {9},
    number        = {1},
    pages         = {14},
    doi           = {10.26634/jelt.9.1.15249},
    issn          = {2231-3338, 2249-0752},
    url           = {http://www.imanagerpublications.com/article/15249},
    urldate       = {2023-11-02},
}

@article{hunt-gomez_textisms_2020,
    title         = {Textisms and spelling. {Perception} of pedagogy students of the {Z} {Generation}},
    author        = {Hunt-G\'{o}mez, Coral I. and N\'{u}\~{n}ez-Rom\'{a}n, Francisco and G\'{o}mez-Camacho, Alejandro and Hunt-G\'{o}mez, Coral I. and N\'{u}\~{n}ez-Rom\'{a}n, Francisco and G\'{o}mez-Camacho, Alejandro},
    year          = {2020},
    month         = feb,
    journal       = {Formaci\'{o}n universitaria},
    volume        = {13},
    number        = {2},
    pages         = {143--152},
    doi           = {10.4067/S0718-50062020000200143},
    issn          = {0718-5006},
    url           = {http://www.scielo.cl/scielo.php?script=sci\_abstract\&pid=S0718-50062020000200143\&lng=en\&nrm=iso\&tlng=en},
    urldate       = {2023-11-02},
}

@article{martin_hierro_aprendizaje_2020,
    title         = {El aprendizaje basado en el juego como herramienta socioeducativa en contextos comunitarios vulnerables},
    author        = {Mart\'{\i}n Hierro, Luc\'{\i}a and Pastor Seller, Enrique},
    year          = {2020},
    journal       = {Prisma Social: revista de investigaci\'{o}n social},
    number        = {30},
    pages         = {88--114},
    issn          = {1989-3469},
    url           = {https://dialnet.unirioja.es/servlet/articulo?codigo=7524840},
    urldate       = {2023-11-02},
}

@article{molina_garcia_hablamos?_2020,
    title         = {\textquestiondown{}{Hablamos}? {An\'{a}lisis} del discurso y estrategias empleadas en {WhatsApp} por estudiantes universitarios},
    shorttitle    = {\textquestiondown{}{Hablamos}?},
    author        = {Molina Garc\'{\i}a, Mar\'{\i}a Jos\'{e}},
    year          = {2020},
    journal       = {Onom\'{a}zein Revista de ling\"{u}\'{\i}stica filolog\'{\i}a y traducci\'{o}n},
    number        = {6},
    pages         = {274--294},
    doi           = {10.7764/onomazein.ne6.14},
    url           = {http://ojs.uc.cl/index.php/onom/article/view/29593},
    urldate       = {2023-11-02},
}

@article{verheijen_relationships_2020,
    title         = {Relationships between {Dutch} {Youths}' {Social} {Media} {Use} and {School} {Writing}},
    author        = {Verheijen, Lieke and Spooren, Wilbert and van Kemenade, Ans},
    year          = {2020},
    month         = jun,
    journal       = {Computers and Composition},
    volume        = {56},
    pages         = {102574},
    doi           = {10.1016/j.compcom.2020.102574},
    issn          = {8755-4615},
    url           = {https://www.sciencedirect.com/science/article/pii/S8755461520300359},
    urldate       = {2023-11-02},
    keywords      = {computer-mediated communication (CMC), social media, writing, literacy, youth language},
}

@article{jacquet_contextual_2021,
    title         = {Contextual {Information} {Helps} {Understand} {Messages} {Written} with {Textisms}},
    author        = {Jacquet, Baptiste and Jaraud, Caline and Jamet, Frank and Gu\'{e}raud, Sabine and Baratgin, Jean},
    year          = {2021},
    month         = jan,
    journal       = {Applied Sciences},
    volume        = {11},
    number        = {11},
    pages         = {4853},
    doi           = {10.3390/app11114853},
    issn          = {2076-3417},
    url           = {https://www.mdpi.com/2076-3417/11/11/4853},
    urldate       = {2023-11-02},
    copyright     = {http://creativecommons.org/licenses/by/3.0/},
    keywords      = {textisms, pragmatics, linguistics, cognition, Turing test},
}

@article{parrella_measuring_2021,
    title         = {Measuring the correlation between digital media usage and students' perceived writing ability: {Are} they related?},
    shorttitle    = {Measuring the correlation between digital media usage and students' perceived writing ability},
    author        = {Parrella, Jean and Leggette, Holli R. and Redwine, Tobin},
    year          = {2021},
    month         = jan,
    journal       = {Research in Learning Technology},
    volume        = {29},
    doi           = {10.25304/rlt.v29.2506},
    issn          = {2156-7077},
    url           = {https://journal.alt.ac.uk/index.php/rlt/article/view/2506},
    urldate       = {2023-11-02},
}

@article{burrell_playful_2022,
    title         = {Playful punctuation in primary children's writing},
    author        = {Burrell, Andrew and Beard, Roger},
    year          = {2022},
    month         = oct,
    journal       = {British Educational Research Journal},
    volume        = {48},
    number        = {5},
    pages         = {896--914},
    doi           = {10.1002/berj.3800},
    issn          = {0141-1926, 1469-3518},
    url           = {https://bera-journals.onlinelibrary.wiley.com/doi/10.1002/berj.3800},
    urldate       = {2023-11-02},
}

@article{adams2023examining,
    title         = {Examining textism convergence in mediated interactions},
    author        = {Adams, Aubrie and Miles, Jai},
    year          = {2023},
    journal       = {Language Sciences},
    volume        = {99},
    pages         = {1--14},
    doi           = {10.1016/j.langsci.2023.101568},
}

@phdthesis{munoz-garcia2023,
    title         = {Pol\'{\i}ticas de bienestar y desigualdades urbanas. Evaluaci\'{o}n del impacto de la Intervenci\'{o}n social en Zonas con Necesidades de Transformaci\'{o}n Social de Andaluc\'{\i}a (2001-2011).},
    author        = {Mu\~{n}oz Garc\'{\i}a, Luc\'{\i}a},
    year          = {2023},
    address       = {Sevilla},
    school        = {Universidad Pablo de Olavide},
}

@misc{comision_nacional_de_los_mercados_y_la_competencia_ocho_nodate,
    title         = {Ocho de cada diez internautas usan la mensajer\'{\i}a instant\'{a}nea diariamente en su smartphone {\textbar} {CNMC}},
    author        = {{Comisio\'n Nacional de Los Mercados y la Competencia}},
    year          = {2023},
    url           = {https://www.cnmc.es/prensa/panel-usos-internet-servicios-ott-cnmc-20230526},
    urldate       = {2023-11-02},
    shortauthor   = {CNMC},
}

@article{fernandez_julia_textisms_2023,
    title         = {Textisms and textese: {A} systematic review.},
    shorttitle    = {Textisms and textese},
    author        = {Fern\'{a}ndez Juli\'{a}, Olga and G\'{o}mez-Camacho, Alejandro},
    year          = {2023},
    journal       = {Revista Fuentes},
    volume        = {25},
    number        = {3},
    pages         = {305--317},
    doi           = {10.12795/revistafuentes.2023.23011},
    issn          = {15757072, 21727775},
    url           = {https://institucional.us.es/revistas/fuente/25\_3/23011\_F.pdf},
    urldate       = {2023-11-02},
}

@article{gomez-camacho_ke_2023a,
    title         = {Ke {Dise}, {Mi} {Arma}? {Dialectal} {Varieties} in {WhatsApp} {Digital} {Norm} of {Andalusian} {Adolescent} {Speakers}},
    shorttitle    = {Ke {Dise}, {Mi} {Arma}?},
    author        = {G\'{o}mez-Camacho, Alejandro and N\'{u}\~{n}ez-Rom\'{a}n, Francisco and Llorent-Vaquero, Mercedes and Villaciervos-Moreno, Patricia},
    year          = {2023},
    month         = mar,
    journal       = {Languages},
    volume        = {8},
    number        = {2},
    pages         = {94},
    doi           = {10.3390/languages8020094},
    issn          = {2226-471X},
    url           = {https://www.mdpi.com/2226-471X/8/2/94},
    urldate       = {2023-11-02},
}

@article{gomez-camacho_youth_2023b,
    title         = {Escritura digital juvenil en WhatsApp y ense\~{n}anza de la ortograf\'{\i}a. Youth digital writing on WhatsApp and the teaching of spelling},
    author        = {G\'{o}mez-Camacho, Alejandro and de-Pablos-Pons, Juan and Col\'{a}s-Bravo, Pilar and Conde-Jim\'{e}nez, Jes\'{u}s},
    year          = {2023},
    month         = oct,
    journal       = {Comunicar},
    volume        = {31},
    number        = {77},
    doi           = {10.3916/C77-2023-05},
    issn          = {1134-3478, 1988-3293},
    url           = {https://www.revistacomunicar.com/index.php?contenido=detalles\&numero=77\&articulo=77-2023-05},
    urldate       = {2023-11-02},
}

@article{gomez-jarabo_vulnerables_2023,
    title         = {Vulnerables en la educaci\'{o}n secundaria no obligatoria: una muestra de coraje},
    shorttitle    = {Vulnerables en la educaci\'{o}n secundaria no obligatoria},
    author        = {G\'{o}mez-Jarabo, Inmaculada and S\'{a}nchez Delgado, Primitivo},
    year          = {2023},
    month         = mar,
    journal       = {Contextos Educativos. Revista de Educaci\'{o}n},
    number        = {31},
    pages         = {179--199},
    doi           = {10.18172/con.5096},
    issn          = {1695-5714, 1575-023X},
    url           = {https://publicaciones.unirioja.es/ojs/index.php/contextos/article/view/5096},
    urldate       = {2023-11-02},
}

@misc{statista_distribucion_nodate,
    title         = {Distribuci\'{o}n porcentual de los usuarios de {WhatsApp} en {Espa\~{n}a} en 2023, por frecuencia de uso},
    author        = {{Statista}},
    year          = {2023},
    url           = {https://es.statista.com/estadisticas/1017695/frecuencia-de-uso-de-whatsapp-por-los-usuarios-de-redes-sociales-en-espana/},
    urldate       = {2023-11-02},
}
