@article{Alonso2008,
author = {Alonso, Elena and Perea, Manuel},
journal = {Escritos de psicología},
number = {1},
pages = {24--31},
title = {{SMS: impacto social y cognitivo}},
url = {https://scielo.isciii.es/scielo.php?script=sci_arttext&pid=S1989-38092008000300004&lng=es&nrm=iso&tlng=es},
urldate = {2021-07-04},
volume = {2},
year = {2008}
}

@article{Androutsopoulos2020,
annote = {Digital language practices: media, awareness, pedagogy},
author = {Androutsopoulos, Jannis and Busch, Florian},
doi = {https://doi.org/10.1016/j.linged.2020.100871},
urldate = {2021-07-04},
journal = {Linguistics and Education},
pages = {100871},
title = {{Digital punctuation as an interactional resource: the message-final period among German adolescents}},
volume = {62},
year = {2021}
}

@article{Gann2010,
author = {Gann, Rosalind Raymond and Bartoszuk, Karin and Anderson, Jillian H.},
doi = {10.18848/1447-9516/cgp/v07i02/36807},
journal = {International Journal of the Book},
number = {2},
pages = {69--78},
title = {{If u txt 2 much, duz it mean u cant spell}},
volume = {7},
year = {2010}
}

@article{Bernicot2014,
author = {Bernicot, Josie and Goumi, Antonine and Bert-Erboul, Alain and Volckaert-Legrier, Olga},
doi = {10.1111/jcal.12064},
journal = {Journal of Computer Assisted Learning},
number = {6},
pages = {559--576},
title = {{How do skilled and less-skilled spellers write text messages? A longitudinal study}},
volume = {30},
year = {2014}
}

@article{Betti2006,
author = {Betti, S.},
journal = {Cuadernos del Lazarillo},
pages = {68--76},
title = {{La jerga juvenil de los SMS}},
volume = {31},
year = {2006}
}

@article{Gutiérrez2018,
author = {Gutiérrez Bohmer, Sofía and Borzi, Claudia},
doi = {10.4067/s0718-93032018000200263},
issn = {07189303},
journal = {Boletin de Filología},
number = {2},
pages = {263--292},
title = {{Beliefs and attitudes of young Rioplatense university students towards the educated varieties of Spanish}},
volume = {53},
year = {2018}
}

@book{Borg2013,
author = {Borg, Ingwer and Groenen, Patrick J. F and Mair, Patrick},
booktitle = {Applied Multidimensional Scaling},
edition = {2013},
publisher = {Springer},
year = {2013}
}

@article{Bouillaud2007,
author = {Bouillaud, Céline and Chanquoy, Lucile and Gombert, Jean-Emile},
doi = {10.3917/bupsy.492.0553},
journal = {Bulletin de psychologie},
number = {6},
pages = {553},
title = {{Cyberlangage et orthographe : quels effets sur le niveau orthographique des {\'{e}}l{\`{e}}ves de CM2, 5e et 3e ?}},
volume = {Num{\'{e}}ro 492},
year = {2007}
}

@article{Bushnell2011,
author = {Bushnell, Catherine and Kemp, Nenagh and Martin, Frances Heritage},
journal = {Australian Journal of Educational and Developmental Psychology},
number = {03},
pages = {27--38},
title = {{Text-messaging practices and links to general spelling skill: A study of australian children}},
volume = {11},
year = {2011}
}

@article{Calero2014,
author = {Calero, Maria Luisa},
journal = {Oralia},
pages = {85--114},
title = {{El Discurso del Whatsapp: entre el Messenger y el SMS}},
volume = {17},
year = {2014}
}

@article{Cantamutto2018,
author = {Cantamutto, Lucía},
doi = {10.7764/onomazein.add.04},
journal = {Onomázein. Revista de lingüística, filología y traducción},
number = {add 04},
pages = {01--25},
title = {{Variación y adaptabilidad: los tratamientos en la comunicación por SMS en español bonaerense}},
year = {2018}
}

@article{Cantamutto2019b,
author = {Cantamutto, Lucía},
journal = {Tonos digital: Revista de estudios filológicos},
number = {37},
pages = {14},
title = {{Aperturas y cierres en la interacción digital escrita}},
url = {http://www.tonosdigital.es/ojs/index.php/tonos/article/view/2246/1072},
urldate = {2021-07-04},
year = {2019}
}

@article{Cantamutto2019,
author = {Cantamutto, Lucía and Vela Delfa, Cristina},
doi = {10.5209/CLAC.63282},
journal = {Círculo de Lingüística Aplicada a la Comunicación},
month = {feb},
number = {0 SE - Art{\'{i}}culos},
title = {{Emojis frecuentes en las interacciones por whatsapp}},
volume = {77},
year = {2019}
}

@article{Cantamutto2018b,
author = {Cantamutto, Lucía and {Vela Delfa}, Cristina},
doi = {10.7764/onomazein.add.05},
journal = {Onomázein. Revista de lingüística, filología y traducción},
number = {add 05},
pages = {142--160},
title = {{Fórmulas de tratamiento en la mensajería instantánea: mecanismos de apelación en las conversaciones escritas de dos variedades de español}},
year = {2018}
}

@misc{Chevalier2019,
author = {Chevalier, Stéphanie},
booktitle = {Statista},
title = {{¿Qué tan popular es WhatsApp en Latinoamérica?}},
year = {2019}
}

@article{Cougnon2017,
author = {Cougnon, Louise Amelie and Maskens, Lenais and Roekhaut, Sophie and Fairon, Cedrick},
journal = {Journal of French Language Studies},
doi = {10.1017/S095926951600020X},
month = {nov},
number = {3},
pages = {309--327},
title = {{Social media, spontaneous writing and dictation. Spelling variation}},
volume = {27},
year = {2017}
}

@article{Cremades2019b,
author = {Cremades, Raúl and Onieva-López, Juan Lucas and Maqueda-Cuenca, Eugenio and Ramírez-Leiton, John J.},
doi = {10.1080/10494820.2019.1612451},
journal = {Interactive Learning Environments},
publisher = {Routledge},
title = {{The influence of mobile instant messaging in language education: perceptions of current and future teachers}},
year = {2019}
}

@book{Crystal2008a,
author = {Crystal, David},
publisher = {Oxford university press},
number = {2008},
title = {{Txting the gr8 db8}},
year = {2008}
}

@article{DeJonge2012,
author = {{De Jonge}, Sarah and Kemp, Nenagh},
doi = {10.1111/j.1467-9817.2010.01466.x},
journal = {Journal of Research in Reading},
month = {feb},
number = {1},
pages = {49--68},
title = {{Text-message abbreviations and language skills in high school and university students}},
volume = {35},
year = {2012}
}

@article{DominguezCuesta2005,
author = {{Domínguez Cuesta}, Carmela},
journal = {Cuadernos de pedagogía},
number = {343},
pages = {65--69},
title = {{El lenguaje de los SMS y del chat en las aulas}},
year = {2005}
}

@article{Drouin2011,
author = {Drouin, Michelle A.},
doi = {10.1111/j.1365-2729.2010.00399.x},
journal = {Journal of Computer Assisted Learning},
number = {1},
pages = {67--75},
title = {{College students' text messaging, use of textese and literacy skills}},
volume = {27},
year = {2011}
}

@article{Drouin2014,
author = {Drouin, Michelle and Driver, Brent},
doi = {10.1111/j.1467-9817.2012.01532.x},
journal = {Journal of Research in Reading},
number = {3},
pages = {250--267},
title = {{Texting, textese and literacy abilities: A naturalistic study}},
volume = {37},
year = {2014}
}

@article{Escobar-Mamani2020,
author = {Escobar-Mamani, Fortunato and Gómez-Arteta, Indira},
doi = {10.3916/C65-2020-10},
journal = {Comunicar},
number = {65},
pages = {111--120},
title = {{WhatsApp for the development of oral and written communication skills in Peruvian adolescents}},
volume = {28},
year = {2020}
}

@article{Flores-Salgado2018,
author = {Flores-Salgado, Elizabeth and Castineira-Benitez, Teresa A.},
doi = {10.1016/j.pragma.2018.06.009},
journal = {Journal of Pragmatics},
pages = {79--92},
title = {{The use of politeness in WhatsApp discourse and move ‘requests'}},
volume = {133},
year = {2018}
}

@article{GalanRodriguez2002,
author = {{Galán Rodríguez}, Carmen},
journal = {Anuario de estudios filológicos},
number = {25},
pages = {103--117},
title = {{En los arrabales de la comunicación: los mensajes SMS}},
year = {2002}
}

@article{Martín2016,
author = {Martín, Rosa},
doi = {10.1515/soprag-2015-0010},
journal = {Pragmática Sociocultural / Sociocultural Pragmatics},
number = {1},
pages = {108--134},
title = {{La conversación guasap}},
volume = {4},
year = {2016}
}

@article{GiraldoGiraldo2018a,
author = {{Giraldo Giraldo}, Camilo and {Ríos Londoño}, Dora Miryam and {Cardona Cifuentes}, Fabio Andrés},
doi = {10.25100/lenguaje.v46i2.6585},
journal = {Lenguaje},
number = {2},
pages = {311},
title = {{La gramática al margen de la norma: la escritura en WhatsApp}},
volume = {46},
year = {2018}
}

@article{Caurcel2013,
author = {Caurcel Díaz, Andrés and Íñiguez del Río, Yovan and {Gómez Hidalgo}, José},
doi = {10.21814/lm.5.1.156},
journal = {Linguam{\'{a}}tica},
number = {1},
pages = {31--39},
title = {{Un método de análisis de lenguaje tipo SMS para el castellano}},
volume = {5},
year = {2013}
}

@incollection{Gonzalez-Same2019,
author = {González-Samé, Héctor and Romero-Romero, Jhison E.},
booktitle = {Competencia mediática y digital: Del acceso al empoderamiento},
editor = {Aguaded, I. and {Vizca{\'{i}}no Verd{\'{u}}}, A. and {Sandoval Romero}, Y.},
pages = {75--84},
publisher = {Grupo Comunicar},
title = {{Incidencia de las redes sociales en el proceso de escritura de los estudiantes universitarios}},
year = {2019}
}

@article{Hunt-Gomez2020,
author = {Hunt-Gómez, Coral I. and Núñez-Román, Francisco and Gómez-Camacho, Alejandro},
doi = {10.4067/S0718-50062020000200143},
journal = {Formacion Universitaria},
number = {2},
pages = {143--152},
title = {{Textisms and spelling. Perception of pedagogy students of the Z generation}},
volume = {13},
year = {2020}
}

@article{Johnson2015,
author = {Johnson, Genevieve Marie},
journal = {Journal of Literacy and Technology},
number = {1},
pages = {107--128},
title = {{The Invention of Reading and the Evolution of Text}},
volume = {16},
year = {2015}
}

@article{Kemp2011,
author = {Kemp, Nenagh and Bushnell, Catherine},
doi = {10.1111/j.1365-2729.2010.00400.x},
journal = {Journal of Computer Assisted Learning},
number = {1},
pages = {18--27},
title = {{Children's text messaging: Abbreviations, input methods and links with literacy}},
volume = {27},
year = {2011}
}

@article{Kemp2017,
author = {Kemp, Nenagh and Grace, Abbie},
doi = {10.1080/17586801.2017.1285220},
journal = {Writing Systems Research},
number = {1},
pages = {82--98},
title = {{Txting across time: undergraduates' use of ‘textese' in seven consecutive first-year psychology cohorts}},
volume = {9},
year = {2017}
}

@article{Lanchantin2014,
author = {Lanchantin, Tonia and Simoës-Perlant, Aurélie and Largy, Peirre},
journal = {PsychNology Journal},
number = {1-2},
pages = {45--63},
title = {{Good spellers write more textism than bad spellers in instant messaging: The case of French}},
volume = {12},
year = {2014}
}

@misc{Latinobarometro2018,
author = {{Corporación Latinobarómetro}},
title = {{Informe 2018}},
url = {https://www.latinobarometro.org/latContents.jsp},
urldate = {2021-07-04},
year = {2018}
}

@article{Llisterri2002,
author = {Llisterri, Joaquim},
journal = {Revista de Investigaci{\'{o}}n Ling{\"{u}}{\'{i}}stica},
number = {2},
pages = {61--100},
title = {{Marcas fonéticas de la oralidad en la lengua de los chats: elisiones y epéntesis consonánticas}},
volume = {5},
year = {2002}
}

@article{Llopis-Susierra2020,
author = {Llopis-Susierra, Mireia and Andrés-Sebastiá, María de El Puig},
journal = {Tonos digital: Revista de estudios filol{\'{o}}gicos},
pages = {1--23},
title = {{La ortografía en las redes sociales y los chats: una nueva herramienta de aprendizaje entre los adolescentes}},
volume = {38},
year = {2020}
}

@article{Llull2014,
author = {Llull, Gabriela and Pinardi, Lilián Carolina},
doi = {10.15845/bells.v5i0.676},
journal = {Bergen Language and Linguistics Studies},
number = {0},
title = {{Actitudes ling{\"{u}}{\'{i}}sticas en la Argentina. El espa{\~{n}}ol en Buenos Aires: Una aproximaci{\'{o}}n a las representaciones de sus hablantes}},
volume = {5},
year = {2014}
}

@article{Lyddy2014,
author = {Lyddy, Fiona and Farina, Francesca and Hanney, James and Farrell, Lynn and {Kelly O'Neill}, Niamh},
doi = {10.1111/jcc4.12045},
journal = {Journal of Computer-Mediated Communication},
number = {3},
pages = {546--561},
title = {{An analysis of language in university students' text messages}},
volume = {19},
year = {2014}
}

@article{ManceraRueda2016,
author = {{Mancera Rueda}, Ana},
doi = {10.1080/14753820.2016.1181435},
journal = {Bulletin of Spanish Studies},
number = {9},
pages = {1469--1493},
title = {{Usos ling{\"{u}}{\'{i}}sticos alejados del espa{\~{n}}ol normativo como se{\~{n}}a de identidad en las redes sociales}},
volume = {93},
year = {2016}
}

@incollection{MasAlvarez2012a,
author = {{Mas Álvarez}, Inmaculada and {Zas Varela}, Luz},
booktitle = {Cum corde et in nova grammatica: estudios ofrecidos a Guillermo Rojo},
pages = {585--595},
title = {{De lo necesario a lo inevitable: casi dos d{\'{e}}cadas de c{\'{o}}digo SMS}},
year = {2012}
}

@article{OHare1980,
author = {O'Hare, David},
doi = {10.1080/0141192800060104},
journal = {British Educational Research Journal},
number = {1},
pages = {29--42},
title = {{An Introduction to the Concepts and Methods of Multidimensional Scaling}},
volume = {6},
year = {1980}
}

@article{Plester2008,
author = {Plester, Beverly and Wood, Clare and Bell, Victoria},
doi = {10.1111/j.1741-4369.2008.00489.x},
journal = {Literacy},
number = {3},
pages = {137--144},
title = {{Txt msg n school literacy: Does texting and knowledge of text abbreviations adversely affect children's literacy attainment?}},
volume = {42},
year = {2008}
}

@article{Plester2009,
author = {Plester, Beverly and Wood, Clare and Joshi, Puja},
doi = {10.1348/026151008X320507},
journal = {British Journal of Developmental Psychology},
number = {1},
pages = {145--161},
title = {{Exploring the relationship between children's knowledge of text message abbreviations and school literacy outcomes}},
volume = {27},
year = {2009}
}

@article{Powell2011,
author = {Powell, Daisy and Dixon, Maureen},
doi = {10.1111/j.1365-2729.2010.00403.x},
journal = {Journal of Computer Assisted Learning},
number = {1},
pages = {58--66},
title = {{Does SMS text messaging help or harm adults' knowledge of standard spelling?}},
volume = {27},
year = {2011}
}

@article{Rojas2012,
author = {Rojas, Darío},
journal = {Onomazein},
number = {2},
pages = {69--93},
title = {{Actitudes ling{\"{u}}{\'{i}}sticas de hispanohablantes de santiago de chile: Creencias sobre la correcci{\'{o}}n idiom{\'{a}}tica}},
volume = {26},
year = {2012}
}

@incollection{SabariegoPuig2004,
author = {{Sabariego Puig}, Marta},
booktitle = {Metodología de la investigación educativa},
editor = {{Bizquerra Alzina} Rafael},
pages = {52--87},
publisher = {La Muralla},
title = {{La investigación educativa: génesis, evolución y características}},
year = {2004}
}

@article{Thurlow2003,
author = {Thurlow, Crispin},
journal = {Discourse Analysis Online},
pages = {1--31},
title = {{Generation Txt ? The sociolinguistics of young people ' s text-messaging}},
url = {http://extra.shu.ac.uk/daol/articles/v1/n1/a3/thurlow2002003-paper.html},
urldate = {2021-07-04},
volume = {1},
year = {2003}
}

@incollection{Thurlow2013,
author = {Thurlow, Crispin and Poff, M.},
booktitle = {Handbook of the Pragmatics of CMC},
editor = {Herring, S.C. and Stein, D. and Virtanen, T.},
pages = {163--190},
publisher = {Mouton de Gruyter},
title = {{The language of text-messaging}},
year = {2013}
}

@article{Turner2010,
author = {Turner, Kristen Hawley},
doi = {10.1177/003172171009200106},
journal = {Phi Delta Kappan},
number = {1},
pages = {41--46},
title = {{Digitalk: A new literacy for a digital generation}},
volume = {92},
year = {2010}
}

@article{Turner2014,
author = {Turner, Kristen Hawley and Abrams, Sandra Schamroth and Katic, Elvira and Donovan, Meredith Jeta},
doi = {10.1177/1086296X14534061},
journal = {Journal of Literacy Research},
number = {2},
pages = {157--193},
title = {{Demystifying digitalk: The what and why of the language teens use in digital writing}},
volume = {46},
year = {2014}
}

@article{VAZQUEZ-CANO2015,
author = {Vázquez-Cano, Esteban and Mengual-Andrés, Santiago and Roig-Vila, Rosabel},
doi = {10.4067/s0718-48832015000100005},
journal = {RLA. Revista de ling{\"{u}}{\'{i}}stica te{\'{o}}rica y aplicada},
number = {1},
pages = {83--105},
title = {{Análisis lexicométrico de la especificadad de la escritura difital del adolescente en WhatsApp}},
volume = {53},
year = {2015}
}

@article{Verheijen2020,
author = {Verheijen, Lieke and Spooren, Wilbert and van Kemenade, Ans},
doi = {10.1016/j.compcom.2020.102574},
journal = {Computers and Composition},
pages = {1--26},
title = {{Relationships between Dutch Youths' Social Media Use and School Writing}},
volume = {56},
year = {2020}
}

@article{Veytia-Bucheli2020,
author = {Veytia-Bucheli, María Guadalupe and Gómez-Galán, José and Vergara, Diego},
doi = {10.3390/educsci10110295},
journal = {Education Sciences},
number = {11},
pages = {1--17},
title = {{Presence of new forms of intercultural communication in higher education: Emojis and social interactions through whatsapp among graduate students}},
volume = {10},
year = {2020}
}

@article{Waldron2017,
author = {Waldron, Sam and Wood, Clare and Kemp, Nenagh},
doi = {10.1111/1467-9817.12073},
journal = {Journal of Research in Reading},
number = {4},
pages = {384--402},
title = {{Use of predictive text in text messaging over the course of a year and its relationship with spelling, orthographic processing and grammar}},
volume = {40},
year = {2017}
}

@article{Wood2014,
author = {Wood, Clare and Kemp, Nenagh and Waldron, Sam and Hart, Lucy},
doi = {10.1016/j.compedu.2013.09.003},
journal = {Computers \& Education},
month = {jan},
pages = {281--290},
title = {{Grammatical understanding, literacy and text messaging in school children and undergraduate students: A concurrent analysis}},
url = {https://linkinghub.elsevier.com/retrieve/pii/S036013151300256X},
urldate = {2021-07-04},
volume = {70},
year = {2014}
}

@article{Gomez-Camacho2007,
author = {Goméz-Camacho, Alejandro},
doi = {https://doi.org/10.3916/26025},
urldate = {2021-07-04},
journal = {Comunicar},
number = {29},
pages = {157-164},
title = {{La ortografía del español y los géneros electrónicos}},
volume = {15},
year = {2007}
}

@article{Gomez-Camacho2017,
author = {Goméz-Camacho, Alejandro and Lopes, Antonio},
doi = {https://doi.org/10.30827/digibug.54108},
urldate = {2021-07-04},
journal = {Porta Linguarum. Revista Interuniversitaria de Didáctica de las Lenguas
Extranjeras},
pages = {43-55},
title = {{Texting, textisms and teaching Portuguese}},
volume = {Monográfico II},
year = {2017}
}

@article{Gomez-Camacho2018,
author = {Goméz-Camacho, Alejandro and Hunt-Gómez, Coral Ivy and Valverde-Macías, Andrés},
doi = {https://doi.org/10.1016/j.lingua.2017.09.004},
urldate = {2021-07-04},
journal = {Lingua},
pages = {92-101},
title = {{Textisms, texting, and spelling in Spanish}},
volume = {201},
year = {2018}
}

@article{Gomez-Camacho2016,
author = {Goméz-Camacho, Alejandro and Núñez-Román, Francisco and Perera-Rodríguez, Víctor Hugo},
doi = {http://dx.doi.org/10.3280/Cad2016-002006},
urldate = {2021-07-04},
journal = {Cadmo},
number = {2016},
pages = {57-74},
title = {Testismi, messaggistica e didattica dell'italiano: percezioni degli studenti universitari},
volume = {2},
year = {2016}
}