@article{siteal,
    title         = {Educaci\'{o}n y tecnolog\'{\i}as digitales},
    author        = {Valeria Kelly},
    publisher     = {IIPE UNESCO},
    url           = {https://siteal.iiep.unesco.org/eje/educacion\%5Fy\%5Ftic\# educacion-y-tecnologias-digitales-panorama-en-datos},
    urldate       = {2024-03-25},
}

@misc{comision2006,
    title         = {Recomendaci\'{o}n 2006/962/CE del Parlamento Europeo y del Consejo, de 18 de diciembre de 2006, sobre las competencias clave para el aprendizaje permanente},
    author        = {{Comisi\'{o}n Europea}},
    year          = {2006},
    month         = {12},
    url           = {https://eur-lex.europa.eu/legal-content/ES/TXT/PDF/?uri=CELEX:32006H0962},
    urldate       = {2024-01-22},
    howpublished  = {Diario Oficial de la Uni\'{o}n Europea},
}

@article{urrutia2010,
    title         = {Declaraci\'{o}n PRISMA: una propuesta para mejorar la publicaci\'{o}n de revisiones sistem\'{a}ticas y metaan\'{a}lisis},
    author        = {Gerard Urr\'{u}tia and Xavier Bonfill},
    year          = {2010},
    month         = {10},
    journal       = {Medicina cl\'{\i}nica},
    volume        = {135},
    number        = {11},
    pages         = {507--511},
    doi           = {https://doi.org/10.1016/j.medcli.2010.01.015},
    issn          = {0025-7753},
    url           = {https://www.sciencedirect.com/science/article/pii/S0025775310001454},
    urldate       = {2024-01-31},
}

@misc{consejo2018,
    title         = {Recomendaci\'{o}n 2018/C 189/01 del Consejo de 22 de mayo de relativa a las competencias clave para el aprendizaje permanente},
    author        = {{Consejo Europeo}},
    year          = {2018},
    month         = {6},
    url           = {https://eur-lex.europa.eu/legal-content/ES/TXT/PDF/?uri=CELEX:32018H0604(01)},
    urldate       = {2024-02-19},
    howpublished  = {Diario Oficial de la Uni\'{o}n Europea},
}

@article{area2020,
    title         = {La transformaci\'{o}n digital de los centros escolares. Obst\'{a}culos y resistencias},
    author        = {Manuel Area-Moreira and Pablo Joel Santana Bonilla and Anal Luisa Sanabria Mesa},
    year          = {2020},
    month         = {6},
    journal       = {Digital Education Review},
    number        = {37},
    pages         = {15--31},
    doi           = {10.1344/der.2020.37.15-31},
    url           = {https://doi.org/10.1344/der.2020.37.15-31},
    urldate       = {2024-02-19},
}

@misc{congreso2020,
    title         = {Constituci\'{o}n de la Rep\'{u}blica del Ecuador (2020)},
    author        = {Nacional Congreso},
    year          = {2020},
    url           = {https://eur-lex.europa.eu/legal-content/ES/TXT/PDF/?uri=CELEX:32018H0604(01)},
    urldate       = {2024-01-22},
}

@misc{leyorganica3/2020,
    title         = {Ley Org\'{a}nica 3/2020, de 29 de diciembre, por la que se modifica la Ley Org\'{a}nica 2/2006, de 3 de mayo, de Educaci\'{o}n},
    year          = {2020},
    month         = {12},
    day           = {30},
    journal       = {Bolet\'{\i}n Oficial del Estado},
    volume        = {340},
    url           = {https://www.boe.es/eli/es/lo/2020/12/29/3},
    note          = {Acceso en: 22 mar. 2024},
}

@article{astudillo2021,
    title         = {{TIC} en la educaci\'{o}n superior para solventar una crisis sanitaria},
    author        = {Martha Patricia Astudillo Torres},
    year          = {2021},
    month         = {12},
    journal       = {{ETic\@net}. Revista cient\'{\i}fica electr\'{o}ncia de educaci\'{o}n y comunicaci\'{o}n en la sociedad del conocimiento},
    volume        = {21},
    number        = {2},
    pages         = {451--472},
    doi           = {10.30827/eticanet.v21i2.21780},
    url           = {http://doi.org/10.30827/eticanet.v21i2.21780},
    urldate       = {2024-02-15},
}

@article{cordero2021,
    title         = {El fortalecimiento de competencias ling\"{u}\'{\i}sticas en estudiantes de ingl\'{e}s como lengua extranjera con el uso de aplicaciones inform\'{a}ticas},
    author        = {Cordero, Damaris and Hern\'{a}ndez Ching, Ruth Cristina},
    year          = {2021},
    month         = {9},
    journal       = {Caminos Educativos},
    volume        = {8},
    number        = {1},
    pages         = {13--25},
    doi           = {10.36436/22564527.495},
    url           = {https://doi.org/10.36436/22564527.495},
}

@article{cruz2021,
    title         = {Modelo de mejoramiento productivo: una aplicaci\'{o}n de la fabricaci\'{o}n digital incorporada al aprendizaje basado en proyectos (ABP) en la educaci\'{o}n superior},
    author        = {Cruz, Ra\'{u}l I. and Serrano, Claudia L. and Rodr\'{\i}guez, Brigitte J.},
    year          = {2021},
    month         = {4},
    journal       = {Formaci\'{o}n Universitaria},
    volume        = {14},
    number        = {2},
    pages         = {65--74},
    doi           = {10.4067/S0718-50062021000200065},
    issn          = {0718-5006},
    url           = {https://doi.org/10.4067/S0718-50062021000200065},
}

@article{cuevas2021,
    title         = {Percepci\'{o}n del alumnado sobre la gamificaci\'{o}n en la educaci\'{o}n superior},
    author        = {Cuevas, Nuria and C\'{\i}vico Ariza, Andrea and Gabarda M\'{e}ndez, Vicente and Colomo Maga\~{n}a, Ernesto},
    year          = {2021},
    month         = {3},
    journal       = {REIDOCREA},
    volume        = {10},
    number        = {16},
    pages         = {1--12},
    doi           = {10.30827/Digibug.66757},
    url           = {https://doi.org/10.30827/Digibug.66757},
}

@article{culcasi2021,
    title         = {Aprendizaje-Servicio Virtual 100\% online},
    author        = {Culcasi, Irene and Romano, Luciano and Cinque, Maria},
    year          = {2021},
    month         = {12},
    journal       = {Edutec. Revista Electr\'{o}nica de Tecnolog\'{\i}a Educativa},
    number        = {78},
    pages         = {180--195},
    doi           = {10.21556/edutec.2021.78.2255},
    url           = {https://doi.org/10.21556/edutec.2021.78.2255},
    urldate       = {2024-02-19},
}

@article{delacruz2021,
    title         = {Dise\~{n}o tecno-pedag\'{o}gico problematizador: formaci\'{o}n profesional en tiempos de COVID-19},
    author        = {De La Cruz Flores, Gabriela},
    year          = {2021},
    month         = {12},
    volume        = {21},
    number        = {2},
    pages         = {326--348},
    doi           = {10.30827/eticanet.v21i2.21154},
    url           = {https://revistaseug.ugr.es/index.php/eticanet/article/view/21154},
    urldate       = {2024-02-19},
    journaltitle  = {Etic\@net. Revista cient\'{\i}fica electr\'{o}nica de educaci\'{o}n y comunicaci\'{o}n en la sociedad del conocimiento},
}

@article{gabarda2021,
    title         = {Ciberacoso y ciberviolencia de pareja; \textquestiondown{}fen\'{o}menos relacionados?},
    author        = {Gabarda, Cristina and Cuevas, Nuria and Mart\'{\i}, Antonia and Rodr\'{\i}guez , Ana and Agust\'{\i}, Ana Isabel},
    year          = {2021},
    month         = {12},
    number        = {3},
    pages         = {597--610},
    doi           = {10.51668/bp.8321305s},
    url           = {https://www.behavioralpsycho.com/wp-content/uploads/2021/12/05.Gabarda \%5F29-3Es.pdf},
    urldate       = {2024-02-11},
    journaltitle  = {Behavioral Psychology/ Psicolog\'{\i}a Conductual},
}

@article{gabarda2021b,
    title         = {El profesorado de Educaci\'{o}n Infantil y Primaria: formaci\'{o}n tecnol\'{o}gica y competencia digital},
    author        = {Gabarda M\'{e}ndez, Vicente and Garc\'{\i}a Tort, Enrique and Ferrando Rodr\'{\i}guez, Mar\'{\i}a de Lourdes and Chiappe Laverde, Andr\'{e}s},
    year          = {2021},
    month         = {12},
    volume        = {7},
    number        = {2},
    pages         = {19--31},
    doi           = {10.24310/innoeduca.2021.v7i2.12261},
    url           = {https://revistas.uma.es/index.php/innoeduca/article/view/12261},
    urldate       = {2024-02-15},
    journaltitle  = {Innoeduca. International Journal of Technology and Educational Innovation},
}

@article{gomez-gomez2021,
    title         = {La formaci\'{o}n en Aprendizaje Servicio Solidario ante el reto de los escenarios virtuales de aprendizaje en Educaci\'{o}n Superior},
    author        = {G\'{o}mez-G\'{o}mez, Marta and G\'{o}mez-Jarabo, Inmaculada and S\'{a}nchez, Bienvenida},
    year          = {2021},
    month         = {12},
    journal       = {Edutec. Revista Electr\'{o}nica De Tecnolog\'{\i}a Educativa},
    volume        = {78},
    pages         = {131--148},
    doi           = {10.21556/edutec.2021.78.2257},
    url           = {https://edutec.es/revista/index.php/edutec-e/article/view/2257},
    urldate       = {2024-02-19},
}

@article{higaldocajo2021,
    title         = {Realidad aumentada como recurso de apoyo en el proceso ense\~{n}anza-aprendizaje},
    author        = {Hidalgo Cajo, Byron Geovanny and Hidalgo Cajo, Diego Patricio and Montenegro Chanalata, Mercedes Gabriela and Hidalgo Cajo, Iv\'{a}n Mes\'{\i}as},
    year          = {2021},
    month         = {8},
    journal       = {Revista Electr\'{o}nica Interuniversitaria de Formaci\'{o}n del Profesorado},
    volume        = {24},
    number        = {3},
    pages         = {43--55},
    doi           = {10.6018/reifop.465451},
    url           = {https://revistas.um.es/reifop/article/view/465451},
    urldate       = {2024-02-11},
    note          = {Disponible en: \url{https://revistas.um.es/reifop/article/view/465451}},
}

@article{maldonadotorres2021,
    title         = {Simulador de negocios en la formaci\'{o}n profesional del estudiante del \'{a}rea empresarial},
    author        = {Maldonado-Torres, Karina and Chamba-Toro, Geovanny and Mora-S\'{a}nchez, Norman},
    year          = {2021},
    month         = {9},
    journal       = {593 Digital Publisher {CEIT}},
    volume        = {6},
    number        = {5},
    pages         = {265--279},
    doi           = {10.33386/593dp.2021.5.682},
    url           = {https://www.593dp.com/index.php/593\%5FDigital\% 5FPublisher/article/view/682},
    note          = {Disponible en: \url{ https://www.593dp.com/index.php/593\_Digital \_Publisher/article/view/682}},
}

@article{martinez2021,
    title         = {La realidad aumentada como recurso formativo en la educaci\'{o}n superior},
    author        = {Mart\'{\i}nez P\'{e}rez, Sandra and Fern\'{a}ndez Robles, B\'{a}rbara and Barroso Osuna, Julio},
    year          = {2021},
    month         = {2},
    journal       = {Campus Virtuales},
    volume        = {10},
    number        = {1},
    pages         = {9--19},
    issn          = {2255-1514},
    url           = {http://uajournals.com/ojs/index.php/campusvirtuales/article/view/644},
    urldate       = {2024-02-17},
}

@article{pacheco2022,
    title         = {Entornos virtuales en el aprendizaje cooperativo: una estrategia innovadora contempor\'{a}nea},
    author        = {Pacheco, Lemuel},
    year          = {2021},
    month         = {11},
    journal       = {Revista Innova Educaci\'{o}n},
    volume        = {4},
    number        = {1},
    pages         = {65--77},
    doi           = {10.35622/j.rie.2022.01.005},
    url           = {https://revistainnovaeducacion.com/index.php/rie/article/view/432},
    urldate       = {2024-02-19},
}

@article{quezadasarmiento2021,
    title         = {La Computaci\'{o}n en la Nube en el proceso formativoen Programaci\'{o}n Web},
    author        = {Quezada-Sarmiento, Pablo Alejandro and Su\'{a}rez-Guerrero, Crist\'{o}bal},
    year          = {2021},
    month         = {2},
    journal       = {Revista Ib\'{e}rica de Sistemas e Tecnologias de Informa\c{c}\~{a}o},
    number        = {42},
    pages         = {10--19},
    issn          = {1646-9895},
    url           = {https://dialnet.unirioja.es/servlet/articulo?codigo=8624548},
    urldate       = {2024-02-07},
}

@article{romerorodrigo2021,
    title         = {Luces, sombras y retos del profesorado entorno a la gamificaci\'{o}n apoyada en TIC: un estudio con maestros en formaci\'{o}n},
    author        = {Romero Rodrigo, Mercedes and L\'{o}pez Mar\'{\i}, Mar\'{\i}a},
    year          = {2021},
    month         = {4},
    journal       = {Revista Electr\'{o}nica Interuniversitaria de Formaci\'{o}n del Profesorado},
    volume        = {24},
    number        = {2},
    pages         = {167--179},
    doi           = {10.6018/reifop.470991},
    url           = {https://revistas.um.es/reifop/article/view/470991},
    urldate       = {2024-02-19},
}

@article{andrade2022,
    title         = {Aula invertida como metodolog\'{\i}a activa en Educaci\'{o}n Superior: Perspectivas de los estudiantes de Enfermer\'{\i}a},
    author        = {Hern\'{a}n Alonso Andrade-Encalada and Claudio Fernando Guevara-Vizca\'{\i}no},
    year          = {2022},
    month         = {8},
    journal       = {Polo del Conocimiento},
    volume        = {7},
    number        = {8},
    pages         = {2584--2607},
    doi           = {10.23857/pc.v7i8.4529},
    url           = {https://polodelconocimiento.com/ojs/index.php/es/article/view/4529},
    urldate       = {2024-02-21},
}

@article{blasco2022,
    title         = {Incorporaci\'{o}n de las TIC en la formaci\'{o}n inicial del profesorado mediante Flipped Classroom para potenciar la educaci\'{o}n inclusiva},
    author        = {Ana Cristina Blasco-Serrano and Irene Bitri\'{a}n Gonz\'{a}lez and Teresa Coma-Rosell\'{o}},
    year          = {2022},
    month         = {3},
    journal       = {Edutec. Revista Electr\'{o}nica De Tecnolog\'{\i}a Educativa},
    number        = {79},
    pages         = {9--29},
    doi           = {10.21556/edutec.2022.79.2393},
    url           = {https://doi.org/10.21556/edutec.2022.79.2393},
    urldate       = {2024-02-17},
}

@article{cabero2022,
    title         = {Desarrollando competencias digitales y emprendedoras en Pedagog\'{\i}a. Grado de aceptaci\'{o}n de una propuesta formativa},
    author        = {Julio Cabero-Almenara and Julio Barroso-Osuna and Juan Jos\'{e} Guti\'{e}rrez-Castillo and Antonio Palacios Rodr\'{\i}guez},
    year          = {2022},
    month         = {6},
    journal       = {{RiiTE} Revista Interuniversitaria de Investigaci\'{o}n en Tecnolog\'{\i}a Educativa},
    number        = {12},
    pages         = {49--63},
    doi           = {10.6018/riite.522441},
    url           = {https://doi.org/10.6018/riite.522441},
    urldate       = {2024-02-19},
    note          = {Disponible en: https://revistas.um.es/riite/article/view/522441},
}

@article{cuevas2022,
    title         = {Tecnolog\'{\i}a y educaci\'{o}n superior en tiempos de pandemia: revisi\'{o}n de la literatura},
    author        = {Cuevas Monzon\'{\i}s, Nuria and Gabarda M\'{e}ndez, Cristina and Rodr\'{\i}guez Mart\'{\i}n, Ana and C\'{\i}vico Ariza, Andrea},
    year          = {2022},
    month         = {3},
    journal       = {Hachetetep\'{e}. Revista Cient\'{\i}fica de Educaci\'{o}n y Comunicaci\'{o}n},
    number        = {24},
    pages         = {1105},
    doi           = {10.25267/Hachetetepe.2022.i24.1105},
}

@article{cupido2022,
    title         = {Uso de las redes sociales por el alumnado universitario de la Facultad de Educaci\'{o}n (Universidad de Extremadura)},
    author        = {Cupido, Alejandro and Su\'{a}rez, Bel\'{e}n},
    year          = {2022},
    month         = {12},
    journal       = {Innoeduca. International Journal of Technology and Educational Innovation},
    volume        = {8},
    number        = {2},
    pages         = {97--113},
    doi           = {10.24310/innoeduca.2022.v8i2.13719},
    url           = {https://doi.org/10.24310/innoeduca.2022.v8i2.13719},
    urldate       = {2024-02-19},
}

@article{garcia2022,
    title         = {Las TIC como estrategia de inclusi\'{o}n social. An\'{a}lisis de un itinerario de segunda oportunidad educativa},
    author        = {Garc\'{\i}a Aguilera, Francisco Jos\'{e} and Aguilar Cuenca, Diego},
    year          = {2022},
    month         = {6},
    volume        = {8},
    number        = {1},
    pages         = {121--134},
    doi           = {10.24310/innoeduca.2022.v8i1.11467},
    url           = {https://revistas.uma.es/index.php/innoeduca/article/view/11467},
    urldate       = {2024-02-17},
    journaltitle  = {Innoeduca. International Journal of Technology and Educational Innovation},
}

@article{juanllamas2022,
    title         = {Socrative como herramienta de mejora del proceso de ense\~{n}anza-aprendizaje en Educaci\'{o}n Superior},
    author        = {Juan-Llamas, Carmen and Viuda-Serrano, Alejandro},
    year          = {2022},
    month         = {2},
    journal       = {RIED. Revista Iberoamericana de Educaci\'{o}n a Distancia},
    volume        = {25},
    number        = {1},
    pages         = {279--297},
    doi           = {10.5944/ried.25.1.31182},
    url           = {https://www.redalyc.org/journal/3314/331469022017/331469022017.pdf},
    urldate       = {2024-02-19},
}

@article{lagossanmartin2022,
    title         = {Booktube como recurso pedag\'{o}gico para el aprendizaje en la Educaci\'{o}n Superior},
    author        = {Lagos-San Mart\'{\i}n, Nelly and L\'{o}pez-L\'{o}pez, Ver\'{o}nica},
    year          = {2022},
    month         = {6},
    journal       = {Revista Reflexi\'{o}n e Investigaci\'{o}n Educacional},
    volume        = {4},
    number        = {1},
    pages         = {158--165},
    doi           = {10.22320/reined.v4i1.5502},
    url           = {https://revistas.ubiobio.cl/index.php/REINED/article/view/5502},
    urldate       = {2024-02-19},
}

@article{lopezgomez2022,
    title         = {Contribuciones y efectos de los videojuegos en la atenci\'{o}n a la diversidad},
    author        = {L\'{o}pez-G\'{o}mez, Silvia and Rodr\'{\i}guez-Rodr\'{\i}guez, Jes\'{u}s and Vidal-Esteve, Mar\'{\i}a Isabel and Castro-Rodr\'{\i}guez, Mar\'{\i}a Montserrat},
    year          = {2022},
    month         = {10},
    journal       = {Revista Colombiana de Educaci\'{o}n},
    number        = {84},
    pages         = {1--25},
    doi           = {10.17227/rce.num84-12742},
    url           = {https://revistas.upn.edu.co/index.php/RCE/article/view/12742},
    urldate       = {2024-02-21},
    note          = {Disponible en: \url{ https://revistas.pedagogica.edu.co/index.php/RCE/article/view/12742}},
}

@article{nunez2022,
    title         = {La lectura de universitarios mediante las Tecnolog\'{\i}as de Informaci\'{o}n y Comunicaci\'{o}n y las competencias demandadas},
    author        = {N\'{u}\~{n}ez Flores, Mar\'{\i}a Isabel and Ram\'{\i}rez Mercado, Marcela del Roc\'{\i}o},
    year          = {2022},
    month         = {10},
    journal       = {Zincograf\'{\i}a},
    volume        = {6},
    number        = {12},
    pages         = {233--252},
    doi           = {10.32870/zcr.v6i12.180},
    url           = {https://www.scielo.org.mx/scielo.php?pid=S2448-84372022000200233\& script=sci\_abstract},
    urldate       = {2024-02-21},
}

@article{ramos2022,
    title         = {La influencia de las redes acad\'{e}micas en la formaci\'{o}n de las competencias profesionales},
    author        = {Ramos Mosquera, Bol\'{\i}var},
    year          = {2022},
    month         = {11},
    journal       = {Serie Cient\'{\i}fica De La Universidad De Las Ciencias Inform\'{a}ticas},
    volume        = {15},
    number        = {12},
    pages         = {29--40},
    url           = {https://publicaciones.uci.cu/index.php/serie/article/view/1217/1018},
    urldate       = {2024-02-19},
}

@article{rodrigo2022,
    title         = {Educaci\'{o}n literaria y competencia digital mediante metodolog\'{\i}as activas para la formaci\'{o}n de los futuros docentes},
    author        = {Rodrigo Segura, Francesc and Ibarra Rius, Noelia},
    year          = {2022},
    month         = {10},
    journal       = {Educatio Siglo XXI},
    volume        = {40},
    number        = {3},
    pages         = {37--60},
    doi           = {10.6018/educatio.486381},
    url           = {https://revistas.um.es/educatio/article/view/486381},
    urlcacessdate = {2024-02-23},
}

@article{soncco2022,
    title         = {Aprendizaje m\'{o}vil y las competencias del idioma ingl\'{e}s en la educaci\'{o}n superior},
    author        = {Soncco Salinas, Romualdo Bryan},
    year          = {2022},
    month         = {6},
    journal       = {Comuni\@cci\'{o}n: Revista de Investigaci\'{o}n en Comunicaci\'{o}n y Desarrollo},
    volume        = {13},
    number        = {2},
    pages         = {138--148},
    doi           = {10.33595/2226-1478.13.2.571},
    url           = {ttps://mail.comunicacionunap.com/index.php/rev/article/view/571},
    urldate       = {2024-01-31},
}

@article{villatoro2022,
    title         = {La inclusi\'{o}n del uso de itinerarios de aprendizaje en Educaci\'{o}n Superior},
    author        = {Villatoro Moral, Sofia and De-Benito Crosetti, B\'{a}rbara},
    year          = {2022},
    month         = {3},
    journal       = {Edutec. Revista Electr\'{o}nica De Tecnolog\'{\i}a Educativa},
    number        = {79},
    pages         = {95--113},
    doi           = {10.21556/edutec.2022.79.2365},
    url           = {https://www.edutec.es/revista/index.php/edutec-e/article/view/2365},
    urldate       = {2024-01-31},
}

@article{aguilar2023,
    title         = {El papel de la tecnolog\'{\i}a educativa en las ciencias sociales: an\'{a}lisis bibliom\'{e}trico},
    author        = {\'{A}ngel Ignacio Aguilar-Cuesta and Ernesto Colomo-Maga\~{n}a and Julio Ruiz-Palmero},
    year          = {2023},
    month         = {8},
    journal       = {Texto Livre},
    volume        = {17},
    number        = {1},
    pages         = {1--16},
    doi           = {10.1590/1983-3652.2024.46791},
    url           = {https://doi.org/10.1590/1983-3652.2024.46791},
    urldate       = {2024-02-19},
}

@article{area2023,
    title         = {HyFlex: Ense\~{n}ar y aprender de modo h\'{\i}brido y flexible en la educaci\'{o}n superior},
    author        = {Manuel Area-Moreira and Anabel Bethencourt-Aguilar and Sebasti\'{a}n Mart\'{\i}n-G\'{o}mez},
    year          = {2023},
    month         = {1},
    journal       = {{RIED} Revista Iberoamericana de Educaci\'{o}n a Distancia},
    volume        = {26},
    number        = {1},
    pages         = {141--161},
    doi           = {10.5944/ried.26.1.34023},
    url           = {https://doi.org/10.5944/ried.26.1.34023},
    urldate       = {2024-02-22},
}

@article{cabrera2023,
    title         = {Dise\~{n}o de una propuesta de autoevaluaci\'{o}n para el desarrollo de la autorregulaci\'{o}n en educaci\'{o}n superior},
    author        = {Nati Cabrera and Maite Fern\'{a}ndez-Ferrer and Marcelo Fabi\'{a}n and Albert Sangr\`{a}},
    year          = {2023},
    month         = {1},
    journal       = {{RIED} Revista Iberoamericana de Educaci\'{o}n a Distancia},
    volume        = {26},
    number        = {1},
    pages         = {223--244},
    doi           = {10.5944/ried.26.1.34028},
    url           = {https://doi.org/10.5944/ried.26.1.34028},
    urldate       = {2024-02-21},
    note          = {Disponible en: https://www.redalyc.org/journal/3314/331473090012/html/},
}

@article{collazo2023,
    title         = {Metodolog\'{\i}a para la gesti\'{o}n de los objetos de aprendizaje en la disciplina F\'{\i}sica},
    author        = {Yusnelys Collazo Mart\'{\i}nez and Meivys P\'{a}ez Paredes},
    year          = {2023},
    month         = {12},
    journal       = {Mendive. Revista de Educaci\'{o}n},
    volume        = {21},
    number        = {4},
    url           = {http://scielo.sld.cu/scielo.php?script=sci\_abstract\& pid=S1815-76962023000400011\&lng=es\&nrm=iso},
    urldate       = {2024-02-21},
    eid           = {e3594},
}

@article{colomo2023,
    title         = {An\'{a}lisis de la competencia digital de futuros profesionales de la educaci\'{o}n en tiempos de pandemia},
    author        = {Maga\~{n}a, Ernesto Colomo and M\'{e}ndez, Vicente Gabarda and Ariza, Andrea C\'{\i}vico and Monzon\'{\i}s, Nuria Cuevas},
    year          = {2023},
    month         = {8},
    journal       = {Educa\c{c}ao e Pesquisa},
    volume        = {49},
    doi           = {10.1590/S1678-4634202349267866esp},
    issn          = {1517-9702},
    url           = {https://doi.org/10.1590/S1678-4634202349267866esp},
    urldate       = {2024-01-31},
    note          = {Disponible en: https://www.revistas.usp.br/ep/article/view/216829/198353},
    eid           = {e267866},
}

@article{davila2023,
    title         = {Consideraciones sobre el uso de las TIC y la ense\~{n}anza de estad\'{\i}stica en el \'{a}mbito de la educaci\'{o}n superior},
    author        = {D\'{a}vila D\'{a}vila, Kerly Elizabeth and Far\'{\i}as Gons\'{a}lez, Mar\'{\i}a Jos\'{e} and Hurtado Gonz\'{a}lez, Jerling Samantha and Zambrano Cabrera, Christian Arturo},
    year          = {2023},
    month         = {7},
    volume        = {5},
    number        = {2},
    pages         = {159--170},
    doi           = {10.47606/ACVEN/PH0190},
    url           = {https://acvenisproh.com/revistas/index.php/prohominum/article/view/569},
    urldate       = {2024-02-13},
    journaltitle  = {Prohominum},
}

@article{diazramirez2023,
    title         = {Implementation of mobile learning strategies and their effect on English Language Teaching (ELT)},
    author        = {D\'{\i}az-Ram\'{\i}rez, Martha Isabel and Rodr\'{\i}guez-Silva, Katherin Johanna and Mendieta-Ram\'{\i}rez , Herberth Alfonso and Herre\~{n}o-Contreras , Yomaira Ang\'{e}lica},
    year          = {2023},
    month         = {4},
    volume        = {14},
    number        = {2},
    pages         = {25--48},
    doi           = {10.17981/cultedusoc.14.2.2023.02},
    url           = {https://revistascientificas.cuc.edu.co/culturaeducacionysociedad/article/view/4463},
    urldate       = {2024-02-13},
    journaltitle  = {Cultura, Educaci\'{o}n y Sociedad},
}

@article{fernandez2023,
    title         = {Designing and assessing virtual learning objects to foster english for specific purposes in higher education},
    author        = {Fern\'{a}ndez, William Fernando and Aguilar-Cruz, Paola Julie},
    year          = {2023},
    month         = {2},
    volume        = {6},
    number        = {11},
    pages         = {14--29},
    doi           = {10.34069/RA/2023.11.02},
    url           = {https://doi.org/10.34069/RA/2023.11.02},
    urldate       = {2024-02-13},
    journaltitle  = {Revista Cient\'{\i}fica Del Amazonas},
}

@article{fernandez2023b,
    title         = {Experiencia formativa sobre el uso de realidad aumentada con estudiantes del grado de Pedagog\'{\i}a},
    author        = {Fern\'{a}ndez Robles, B\'{a}rbara and Mart\'{\i}nez-P\'{e}rez, Sandra},
    year          = {2023},
    month         = {4},
    number        = {24},
    pages         = {119--140},
    doi           = {10.51302/tce.2023.2804},
    url           = {https://www.tecnologia-ciencia-educacion.com/index.php/TCE/article/view/2804},
    urldate       = {2024-02-15},
    journaltitle  = {Revista Tecnolog\'{\i}a, Ciencia Y Educaci\'{o}n},
}

@book{fernandezbatanero2023,
    title         = {Formaci\'{o}n del profesorado universitario en TIC como apoyo al alumnado con discapacidad},
    author        = {Fern\'{a}ndez-Batanero, Jos\'{e} Mar\'{\i}a and Reyes-Rebollo, Miguel Mar\'{\i}a},
    year          = {2023},
    location      = {Madrid},
    publisher     = {Dykinson},
    isbn          = {9788411225939},
    urldate       = {2024-01-19},
    edition       = {1},
}

@article{guerrero2023,
    title         = {Educaci\'{o}n a distancia en comunidades rurales: logros y retos en Educaci\'{o}n Superior},
    author        = {Posadas, Mart\'{\i}n Guerrero},
    year          = {2023},
    month         = {10},
    journal       = {Cadernos de Pesquisa},
    number        = {53},
    pages         = {e09860},
    doi           = {10.1590/198053149860},
    issn          = {0100-1574},
    url           = {https://www.scielo.br/j/cp/a/86LLVFSzXsJ4CMSjtB5f88g/},
    urldate       = {2024-02-19},
}

@article{hernandez2023,
    title         = {Tendencias actuales en los estudios sobre Competencia Digital en Educaci\'{o}n Primaria},
    author        = {Garc\'{\i}a, Mar\'{\i}a Rosa Hern\'{a}ndez and Aznar, Mar\'{\i}a Mercedes Mart\'{\i}nez},
    year          = {2023},
    month         = {7},
    journal       = {Profesorado, Revista De Curr\'{\i}culum Y Formaci\'{o}n Del Profesorado},
    volume        = {27},
    number        = {2},
    pages         = {23--44},
    doi           = {10.30827/profesorado.v27i2.21557},
    url           = {https://revistaseug.ugr.es/index.php/profesorado/article/view/21557},
    urldate       = {2024-02-13},
    note          = {Disponible en: \url{ https://revistaseug.ugr.es/index.php/profesorado/article/view/21557}},
}

@article{lopeznoguero2023,
    title         = {Smartphone como herramienta de ense\~{n}anza-aprendizaje en Educaci\'{o}n Superior en Nicaragua},
    author        = {L\'{o}pez-Noguero, Fernando and Romero-D\'{\i}az, Tonys and Gallardo-L\'{o}pez, Jos\'{e} Alberto},
    year          = {2023},
    month         = {1},
    journal       = {RIED-Revista Iberoamericana de Educaci\'{o}n a Distancia},
    volume        = {26},
    number        = {1},
    pages         = {307--330},
    doi           = {10.5944/ried.26.1.34016},
    url           = {https://www.redalyc.org/journal/3314/331473090016/html/},
    urldate       = {2024-02-23},
    note          = {Disponible en: \url{ https://www.redalyc.org/journal/3314/331473090016/html/}},
}

@article{marinsuelves2023,
    title         = {The Role of Technology in Physical Education Teaching in the Wake of the Pandemic},
    author        = {Mar\'{\i}n-Suelves, Diana and Ram\'{o}n-Llin, Jes\'{u}s and Gabarda, Vicente},
    year          = {2023},
    month         = {5},
    journal       = {Sustainability},
    volume        = {15},
    number        = {11},
    pages         = {8503},
    doi           = {10.3390/su15118503},
    issn          = {2071-1050},
    url           = {https://www.mdpi.com/2071-1050/15/11/8503},
    urldate       = {2024-02-13},
}

@article{marques2023,
    title         = {Desarrollo de Competencias en Experiencias de Aprendizaje-Servicio Remoto: Percepci\'{o}n de Futuros Docentes},
    author        = {Marqu\'{e}s, Mar\'{\i}a de la Luz and Angulo, Macarena},
    year          = {2023},
    month         = {5},
    journal       = {{RIDAS}, Revista Iberoamericana de Aprendizaje-Servicio},
    volume        = {15},
    pages         = {86--111},
    doi           = {10.1344/RIDAS2023.15.4},
    url           = {https://revistes.ub.edu/index.php/RIDAS/article/download/42785/39508/115670},
    urldate       = {2024-02-08},
}

@article{mas2023,
    title         = {Competencia digital en la formaci\'{o}n permanente del profesorado: an\'{a}lisis comparativo entre la Comunidad Valenciana y Galicia},
    author        = {Mas Garc\'{\i}a, Ver\'{o}nica and Peirats Chac\'{o}n, Jos\'{e} and Gabarda M\'{e}ndez, Vicente},
    year          = {2023},
    month         = {12},
    journal       = {Revista Espa\~{n}ola de Educaci\'{o}n Comparada},
    number        = {44},
    pages         = {305--323},
    doi           = {10.5944/reec.44.2024.37286},
    url           = {https://revistas.uned.es/index.php/REEC/article/view/37286},
    urldate       = {2024-02-19},
}

@article{mesarave2023,
    title         = {Escenarios colaborativos de ense\~{n}anza-aprendizaje mediados por tecnolog\'{\i}a para propiciar interacciones comunicativas en la educaci\'{o}n superior},
    author        = {Mesa-Rave, Natalia and G\'{o}mez, Alexandra and Arango-V\'{a}squez, Sanda Isabel},
    year          = {2023},
    month         = {7},
    journal       = {{RIED} Revista Iberoamericana de Educaci\'{o}n a Distancia},
    volume        = {26},
    number        = {2},
    pages         = {259--282},
    doi           = {10.5944/ried.26.2.36241},
    url           = {https://www.redalyc.org/journal/3314/331474781013/html/},
    urldate       = {2024-02-15},
}

@article{perez2023,
    title         = {Realidad virtual para ense\~{n}ar reanimaci\'{o}n cardiopulmonar en el Grado de Educaci\'{o}n Primaria. Estudio comparativo},
    author        = {P\'{e}rez Rubio, Mar\'{\i}a Trinidad and Gonz\'{a}lez Ortiz, Juan Jos\'{e} and L\'{o}pez Guardiola, Pablo and Alc\'{a}zar Artero, Petronila Mireia and Soto Castell\'{o}n, Mar\'{\i}a Bel\'{e}n and Ocampo Cervantes, Ana Bel\'{e}n and Pardo R\'{\i}os , Manuel},
    year          = {2023},
    month         = {7},
    journal       = {{RIED} Revista Iberoamericana de Educaci\'{o}n a Distancia},
    volume        = {26},
    number        = {2},
    pages         = {309--325},
    doi           = {10.5944/ried.26.2.36232},
    url           = {https://revistas.uned.es/index.php/ried/article/view/36232},
    urldate       = {2024-02-13},
}

@article{sáez-delgado_parra_jara-coatt_mella-norambuena_lópez-angulo_2023,
    title         = {Efectividad de las intervenciones con tecnolog\'{\i}as para promover la autorregulaci\'{o}n del aprendizaje en estudiantes universitarios: un metaan\'{a}lisis},
    author        = {S\'{a}ez-Delgado, Fabiola and Parra, Francisca and Jara-Coatt, Pilar and Mella-Norambuena, Javier and L\'{o}pez-Angulo, Yaranay},
    year          = {2023},
    month         = {8},
    journal       = {Texto Livre},
    publisher     = {Universidade Federal de Minas Gerais},
    volume        = {16},
    pages         = {e46636},
    doi           = {10.1590/1983-3652.2023.46636},
    issn          = {1983-3652},
    url           = {https://www.scielo.br/j/tl/a/xn6YHGW5nw7DczBtbBhrTHH/},
    urldate       = {2024-02-13},
}

@article{sanchezrivas2023,
    title         = {Percepci\'{o}n del alumnado universitario respecto al aprendizaje basado en proyectos con tecnolog\'{\i}a},
    author        = {S\'{a}nchez-Rivas, Enrique and Ramos-N\'{u}\~{n}ez, Manuel Fernando and Linde-Valenzuela, Teresa and S\'{a}nchez-Rodr\'{\i}guez, Jos\'{e}},
    year          = {2023},
    month         = {1},
    journal       = {Revista Electr\'{o}nica Interuniversitaria de Formaci\'{o}n del Profesorado},
    volume        = {26},
    number        = {1},
    pages         = {71--84},
    doi           = {10.6018/reifop.543281},
    url           = {https://revistas.um.es/reifop/article/view/543281},
    urldate       = {2024-02-07},
}

@article{sanchezsoto2023,
    title         = {El impacto psicoeducativo de la metodolog\'{\i}a Flipped Classroom en la Educaci\'{o}n Superior: una revisi\'{o}n te\'{o}rica sistem\'{a}tica},
    author        = {S\'{a}nchez Soto, Luc\'{\i}a and Garc\'{\i}a-Mart\'{\i}n, Judit},
    year          = {2023},
    month         = {7},
    journal       = {Revista Complutense de Educaci\'{o}n},
    volume        = {34},
    number        = {1},
    pages         = {217--229},
    doi           = {10.5209/rced.77299},
    url           = {https://revistas.ucm.es/index.php/RCED/article/view/77299},
    urldate       = {2024-02-19},
}

@article{fernandezcerero2024,
    title         = {Barreras a la implementaci\'{o}n de las TIC para apoyar a los estudiantes universitarios con discapacidad},
    author        = {Fern\'{a}ndez-Cerero, Jos\'{e} and Rom\'{a}n-Grav\'{a}n, Pedro},
    year          = {2024},
    month         = {1},
    volume        = {13},
    number        = {1},
    pages         = {117--128},
    doi           = {10.54988/cv.2024.1.1363},
    url           = {http://uajournals.com/ojs/index.php/campusvirtuales/index},
    urldate       = {2024-02-15},
    journaltitle  = {Campus virtuales},
}

@article{gonzalez-martinez2024,
    title         = {Impacto de una formaci\'{o}n intensiva en programaci\'{o}n en el desarrollo del Pensamiento Computacional en futuros/as maestros/as},
    author        = {Gonz\'{a}lez-Mart\'{\i}nez, Juan and Peracaula-Bosch, Marta and Meyerhofer-Parra, Rafel},
    year          = {2024},
    month         = {1},
    journal       = {RIED-Revista Iberoamericana de Educaci\'{o}n a Distancia},
    volume        = {27},
    number        = {1},
    pages         = {187--208},
    doi           = {10.5944/ried.27.1.37672},
    url           = {https://revistas.uned.es/index.php/ried/article/view/37672},
    urldate       = {2024-02-15},
    note          = {Disponible en: \url{ https://www.redalyc.org/journal/3314/331475280014/html/}},
}
