@article{acosta2019,
  author = {Rosalba {Acosta Corporan} and Antonio {Martín-García} and Azucena {Hernández Martín}},
  title = {Uso de las Metodologías de Aprendizaje Colaborativo con TIC: Un análisis desde las creencias del profesorado},
  journal = {Digital Education Review},
  volume = {35},
  year = {2019},
  pages = {309--323},
  address = {Barcelona},
  url = {https://revistes.ub.edu/index.php/der/article/view/22259}
}

@article{almazan2020,
  author = {Adrián {Almazán Gómez}},
  title = {Covid-19: ¿Punto Sin Retorno de la Digitalización de la Educación?},
  journal = {Revista Internacional de Educación para la Justicia Social},
  volume = {9},
  number = {3},
  year = {2020},
  pages = {1--4},
  url = {https://revistas.uam.es/riejs/article/view/12089}
}

@article{alonso2018,
  author = {Elieser Antonio {Alonso Leyva} and Iker {Muñoz Pérez} and {María del Carmen} {Quiñones Pantoja}},
  title = {Las nuevas tecnologías en la Educación Superior},
  journal = {EmásF, Revista Digital de Educación Física},
  number = {55},
  pages = {123--134},
  year = {2018},
  url = {https://dialnet.unirioja.es/servlet/articulo?codigo=6702836}
}

@article{beltran2020,
  author = {José {Beltrán Llavador} and Mar Venegas and Alícia {Villar-Aguilés} and Sergio {Andrés-Cabello} and Diana {Jareño-Ruiz} and Pablo {de-Gracia-Soriano}},
  title = {Educar en época de confinamiento: la tarea de renovar un mundo común},
  journal = {Revista de Sociolog{\'{\i}}a de la Educaci{\'{o}}n-{RASE}},
  volume = {13},
  number = {2},
  year = {2020},
  pages = {92--104},
  doi = {10.7203/rase.13.2.17187},
  url = {https://ojs.uv.es/index.php/RASE/article/view/17187/0}
}

@article{cabedo2017,
  author = {Alberto {Cabedo Mas} and María Elena {Riaño Galán} and Noemy {Berbel Gómez}},
  title = {UniTICarte: Redes Colaborativas para el desarrollo de proyectos creativos en la formación de Maestros en la Universidad},
  journal = {DEDiCA. Revista de Educação e Humanidades},
  number = {12},
  pages = {119--129},
  year = {2017},
  doi = {10.30827/dreh.v0i12.6784},
  url = {https://revistaseug.ugr.es/index.php/dedica/article/view/6784}
}

@article{CaberoAlmenara2019,
  doi = {10.30827/profesorado.v23i3.9421},
  url = {https://idus.us.es/handle/11441/89544},
  year = {2019},
  month = sep,
  publisher = {Editorial de la Universidad de Granada},
  volume = {23},
  number = {3},
  author = {Julio {Cabero Almenara} and Almudena {Martínez Gimeno}},
  title = {Las tecnologías de la información y comunicación y la formación inicial de los docentes: modelos y competencias digitales},
  journal = {Profesorado: Revista de Currículum y Formación de Profesorado}
}

@article{CaramsBeltrn2019,
  doi = {10.15366/didacticas2019.20.006},
  url = {https://revistas.uam.es/didacticasespecificas/article/view/didacticas2019.20.006},
  year = {2019},
  month = jun,
  publisher = {Servicio de Publicaciones de la Universidad Autonoma de Madrid},
  number = {20},
  pages = {93--117},
  author = {Iris Caram{\'{e}}s Beltr{\'{a}}n},
  title = {El uso didáctico y disciplinar de las tecnologías en la formación inicial de profesores},
  journal = {Did{\'{a}}cticas Espec{\'{\i}}ficas},
  address = {Madrid}
}

@article{CasalOtero2018,
  doi = {10.6018/riite/2018/334851},
  url = {https://revistas.um.es/riite/article/view/334851},
  year = {2018},
  number = {5},
  month = dec,
  publisher = {Servicio de Publicaciones de la Universidad de Murcia},
  pages = {22--39},
  author = {Lorena {Casal Otero} and Carmen {Fernández Morante} and Beatriz {Cebreiro López}},
  title = {La Competencia en {TIC} del profesorado no universitario},
  journal = {Revista Interuniversitaria de Investigación en Tecnología Educativa}
}

@article{casanova2016,
  author = {O. {Casanova López} and R. M. {Serrano Pastor}},
  title = {Internet, tecnología y aplicaciones para la educación musical universitaria del siglo XXI},
  journal = {REDU. Revista de Docencia Universitaria},
  address = {Valencia},
  volume = {14},
  number = {1},
  pages = {405--421},
  year = {2016},
  url = {https://polipapers.upv.es/index.php/REDU/article/view/5801/6365}
}

@article{castaneda2019,
  author = {Linda Castañeda},
  title = {Formación inicial del profesorado en el uso educativo de la tecnología, una propuesta curricular},
  journal = {Quaderns Digitals},
  number = {89},
  pages = {1--49},
  year = {2019},
  url = {http://www.quadernsdigitals.net/index.php?accionMenu=hemeroteca.VisualizaArticuloIU.visualiza&articulo_id=11517}
}

@article{castanon2012,
  author = {María del Rosario {Castañón Rodríguez} and Carlos E. Vivaracho},
  title = {Leemúsica: enseñanza del lenguaje musical en educación infantil (3 a 5 años) con apoyo de las tic},
  journal = {Neuma: Revista de Música y Docencia Musical},
  volume = {2},
  pages = {98--108},
  year = {2012},
  url = {https://dialnet.unirioja.es/servlet/articulo?codigo=4824044}
}

@misc{cer1994,
  author = {{The Conference of European Rectors} {CER}},
  title = {Carta Copernicus. The university charter for sustainable development},
  address = {Geneva: Unión Europea},
  year = {1994},
  url = {https://www.iau-hesd.net/sites/default/files/documents/copernicus.pdf},
  urldate = {2020-04-26}
}

@article{colasbravo2014,
  doi = {10.6018/j/210981},
  url = {https://revistas.um.es/educatio/article/view/210981},
  year = {2014},
  month = nov,
  publisher = {Servicio de Publicaciones de la Universidad de Murcia},
  volume = {32},
  number = {3},
  pages = {51--74},
  author = {Pilar {Colás-Bravo} and Guadalupe {Hernández Portero}},
  title = {Incidencia de la Formación del Profesorado en sus creencias sobre el valor de las {TIC} en la enseñanza de la Música},
  journal = {Educatio Siglo {XXI}}
}

@article{colasbravo2017,
  author = {Pilar {Colás-Bravo} and Guadalupe {Hernández Portero}},
  title = {Itinerarios formativos del profesorado de Música: sus percepciones sobre el valor didáctico de las TIC},
  journal = {Revista Fuentes},
  volume = {19},
  number = {1},
  year = {2017},
  pages = {39--56},
  doi = {10.12795/revistafuentes.2017.19.1.02},
  url = {https://revistascientificas.us.es/index.php/fuentes/article/view/3466/3338}
}

@article{ColsBravoBravo2019,
  doi = {10.3916/c61-2019-02},
  url = {https://www.revistacomunicar.com/ojs/index.php/comunicar/article/view/C61-2019-02},
  year = {2019},
  month = oct,
  publisher = {Grupo Comunicar},
  volume = {27},
  number = {61},
  pages = {21--32},
  author = {Pilar {Colás-Bravo} and Jesús {Conde-Jiménez} and Salvador {Reyes-de-Cózar}},
  title = {El desarrollo de la competencia digital docente desde un enfoque sociocultural},
  journal = {Comunicar}
}

@book{comenius1966,
  title = {Didáctica magna: Tratado da arte universal de ensinar tudo a todos},
  author = {Johann Amos Comenius},
  editor = {Joaquim Gomes Ferreira},
  year = {1966},
  address = {Lisboa},
  publisher = {Fundação Calouste Gulbenkian}
}

@misc{copernicus2011,
  author = {{COPERNICUS ALLIANCE}},
  title = {COPERNICUS CHARTA 2.0/2011, European Commitment to Higher Education for Sustainable Development},
  year = {2011},
  url = {https://www.copernicus-alliance.org/images/Downloads/COPERNICUSCharta_2.0.pdf},
  urldate = {2020-04-26}
}

@misc{copernicus2020b,
  author = {{COPERNICUS CAMPUS}},
  title = {COPERNICUS Guidelines for Sustainable Development in the European Higher Education Area. How to incorporate the principles of sustainable development into the Bologna Process},
  url = {http://www.unece.org/fileadmin/DAM/env/esd/information/COPERNICUS%20Guidelines.pdf},
  urldate = {2020-04-26}
}

@article{cozargutirrez2015,
  doi = {10.5209/rev_reciem.2015.v12.47752},
  url = {https://revistas.ucm.es/index.php/RECI/article/view/47752},
  year = {2015},
  month = dec,
  publisher = {Universidad Complutense de Madrid ({UCM})},
  volume = {12},
  number = {0},
  author = {Ramón {Cózar Gutiérrez} and María del Valle {De Moya Martínez} and José Antonio {Hernández Bravo} and Juan Rafael {Hernández Bravo}},
  title = {{TIC},  estilos de aprendizaje y competencia musical en los estudios de grado de Maestro},
  journal = {Revista Electrónica Complutense de Investigación en Educación Musical - {RECIEM}}
}

@misc{crue2005,
  author = {{CRUE}},
  title = {Conferencia de Rectores de las Universidades Españolas. Directrices para la introducción de la Sostenibilidad en el Currículum},
  year = {2005},
  url = {https://www.crue.org/Documentos%20compartidos/Declaraciones/Directrices_Sosteniblidad_Crue2012.pdf},
  urldate = {2020-04-26}
}

@article{dezlatorre2018,
  doi = {10.7203/leeme.42.13067},
  url = {https://ojs.uv.es/index.php/LEEME/article/view/13067},
  year = {2018},
  month = dec,
  publisher = {Universitat de Valencia},
  volume = {2},
  number = {42},
  author = {Nuria {Díez Latorre}},
  title = {La formación en {TIC} de los pedagogos de música. Análisis de la situación en las Enseñanzas Superiores de Música},
  journal = {Revista Electrónica de {LEEME}}
}

@article{dezlatorre2018,
  doi = {10.6018/riite/2018/342681},
  url = {https://revistas.um.es/riite/article/view/342681},
  year = {2018},
  month = dec,
  publisher = {Servicio de Publicaciones de la Universidad de Murcia},
  pages = {40--55},
  author = {Nuria {Díez Latorre} and Xavier {Carrera Farran}},
  title = {Integración de las {TIC} en los procesos de enseñanza-aprendizaje de la especialidad de Pedagogía en los conservatorios superiores de música},
  journal = {Revista Interuniversitaria de Investigación en Tecnología Educativa}
}

@book{edwards2013,
  title={What is Qualitative Interviewing?},
  author={Rosalind Edwards and Janet Holland},
  isbn={9781849668026},
  series={The 'What is?' Research Methods Series},
  year={2013},
  address = {London/New York},
  publisher={Bloomsbury Publishing}
}

@article{escudero2018,
  author = {Juan-Manuel Escudero and Begoña Martínez-Domínguez and José-Miguel Nieto},
  title = {Las TIC en la formación continua del profesorado en el contexto español},
  journal = {Revista de Educación},
  address = {Madrid},
  volume = {382}, 
  pages = {57--80},
  year = {2018}
}

@article{espana2013,
  author = {Carolina {España Chavarría}, Alba {Canales García}},
  title = {La utilidad de las TIC para la promoción de aprendizajes en la educación superior},
  journal = {Teoría de la Educación. Educación y Cultura en la Sociedad de la Información},
  volume = {14},
  number = {1},
  year = {2013},
  pages = {189--227},
  address = {Salamanca},
  url = {https://www.redalyc.org/pdf/2010/201025739010.pdf}
}

@article{espigares2018,
  doi = {10.6018/j/350051},
  url = {https://revistas.um.es/educatio/article/view/350051},
  year = {2018},
  month = nov,
  publisher = {Servicio de Publicaciones de la Universidad de Murcia},
  volume = {36},
  number = {3 Noviembr},
  pages = {377--396},
  author = {Manuel Jesús {Espigares Pinazo} and José Manuel {Bautista Vallejo}},
  title = {Evaluación de objetos digitales de aprendizaje musical en Moodle},
  journal = {Educatio Siglo {XXI}}
}

@book{fabre2006,
  author = {Michel Fabre},
  title = {Penser la formation},
  address = {Paris},
  publisher = {{PUF}},
  year = {2006}
}

@article{feitoAlonso2020,
  doi = {10.7203/rase.13.2.17130},
  url = {https://ojs.uv.es/index.php/RASE/article/view/17130},
  year = {2020},
  month = apr,
  publisher = {Universitat de Valencia},
  volume = {13},
  number = {2},
  pages = {156},
  author = {Rafael Feito Alonso},
  title = {Este es el fin de la escuela tal y como la conocemos. Unas reflexiones en tiempo de confinamiento.},
  journal = {Revista de Sociología de la Educación-{RASE}}
}

@article{fernandes2018,
  author = {Joana Lobo Fernandes},
  title = {Desafios e oportunidades para a comunicação das organizações nos Objetivos de Desenvolvimento Sustentável},
  journal = {Dedica. Revista de Educação e Humanidades},
  number = {14},
  year = {2018},
  pages = {103-117},
  address = {Granada}
}

@book{freire1998,
  author = {Paulo Freire},
  title = {Educação e mudança},
  edition = {22},
  address = {Rio de Janeiro},
  publisher = {Editora Paz e Terra},
  year = {1998}
}

@article{galera2011,
  author = {María del Mar {Galera Núñez} and José {Mendoza Ponce}},
  title = {Tecnología Musical y Creatividad: Una experiencia en la formación de maestros},
  journal = {Revista Electrónica de LEEME},
  address = {Valencia},
  volume = {28}, 
  number = {2},
  pages = {24--36},
  year = {2011}
}

@article{gallego2009,
  author = {Domingo J. Gallego and María Luz Cacheiro and José {Dulac Ibergallartu}},
  title = {La pizarra digital interactiva como recurso docente},
  journal = {Teoría de la Educación. Educación y Cultura en la Sociedad de la Información},
  address = {Salamanca},
  volume = {10}, 
  number = {2}, 
  pages = {153--178}, 
  year = {2009},
  url = {https://revistas.usal.es/index.php/eks/article/view/7512},
  doi = {10.14201/eks.7512}
}

@article{garridomiranda2018,
  doi = {10.4067/s0718-07052018000300253},
  url = {http://revistas.uach.cl/index.php/estped/article/view/4232},
  year = {2018},
  month = dec,
  publisher = {{SciELO} Agencia Nacional de Investigacion y Desarrollo ({ANID})},
  volume = {44},
  number = {3},
  pages = {253--269},
  author = {José Miguel {Garrido-Miranda}},
  title = {Intención y práctica con {TIC} en formadores de profesores: Congruencias,  colisiones y autoeficacia},
  journal = {Estudios pedagógicos (Valdivia)}
}

@article{gomezcantero2005,
  author = {José Andrés {Gómez Cantero}},
  title = {Educación y creatividad},
  journal = {Estudios Sobre Educación},
  number = {9},
  year = {2005},
  pages = {79--105},
  address = {Pamplona},
  url = {https://revistas.unav.edu/index.php/estudios-sobre-educacion/article/view/25575}
}

@article{gomezgerdel2020,
  author = {Maria de los Ángeles {Gómez Gerdel}},
  title = {El Cerebro Pleno del Niño/a: La Labor de un/a Maestro/a de Educación Inclusiva con las Familias en Tiempos de Confinamiento. Una Reflexión Educativa},
  journal = {Revista Internacional de Educación para la Justicia Social},
  volume = {9},
  number = {3},
  year = {2020},
  pages = {1--10},
  url = {https://revistas.uam.es/riejs/article/view/12095}
}

@book{goodson2016,
  title={The Routledge International Handbook on Narrative and Life History},
  author={Ivor Goodson and Ari Antikainen and Pat Sikes and Molly Andrews},
  isbn={9781317665717},
  series={Routledge International Handbooks of Education},
  year={2016},
  publisher={Routledge, Taylor \& Francis}
}

@misc{hepp2002,
  author = {Pedro Hepp},
  title = {Diez claves de la Educación Musical y las TICs},
  publisher = {Educar Chile},
  year = {2002},
  url = {http://www.educarchile.cl/ntg/docente/1556/article-75137.html},
  urldate = {2020-05-13}
}

@book{huhn2009,
  editor = {Peter Hühn and John Pier and Wolf Schmid and Jörg Schönert},
  title = {The Living Handbook of Narratology},
  address = {Hamburg},
  year = {2009},
  publisher = {Walter de Gruyter},
  url = {http://www.lhn.uni-hamburg.de},
  urldate = {2020-04-26}
}

@article{jimenez2020,
  author = {Juan Carlos Jiménez},
  title = {Polémicas Educativas en Confinamiento},
  journal = {Revista Internacional de Educación para la Justicia Social},
  volume = {9},
  number = {3},
  year = {2020},
  pages = {1--5},
  url = {https://revistas.uam.es/riejs/article/view/12084}
}

@article{lago2012,
  author = {Pilar {Lago Castro} and Luis Ponce {de León Barranco}},
  title = {Creatividad y Tecnología en la Orientación de Nuestros Futuros Músicos},
  journal = {{REICE}, Revista Iberoamericana sobre Calidad, Eficacia y Cambio en Educación},
  volume = {10},
  number = {2},
  year = {2012},
  pages = {136--147},
  url = {https://revistas.uam.es/reice/article/view/3060}
}

@article{landinmiranda2019,
  doi = {10.18800/educacion.201901.011},
  url = {https://doi.org/10.18800/educacion.201901.011},
  year = {2019},
  publisher = {Sistema de Bibliotecas {PUCP}},
  volume = {28},
  number = {54},
  pages = {227--242},
  author = {Ma. del Rosario {Landín Miranda} and Sandra Ivonne {Sánchez Trejo}},
  title = {El método biográfico-narrativo. Una herramienta para la investigación educativa},
  journal = {Educación}
}

@article{lopes2018,
  doi = {10.6018/j/349991},
  url = {https://doi.org/10.6018/j/349991},
  year = {2018},
  month = nov,
  publisher = {Servicio de Publicaciones de la Universidad de Murcia},
  volume = {36},
  number = {3 Noviembr},
  pages = {255--274},
  author = {Natália Lopes and Anabela Gomes},
  title = {Experimentar con {TIC} en la formación inicial de profesores},
  journal = {Educatio Siglo {XXI}}
}

@article{loresgomez2019,
  doi = {10.30827/profesorado.v23i4.11720},
  url = {https://revistaseug.ugr.es/index.php/profesorado/article/view/11720},
  year = {2019},
  month = dec,
  publisher = {Editorial de la Universidad de Granada},
  volume = {23},
  number = {4},
  author = {Beatriz {Lores Gómez} and Paula {Sánchez Thevenet} and María Rosario {García Bellido}},
  title = {La formación de la competencia digital en los docentes},
  journal = {Profesorado, Revista de Currículum y Formación del Profesorado}
}

@misc{marques2004,
  author = {Pere {Marqués Graells}},
  title = {Metodología Didáctica y TIC en la enseñanza universitaria},
  year = {2004},
  url = {http://dewey.uab.es/PMARQUES/caceres.html},
  urldate = {2020-05-13} 
}

@article{martin1992,
  author = {Josefina {Martín Luis}},
  title = {Música, enseñanza y ordenadores},
  journal = {Revista interuniversitaria de formación del profesorado},
  volume = {13},
  pages = {67--85},
  year = {1992}
}

@article{martinpinol2016,
  doi = {10.6018/280571},
  url = {https://revistas.um.es/reapi/article/view/280571},
  year = {2016},
  month = dec,
  publisher = {Servicio de Publicaciones de la Universidad de Murcia},
  volume = {14},
  number = {14},
  pages = {79--95},
  author = {Carolina Martín-Piñol and Diego Calderón-Garrido and Josep Gustems-Carnicer},
  title = {Interdisciplinariedad y tecnología en la educación artística desde la experiencia creativa},
  journal = {Arte y Políticas de Identidad}
}

@article{padillahernndez2020,
  doi = {10.5565/rev/educar.1088},
  url = {https://educar.uab.cat/article/viewFile/v56-n1-padilla-gamiz-romero/1088-pdf-es},
  year = {2020},
  month = jan,
  publisher = {Universitat Autonoma de Barcelona},
  volume = {56},
  number = {1},
  pages = {109--127},
  author = {Angelina Lorelí Padilla-Hernández and Vanesa M.{\textordfeminine} Gámiz-Sánchez and M.{\textordfeminine} Asunción Romero-López},
  title = {Evolución de la competencia digital docente del profesorado universitario: incidentes críticos a partir de relatos de vida},
  journal = {Educar}
}

@article{padula2016,
  author = {Jorge Eduardo {Padula Perkins}},
  title = {La mediación creativa. El autor y el compositor de música en el mundo de las TIC},
  journal = {Revista Mexicana de Comunicación},
  volume = {1},
  number = {139},
  year = {2016},
  pages = {25--29},
  address = {Méjico D.C.}
}

@article{palaumartn2019,
  doi = {10.7203/leeme.44.15709},
  url = {https://ojs.uv.es/index.php/LEEME/article/view/15709},
  year = {2019},
  month = dec,
  publisher = {Universitat de Valencia},
  number = {44},
  pages = {24},
  author = {Ramon Félix Palau Martín and Mireia Usart and María José Ucar Carnicero},
  title = {La competencia digital de los docentes de los conservatorios. Estudio de autopercepción en España},
  journal = {Revista Electrónica de {LEEME}}
}

@InProceedings{palazonherrera2016,
  author = {José Palazón-Herrera},
  title = {Una aproximación al uso y competencia tecnológica del profesorado de música de Educación Secundaria},
  booktitle = {Psicología y educación: Presente y futuro},
  pages = {885--892},
  year = {2016},
  editor = {Juan Luis {Castejón Costa}},
  address = {Madrid},
  organization = {Asociación Científica de Psicología y Educación (ACIPE)}
}

@article{perezdiaz2019,
  doi = {10.14201/aula201925223239},
  url = {https://revistas.usal.es/index.php/0214-3402/article/view/aula201925223239},
  year = {2019},
  month = aug,
  publisher = {Ediciones Universidad de Salamanca},
  volume = {25},
  number = {0},
  pages = {223},
  author = {Roselina {Pérez Díaz}},
  title = {Percepciones actitudinales hacia la competencia digital docente del profesorado universitario formador de maestros en Rep. Dominicana},
  journal = {Aula}
}

@misc{resolucion2020,
  author = {{Gobierno de España}},
  title = {Resolución 7775 de 2 de julio de 2020, de la Dirección General de Evaluación y Cooperación Territorial, por la que se publica el Acuerdo de la Conferencia Sectorial de Educación sobre el marco de referencia de la competencia digital docente},
  howpublished = {Boletín Oficial del Estado, 191 (lunes 13 de julio de 2020), p. 50638-50668},
  year = {2020},
  url = {https://www.boe.es/eli/es/res/2020/07/02/(2)},
  urldate = {2020-08-12}
}

@book{ramos2018,
  author = {Fernando José {Sadio Ramos}},
  title = {Intersubjetividad y eticidad en biografías educativas de profesores},
  volume = {1 \& 2},
  address = {Riga},
  publisher = {Editorial Académica Española},
  year = {2018}
}

@book{reboul1982,
  author = {Olivier Reboul},
  title = {O que é aprender?},
  address = {Coimbra},
  publisher = {Livraria Almedina},
  year = {1982}
}

@inbook{rodriguez2019,
   title = {La competencia digital de los futuros docentes. Formación y desarrollo en Educación Superior},
   author = {Carmen {Rodríguez Jiménez} and José María {Romero Rodríguez} and María Natalia {Campos Soto}},
   booktitle = {Investigación e innovación en la Enseñanza Superior. Nuevos contextos, nuevas ideas},
   editor = {Rosabel Roig Vila},
   editortype = {Org.},
   publisher = {Octaedro},
   pages = {1032--1042},
   address = {Barcelona},
   year = {2019}
}

@article{rodrguezcorrea2017,
  doi = {10.18172/con.2966},
  url = {https://publicaciones.unirioja.es/ojs/index.php/contextos/article/view/2966},
  year = {2017},
  month = may,
  publisher = {Universidad de la Rioja},
  pages = {65},
  author = {Marisol Rodríguez Correa and Juan Carlos Rivadulla López},
  title = {La formación del profesorado y alumnado universitario en el uso de {TIC} y Moodle},
  journal = {Contextos Educativos. Revista de Educación}
}

@article{rodriguezdelrincon2020,
  author = {Paz {Rodríguez del Rincón}},
  title = {Alumnos de Necesidades Educativas Especiales, en Casa por el Covid-19. Experiencias que nos Descubren Vidas},
  journal = {Revista Internacional De Educación Para La Justicia Social},
  volume = {9},
  number = {3},
  year = {2020},
  pages = {1--13},
  url = {https://revistas.uam.es/riejs/article/view/12092}
}

@article{sadioramos2020,
  doi = {10.6018/reifop.422891},
  url = {https://revistas.um.es/reifop/article/view/422891},
  year = {2020},
  month = apr,
  publisher = {Servicio de Publicaciones de la Universidad de Murcia},
  volume = {23},
  number = {2},
  author = {Fernando José {Sadio Ramos} and María Angustias {Ortiz Molina} and {María del Mar} {Bernabé-Villodre}},
  title = {La formación del profesorado de Música para potenciar la creatividad desde la utilización de las {TIC}: una experiencia biográfica},
  journal = {Revista Electrónica Interuniversitaria de Formación del Profesorado}
}

@article{rodriguez2012,
  author = {Z. J. Rodríguez and B. {Guzmán de Castro}},
  title = {Competencias en el uso de las TIC en profesores de la especialidad de educación musical del Instituto Pedagógico José Manuel Siso Martínez},
  journal = {Revista de Investigació},
  address = {Caracas},
  volume = {76},
  number = {36},
  pages = {35--55},
  year = {2012}
}

@article{rogerogarcia2020,
  doi = {10.7203/rase.13.2.17126},
  url = {https://ojs.uv.es/index.php/RASE/article/view/17126},
  year = {2020},
  month = apr,
  publisher = {Universitat de Valencia},
  volume = {13},
  number = {2},
  pages = {174},
  author = {Jesús {Rogero-García}},
  title = {La ficción de educar a distancia},
  journal = {Revista de Sociología de la Educación-{RASE}}
}


@article{roldan2016,
  author = {Gonzalo {Roldán Herencia}},
  title = {Educación musical de adultos en la Universidad de Granada y alfabetización digital},
  journal = {Opción},
  number = {12},
  year = {2016},
  pages = {460--475},
  url = {https://produccioncientificaluz.org/index.php/opcion/article/view/22058}
}

@article{romero2004,
  author = {Juan Bautista {Romero Carmona}},
  title = {Las nuevas tecnologías y la expresión musical, otros lenguajes en la educación},
  journal = {Comunicar},
  address = {Huelva},
  number = {23},
  year = {2004},
  pages = {25--30}
}

@article{romeroMartn2017,
  doi = {10.3916/c52-2017-07},
  url = {https://www.revistacomunicar.com/verpdf.php?numero=52&articulo=52-2017-07},
  year = {2017},
  month = jul,
  publisher = {Grupo Comunicar},
  volume = {25},
  number = {52},
  pages = {73--82},
  author = {Rosario Romero-Martín and Francisco-Javier Castejón-Oliva and Víctor-Manuel López-Pastor and Antonio Fraile-Aranda},
  title = {Formative assessment, communication skills and {ICT} in Initial teacher education},
  journal = {Comunicar}
}

@article{sadoRamos2020,
  doi = {10.6018/reifop.422891},
  url = {https://revistas.um.es/reifop/article/view/422891},
  year = {2020},
  month = apr,
  publisher = {Servicio de Publicaciones de la Universidad de Murcia},
  volume = {23},
  number = {2},
  author = {Fernando José {Sadio Ramos} and María Angustias {Ortiz Molina} and {María del Mar} {Bernabé-Villodre}},
  title = {La formación del profesorado de Música para potenciar la creatividad desde la utilización de las {TIC}: una experiencia biográfica},
  journal = {Revista Electrónica Interuniversitaria de Formación del Profesorado}
}

@article{sanchezmendila2020,
  author = {Melchor {Sánchez Mendiola} and Ana María del Pilar {Martínez Hernández} and Ruth {Torres Carrasco} and María de las Mercedes {de Agüero Servín} and Alan Kristián {Hernández Romo} and Mario Alberto {Benavides Lara} and Carlos Alberto {Jaimes Vergara} and Víctor Jesús {Rendón Cazales}},
  title = {Retos educativos durante la pandemia de COVID-19: una encuesta a profesores de la UNAM},
  journal = {Revista Digital Universitaria},
  volume = {21}, 
  number = {3},
  year = {2020},
  pages = {1--24},
  url = {https://www.revista.unam.mx/prensa/retos-educativos-durante-la-pandemia-de-covid-19-una-encuesta-a-profesores-de-la-unam/}
}

@article{tejadaGimnez2004,
  doi = {10.5944/educxx1.0.7.327},
  url = {http://revistas.uned.es/index.php/educacionXX1/article/view/327},
  year = {2004},
  month = jan,
  publisher = {{UNED} - Universidad Nacional de Educacion a Distancia},
  volume = {7},
  number = {1},
  author = {Jesús {Tejada Giménez}},
  title = {Música y mediación de la tecnología en sus procesos de aprendizaje},
  journal = {Educación {XX}1}
}

@article{torres2017,
  author = {Luis Carlos {Torres Soler}},
  title = {Creatividad artificial},
  journal = {Revista de Tecnología},
  volume = {16},
  number = {2},
  year = {2017},
  address = {Bogotá D.C.},
  pages = {18--26}
}

@article{tourinan2018,
  author = {Laura {Touriñán Morandeira}},
  title = {Música, educación y nuevas tecnologías: fundamentos pedagógicos de la relación. Educación “por” la música en la formación adulta universitaria a través de las TIC},
  journal = {Boletín Redipe},
  volume = {7},
  number = {7},
  year = {2018},
  pages = {39--77},
  address = {Cali},
  url = {https://revista.redipe.org/index.php/1/article/view/522}
}

@article{trujillo2020,
  author = {Fernando {Trujillo Sáez} and Manuel {Fernández Navas} and Adrián {Segura Robles} and Manuel {Jiménez López}},
  title = {Escenarios de evaluación en el contexto de la pandemia por la COVID-19: la opinión del profesorado},
  journal = {SantillanaLAB},
  address = {Madrid},
  year = {2020}
}

@article{vaquer2012,
  author = {Andreu {Vaquer Aracil} and María Isabel {Vera Muñoz}},
  title = {El profesorado de música y el uso del software libre},
  journal = {Revista Estudios},
  number = {25},
  year = {2012},
  pages = {311--326},
  url = {https://revistas.ucr.ac.cr/index.php/estudios/article/view/2729}
}

@article{vargas,
  author = {Esther {Vargas Gil} and Felipe {Gértrudix Barrio} and Manuel {Gértrudix Barrio}},
  title = {Los procesos colaborativos de la composición musical on line. El caso de la plataforma “poliedro”},
  journal = {Revista Electrónica de Investigación, Docencia y Creatividad},
  address = {Granada}, 
  number = {4}, 
  pages = {20--37},
  year = {2015}
}

@article{vecina2006,
  author = {María Luisa {Vecina Jiménez}},
  title = {Creatividad},
  journal = {Papeles del psicólogo},
  address = {Madrid},
  volume = {27},
  number = {1},
  pages = {31--39},
  year = {2006}
}

@article{villafuerte2020,
  author = {Jhonny Villafuerte and Johanna Alexandra Bello and  Yisela {Pantaleón Cevallos} and Jinsop Omar {Bermello Vidal}},
  title = {Rol de los docentes ante la crisis del COVID-19, una mirada desde el enfoque humano. Rol de los docentes ante la crisis del COVID-19},
  journal = {Revista Electrónica Formación y Calidad Educativa (REFCalE)},
  volume = {8}, 
  number = {1}, 
  pages = {134--150}, 
  year = {2020},
  url = {http://www.refcale.uleam.edu.ec/index.php/refcale/article/view/3214}
}
 
