@book{Bloom1956,
    title         = {Taxonomy of Educational Objectives, Handbook I: The Cognitive Domain},
    author        = {Bloom, B. S.},
    year          = {1956},
    publisher     = {David McKay Co Inc},
    address       = {New York},
}

@book{Denzin1978,
    title         = {The Research Act: A Theoretical Introduction to Sociological Methods},
    author        = {Denzin, N. K.},
    year          = {1978},
    publisher     = {McGraw-Hill},
}

@article{Lynn1986,
    title         = {Determination and Quantification of Content Validity},
    author        = {Lynn, M. R.},
    year          = {1986},
    journal       = {Nursing Research},
    volume        = {35},
    number        = {6},
    pages         = {382--385},
}

@inbook{Messick1989,
    title         = {Validity},
    author        = {Messick, S.},
    year          = {1989},
    booktitle     = {Educational Measurement},
    publisher     = {American Council on Education/Macmillan},
    pages         = {13--103},
    editor        = {Linn, R. L.},
    edition       = {3rd},
}

@book{Popham1990,
    title         = {Educational Evaluation},
    author        = {Popham, W. J.},
    year          = {1990},
    publisher     = {Allyn and Bacon},
    address       = {Boston, MA},
}

@book{Tristan1998,
    title         = {An\'{a}lisis de Rasch para todos. Una gu\'{\i}a Simplificada para evaluadores educativos},
    author        = {L\'{o}pez, A. T.},
    year          = {1998},
    publisher     = {Instituto de Evaluaci\'{o}n e Ingenier\'{\i}a Avanzada},
    isbn          = {9709225103, 9789709225105},
}

@book{Anderson2001,
    title         = {A Taxonomy for Learning, Teaching and Assessing: a Revision of Bloom's Taxonomy of Educational Objectives},
    year          = {2001},
    publisher     = {Longman},
    editor        = {Anderson, L.W. and Krathwohl, D.},
}

@article{Kane2006,
    title         = {Current Concerns in Validity Theory},
    author        = {Kane, M. T.},
    year          = {2001},
    journal       = {Journal of Educational Measurement},
    volume        = {38},
    number        = {4},
    pages         = {319--342},
    doi           = {10.1111/j.1745-3984.2001.tb01130.x},
}

@book{Stiggins2001,
    title         = {Student-involved classroom assessment},
    author        = {Stiggins, R. J.},
    year          = {2001},
    publisher     = {Prentice Hall},
}

@article{Haladyna2002,
    title         = {A review of multiple-choice item-writing guidelines for classroom assessment},
    author        = {Haladyna, T. M. and Downing, S. M. and Rodr\'{\i}guez, M. C.},
    year          = {2002},
    journal       = {Applied Measurement in Education},
    volume        = {15},
    number        = {3},
    pages         = {309--333},
    doi           = {10.1207/S15324818AME1503\_5},
}

@article{Downing2003,
    title         = {Validity: On the meaningful interpretation of assessment data},
    author        = {Downing, S. M.},
    year          = {2003},
    journal       = {Medical Education},
    volume        = {37},
    number        = {9},
    pages         = {830--837},
    doi           = {10.1046/j.1365-2923.2003.01594.x},
}

@book{Haladyna2004,
    title         = {Developing and Validating Multiple-choice Test Items},
    author        = {Haladyna, T. M.},
    year          = {2004},
    publisher     = {Lawrence Erlbaum Associates},
    addpress      = {Mahwah},
}

@article{Hayes2007,
    title         = {Answering the call for a standard reliability measure for coding data},
    author        = {Hayes, A. F. and Krippendorff, K.},
    year          = {2007},
    journal       = {Communication Methods and Measures},
    volume        = {1},
    number        = {1},
    pages         = {77--89},
}

@book{Nitko2011,
    title         = {Educational Assessment of Students},
    author        = {Nitko, A. J. and Brookhart, S. M.},
    year          = {2011},
    publisher     = {Pearson},
    address       = {Boston, MA},
}

@book{Howell2012,
    title         = {Statistical methods for psychology},
    author        = {Howell, D. C.},
    year          = {2012},
    publisher     = {Cengage Learning},
    address       = {Wadsworth, NY},
}

@article{McHugh2012,
    title         = {Interrater reliability: the kappa statistic},
    author        = {McHugh, M. L.},
    year          = {2012},
    journal       = {Biochemia Medica},
    volume        = {22},
    number        = {3},
    pages         = {276--282},
}

@book{Field2013,
    title         = {Discovering statistics using IBM SPSS statistics},
    author        = {Field, A.},
    year          = {2013},
    publisher     = {Sage},
    edition       = {4th},
}

@article{Kane2013,
    title         = {Validating the interpretations and Uses of Test Scores},
    author        = {Kane, M. T.},
    year          = {2013},
    journal       = {Journal of Educational Measurement},
    volume        = {50},
    number        = {1},
    pages         = {1--73},
    doi           = {10.1111/jedm.12000},
}

@book{AERA2014,
    title         = {Standards for Educational and Psychological Testing},
    author        = {{American Educational Research Association}, {American Psychological Association} and {National Council on Measurement in Education}},
    year          = {2014},
    publisher     = {American Educational Research Association},
    shortauthor   = {AERA and APA and NCME},
}

@article{Galicia2017,
    title         = {Validez de contenido por juicio de expertos: propuesta de una herramienta virtual},
    author        = {Galicia Alarc\'{o}n, Liliana Aid\'{e} and others},
    year          = {2017},
    journal       = {Apertura},
    volume        = {9},
    number        = {2},
    pages         = {42--53},
    doi           = {10.32870/Ap.v9n2.993},
}

@book{Chapelle2021,
    title         = {Argument-based validation in testing and assessment},
    author        = {Chapelle, C. A.},
    year          = {2021},
    publisher     = {SAGE Publications},
}

@article{Sadiku2021,
    title         = {Artificial Intelligence in Education},
    author        = {Sadiku, M. N. O. and others},
    year          = {2021},
    journal       = {International Journal of Scientific Advances},
    volume        = {2},
    number        = {1},
    howpublished  = {\url{www.ijscia.com}},
}

@article{Chomsky2023,
    title         = {Noam Chomsky: The False Promise of ChatGPT},
    author        = {Chomsky, N. and Roberts, I. and Watumull, J.},
    year          = {2023},
    month         = {3},
    journal       = {The New York Times},
    url           = {https://www.nytimes.com/2023/03/08/opinion/noam-chomsky-chatgpt-ai.html},
}

@article{Dimitriadou2023,
    title         = {A critical evaluation, challenges, and future perspectives of using artificial intelligence and emerging technologies in smart classrooms},
    author        = {Dimitriadou, E. and Lanitis, A.},
    year          = {2023},
    journal       = {Smart Learning Environments},
    volume        = {10},
    number        = {12},
    doi           = {10.1186/s40561-023-00231-3},
}

@article{Hosseini2023,
    title         = {Using AI to write scholarly publications},
    author        = {Hosseini, M. and Rasmussen, L. M. and Resnik, D. B.},
    year          = {2023},
    journal       = {Accountability in Research},
    pages         = {1--9},
    doi           = {10.1080/08989621.2023.2168535},
}

@article{Nasution2023,
    title         = {Using artificial intelligence to create biology multiple choice questions for higher education},
    author        = {Nasution, N. E. A.},
    year          = {2023},
    journal       = {Agricultural and Environmental Education},
    volume        = {2},
    number        = {1},
    pages         = {em002},
    doi           = {10.29333/agrenvedu/13071},
}

@online{OpenAI2023,
    title         = {ChatGPT (versi\'{o}n del 14 de marzo) [Modelo de Lenguaje Grande]},
    author        = {{Open AI}},
    year          = {2023},
    howpublished  = {\url{https://chat.openai.com/chat}},
}

@article{Ruiz2023,
    title         = {El uso del ChatGPT 4.0 para la elaboraci\'{o}n de ex\'{a}menes: crear el prompt adecuado},
    author        = {Ruiz Mendoza, K. K.},
    year          = {2023},
    journal       = {LATAM Revista Latinoamericana de Ciencias Sociales y Humanidades},
    volume        = {4},
    number        = {2},
    pages         = {6142--6157},
    doi           = {10.56712/latam.v4i2.1040},
}

@article{Tlili2023,
    title         = {What if the devil is my guardian angel: ChatGPT as a case study of using chatbots in education},
    author        = {Tlili, A. and others},
    year          = {2023},
    journal       = {Smart Learning Environments},
    volume        = {10},
    number        = {15},
    doi           = {10.1186/s40561-023-00237-x},
}

@article{Yell2023,
    title         = {Social studies, ChatGPT, and lateral reading},
    author        = {Yell, M. M.},
    year          = {2023},
    journal       = {Social Education},
    volume        = {87},
    number        = {3},
    pages         = {138--141},
}

@article{Feuerriegel2024,
    title         = {Generative AI},
    author        = {Feuerriegel, S.  and others},
    year          = {2024},
    journal       = {Bus Inf Syst Eng},
    volume        = {66},
    pages         = {111--126},
    doi           = {10.1007/s12599-023-00834-7},
}

@article{Rauber2024,
    title         = {Reliability and validity of an automated model for assessing the learning of machine learning in middle and high school: Experiences from the ``ML for All!'' course},
    author        = {Rauber, M. F. and others},
    year          = {2024},
    journal       = {Informatics in Education},
    volume        = {00},
    number        = {00},
    doi           = {10.15388/infedu.2024.10},
}
