@book{deci1975,
    title         = {Intrinsic motivation},
    author        = {Deci, Edward L},
    year          = {1975},
    publisher     = {Springer US},
    address       = {Boston},
}

@book{vygotsky1978mind,
    title         = {Mind in society: Development of higher psychological processes},
    author        = {Vygotsky, Lev Semenovich and Cole, Michael},
    year          = {1978},
    publisher     = {Harvard University Press},
    address       = {Cambridge},
}

@incollection{prator,
    title         = {An online of language teaching approaches},
    author        = {Prator, Clifford H and Celce-Murcia, Marianne},
    year          = {1979},
    booktitle     = {Teaching English as a Second or Foreign Language},
    publisher     = {Newbury House},
    address       = {New York},
    editor        = {Celce-Murcia, Marianne and McIntosh, Lois},
}

@article{greene1989toward,
    title         = {Toward a conceptual framework for mixed-method evaluation designs},
    author        = {Greene, Jennifer C and Caracelli, Valerie J and Graham, Wendy F},
    year          = {1989},
    journal       = {Educational Evaluation and Policy Analysis},
    volume        = {11},
    number        = {3},
    pages         = {255--274},
    doi           = {10.3102/01623737011003255},
}

@article{felder1996navigating,
    title         = {Navigating the bumpy road to student-centered instruction},
    author        = {Felder, Richard M and Brent, Rebecca},
    year          = {1996},
    journal       = {College Teaching},
    volume        = {44},
    number        = {2},
    pages         = {43--47},
    doi           = {10.1080/87567555.1996.9933425},
}

@book{brown2000douglas,
    title         = {Teaching by principles: an interactive approach to language pedagogy},
    author        = {Brown, Douglas},
    year          = {2000},
    publisher     = {Pearson ESL},
    address       = {New York},
}

@book{brown2006principles,
    title         = {Principles of language learning and teaching},
    author        = {Brown, Douglas},
    year          = {2006},
    publisher     = {Pearson ESL},
    address       = {New York},
}

@article{leonard2006not,
    title         = {Not a Hater, Just Keepin' It Real},
    author        = {Leonard, David J},
    year          = {2006},
    journal       = {Games and Culture},
    volume        = {1},
    number        = {1},
    pages         = {83--88},
    doi           = {10.1177/1555412005281910},
}

@book{seidman2006interviewing,
    title         = {Interviewing as qualitative research: A guide for researchers in education and the social sciences},
    author        = {Seidman, Irving},
    year          = {2006},
    publisher     = {Teachers College Press, Columbia University},
    address       = {New York},
}

@book{harmer2007practice,
    title         = {The practice of English language teaching},
    author        = {Harmer, Jeremy},
    year          = {2007},
    publisher     = {Pearson Longman ELT},
    address       = {New York},
}

@article{johnson2007toward,
    title         = {Toward a definition of mixed methods research},
    author        = {Johnson, R Burke and Onwuegbuzie, Anthony J and Turner, Lisa A},
    year          = {2007},
    journal       = {Journal of mixed methods research},
    volume        = {1},
    number        = {2},
    pages         = {112--133},
    doi           = {10.1177/1558689806298224},
}

@incollection{reigeluth2007instructional,
    title         = {Instructional-design theories and models, Volume IV: The learner-centered paradigm of education},
    author        = {Reigeluth, Charles M and Beatty, Brian J and Myers, Rodney D},
    year          = {2007},
    booktitle     = {Instructional-design theories and models, Vol. IV: The Learner-Centered Paradigm of Education},
    publisher     = {Routledge},
    address       = {New York},
    pages         = {15--34},
    editor        = {Reigeluth, C and Beatty, Brian and Myers, R},
    editortype    = {organizer},
}

@incollection{ryan2009promoting,
    title         = {Promoting self-determined school engagement: Motivation, learning, and well-being},
    author        = {Ryan, Richard M and Deci, Edward L},
    year          = {2009},
    booktitle     = {Handbook of motivation at school},
    publisher     = {Routledge/Taylor \& Francis Group},
    address       = {New York},
    pages         = {171--195},
    editor        = {Wendel, K and Wigfield, A},
    editortype    = {organizer},
}

@article{deterding2011game,
    title         = {From game design elements to gamefulness: defining" gamification"},
    author        = {Deterding, Sebastian and Dixon, Dan and Khaled, Rilla and Nacke, Lennart},
    year          = {2011},
    journal       = {Proceedings of the MindTrek},
    volume        = {11},
    pages         = {9--15},
    doi           = {10.1145/2181037.2181040},
}

@article{norton2011identity,
    title         = {Identity, language learning, and social change},
    author        = {Norton, Bonny and Toohey, Kelleen},
    year          = {2011},
    journal       = {Language Teaching},
    volume        = {44},
    number        = {4},
    pages         = {412--446},
}

@incollection{guthie2012,
    title         = {Instructional Contexts for Engagement and Achievement in Reading},
    author        = {Guthrie, John T and Wigfield, Allan and You, Wei},
    year          = {2012},
    booktitle     = {Handbook of Research on Student Engagement},
    publisher     = {Springer},
    address       = {New York},
    pages         = {601--634},
    editor        = {Christenson, Sandra L and Reschly, Amy L and Wylie, Cathy},
    editortype    = {organizer},
}

@article{leite2012afetividade,
    title         = {Afetividade nas pr{\'a}ticas pedag{\'o}gicas},
    author        = {Leite, S{\'e}rgio Ant{\^o}nio da Silva},
    year          = {2012},
    journal       = {Temas em Psicologia},
    volume        = {20},
    number        = {2},
    pages         = {355--368},
    doi           = {10.9788/TP2012.2-06},
}

@incollection{glover2013play,
    title         = {Play as you learn: gamification as a technique for motivating learners},
    author        = {Glover, Ian},
    year          = {2013},
    booktitle     = {Proceedings of world Conference on educational Multimedia, Hypermedia and Telecommunications},
    publisher     = {AACE},
    address       = {Chesapeake, VA},
    pages         = {1999--2008},
    editor        = {Herrington, Jan and Couros, Alec and Irvine, Valerie},
    editortype    = {organizer},
}

@book{celce2014teaching,
    title         = {Teaching English as a second or foreign language},
    author        = {Celce-Murcia, Marianne and Brinton, Donna and Snow, Marguerite Ann},
    year          = {2014},
    publisher     = {Heinle Cengage},
    address       = {Boston},
}

@article{hanus2014assessing,
    title         = {Assessing the effects of gamification in the classroom: A longitudinal study on intrinsic motivation, social comparison, satisfaction, effort, and academic performance},
    author        = {Hanus, Michael D and Fox, Jesse},
    year          = {2014},
    journal       = {Computers \& education},
    volume        = {80},
    pages         = {152--161},
    doi           = {10.1016/j.compedu.2014.08.019},
}

@book{mills2014action,
    title         = {Action Research: A Guide for the Teacher Researcher},
    author        = {Mills, Geoffrey E},
    year          = {2014},
    publisher     = {Pearson},
    address       = {Boston},
}

@book{richards2014approaches,
    title         = {Approaches and methods in language teaching},
    author        = {Richards, Jack C and Rodgers, Theodore S},
    year          = {2014},
    publisher     = {Cambridge University Press},
    address       = {Cambridge, New York},
}

@article{rjosk2015classroom,
    title         = {Classroom composition and language minority students' motivation in language lessons},
    author        = {Rjosk, Camilla and Richter, Dirk and Hochweber, Jan and L{\"u}dtke, Oliver and Stanat, Petra},
    year          = {2015},
    journal       = {Journal of Educational Psychology},
    volume        = {107},
    number        = {4},
    pages         = {1171--1185},
    doi           = {10.1037/edu0000035},
}

@book{cunha2017afeto,
    title         = {Afeto e aprendizagem: rela{\c{c}}{\~a}o de amorosidade e saber na pr{\'a}tica pedag{\'o}gica},
    author        = {Cunha, Ant\^{o}nio Eug{\^e}nio},
    year          = {2017},
    publisher     = {Wak Editora},
    address       = {Rio de Janeiro},
}

@article{barcelos2018emotions,
    title         = {Emotions in language teaching: a review of studies on teacher emotions in Brazil},
    author        = {Barcelos, Ana Maria F and Arag{\~a}o, Rodrigo Camargo},
    year          = {2018},
    journal       = {Chinese Journal of Applied Linguistics},
    volume        = {41},
    number        = {4},
    pages         = {506--531},
    doi           = {10.1515/cjal-2018-0036},
}

@book{hall2019essentials,
    title         = {Essentials of SLA for L2 teachers: A Transdisciplinary Framework},
    author        = {Hall, Joan Kelly},
    year          = {2019},
    publisher     = {Routledge},
    address       = {New York},
}

@article{koivisto2019rise,
    title         = {The rise of motivational information systems: A review of gamification research},
    author        = {Koivisto, Jonna and Hamari, Juho},
    year          = {2019},
    journal       = {International Journal of Information Management},
    volume        = {45},
    pages         = {191--210},
    doi           = {10.1016/j.ijinfomgt.2018.10.013},
}

@article{talbert2019does,
    title         = {Does student-centered instruction engage students differently? The moderation effect of student ethnicity},
    author        = {Talbert, Eli and Hofkens, Tara and Wang, Ming-Te},
    year          = {2019},
    journal       = {The Journal of Educational Research},
    volume        = {112},
    number        = {3},
    pages         = {327--341},
    doi           = {10.1080/00220671.2018.1519690},
}

@article{aguilos2022perceived,
    title         = {The Perceived Usefulness of Gamified E-Learning: A Study of Undergraduate Students With Implications for Higher Education},
    author        = {Aguilos, Veronica and Fuchs, Kevin},
    year          = {2022},
    journal       = {Front. Educ.},
    volume        = {7},
    doi           = {10.3389/feduc.2022.945536},
}

@article{darvin2023investment,
    title         = {Investment and motivation in language learning: What's the difference?},
    author        = {Darvin, Ron and Norton, Bonny},
    year          = {2023},
    journal       = {Language Teaching},
    volume        = {56},
    number        = {1},
    pages         = {1--12},
    doi           = {10.1017/S0261444821000057},
}

@article{kelly2023you,
    title         = {`You game like a girl': perceptions of gender and competence in gaming},
    author        = {Kelly, Danielle and Nic Giolla Easpaig, Brona and Castillo, Paola},
    year          = {2023},
    journal       = {Games and Culture},
    volume        = {18},
    number        = {1},
    pages         = {62--78},
    doi           = {10.1177/15554120221077730},
}
