@book{bowen_social_1953,
    title         = {Social {Responsibilities} of the {Businessman}},
    author        = {Bowen, Henry},
    year          = {1953},
    publisher     = {Harper \& Row},
    address       = {New York},
}

@article{dunlap_new_1978,
    title         = {The “{New} {Environmental} {Paradigm}”},
    author        = {Dunlap, Riley E. and Van Liere, Kent D.},
    year          = {1978},
    month         = jul,
    journal       = {The Journal of Environmental Education},
    volume        = {9},
    number        = {4},
    pages         = {10--19},
    doi           = {10.1080/00958964.1978.10801875},
    issn          = {0095-8964, 1940-1892},
    url           = {http://www.tandfonline.com/doi/abs/10.1080/00958964.1978.10801875},
    urldate       = {2024-10-28},
}

@article{daily_bankruptcy_1994,
    title         = {Bankruptcy and {Corporate} {Governance}: {The} {Impact} of {Board} {Composition} and {Structure}},
    author        = {Daily, Catherine and Dalton, Dan},
    year          = {1994},
    month         = dec,
    journal       = {Academy of Management Journal},
    volume        = {37},
    number        = {6},
    pages         = {1603--1617},
    doi           = {10.2307/256801},
    issn          = {0001-4273, 1948-0989},
    url           = {http://amj.aom.org/cgi/doi/10.2307/256801},
    urldate       = {2024-10-28},
}

@article{elkington_towards_1994,
    title         = {Towards the {Sustainable} {Corporation}: {Win}-{Win}-{Win} {Business} {Strategies} for {Sustainable} {Development}},
    shorttitle    = {Towards the {Sustainable} {Corporation}},
    author        = {Elkington, John},
    year          = {1994},
    month         = jan,
    journal       = {California Management Review},
    volume        = {36},
    number        = {2},
    pages         = {90--100},
    doi           = {10.2307/41165746},
    issn          = {0008-1256, 2162-8564},
    url           = {https://journals.sagepub.com/doi/10.2307/41165746},
    urldate       = {2024-10-28},
    copyright     = {https://journals.sagepub.com/page/policies/text-and-data-mining-license},
}

@article{porter_competitive_2002,
    title         = {The {Competitive} {Advantage} of {Corporate} {Philanthropy}},
    author        = {Porter, Michael and Kramer, Mark},
    year          = {2002},
    month         = dec,
    journal       = {Harvard Business Review},
    issn          = {0017-8012},
    url           = {https://hbr.org/2002/12/the-competitive-advantage-of-corporate-philanthropy},
    urldate       = {2024-10-28},
    keywords      = {Corporate social responsibility, Public relations, Social enterprise, Strategic planning, Strategy execution, Philanthropy},
}

@article{campos_metodo_2004,
    title         = {Método de análise de conteúdo: ferramenta para a análise de dados qualitativos no campo da saúde},
    author        = {Campos, Claudinei José Gomes},
    year          = {2004},
    month         = oct,
    journal       = {Revista Brasileira de Enfermagem},
    volume        = {57},
    number        = {5},
    pages         = {611--614},
    doi           = {10.1590/s0034-71672004000500019},
    issn          = {0034-7167},
    url           = {http://www.scielo.br/scielo.php?script=sci_arttext&pid=S0034-71672004000500019&lng=pt&tlng=pt},
    urldate       = {2024-10-28},
}

@article{martinez_effect_2004,
    title         = {The effect of brand extension strategies upon brand image},
    author        = {Martínez, Eva and De Chernatony, Leslie},
    year          = {2004},
    month         = jan,
    journal       = {Journal of Consumer Marketing},
    volume        = {21},
    number        = {1},
    pages         = {39--50},
    doi           = {10.1108/07363760410513950},
    issn          = {0736-3761},
    url           = {https://www.emerald.com/insight/content/doi/10.1108/07363760410513950/full/html},
    urldate       = {2024-10-28},
    copyright     = {https://www.emerald.com/insight/site-policies},
}

@article{wright_researching_2005,
    title         = {Researching {Internet}-{Based} {Populations}: {Advantages} and {Disadvantages} of {Online} {Survey} {Research}, {Online} {Questionnaire} {Authoring} {Software} {Packages}, and {Web} {Survey} {Services}},
    author        = {Wright, Kevin B.},
    year          = {2005},
    journal       = {Journal of Computer-Mediated Communication},
    volume        = {10},
    number        = {3},
    pages         = {103--113},
    doi           = {10.1111/j.1083-6101.2005.tb00259.x},
    issn          = {10836101},
    url           = {https://academic.oup.com/jcmc/article/4614509},
    urldate       = {2024-10-28},
    copyright     = {http://doi.wiley.com/10.1002/tdm\_license\_1},
}

@article{ritter_introduction_2007,
    title         = {Introduction to using online surveys},
    author        = {Ritter, Lois A. and Sue, Valerie M.},
    year          = {2007},
    month         = sep,
    journal       = {New Directions for Evaluation},
    volume        = {2007},
    number        = {115},
    pages         = {5--14},
    doi           = {10.1002/ev.230},
    issn          = {1097-6736, 1534-875x},
    url           = {https://onlinelibrary.wiley.com/doi/10.1002/ev.230},
    urldate       = {2024-10-28},
    copyright     = {http://onlinelibrary.wiley.com/termsAndConditions\#vor},
}

@article{elo_qualitative_2008,
    title         = {The qualitative content analysis process},
    author        = {Elo, Satu and Kyngäs, Helvi},
    year          = {2008},
    month         = apr,
    journal       = {Journal of Advanced Nursing},
    volume        = {62},
    number        = {1},
    pages         = {107--115},
    doi           = {10.1111/j.1365-2648.2007.04569.x},
    issn          = {0309-2402, 1365-2648},
    url           = {https://onlinelibrary.wiley.com/doi/10.1111/j.1365-2648.2007.04569.x},
    urldate       = {2024-10-28},
    copyright     = {http://onlinelibrary.wiley.com/termsAndConditions\#vor},
}

@book{conley_como_2010,
    title         = {Como ter lucro e mudar o mundo},
    author        = {Conley, Chip and Friedenwald-Fishman, Eric},
    year          = {2010},
    publisher     = {Gestãoplus},
    address       = {São Francisco},
}

@article{robinson_choice_2012,
    title         = {Choice of {Cause} in {Cause}-{Related} {Marketing}},
    author        = {Robinson, Stefanie Rosen and Irmak, Caglar and Jayachandran, Satish},
    year          = {2012},
    month         = jul,
    journal       = {Journal of Marketing},
    volume        = {76},
    number        = {4},
    pages         = {126--139},
    doi           = {10.1509/jm.09.0589},
    issn          = {0022-2429, 1547-7185},
    url           = {https://journals.sagepub.com/doi/10.1509/jm.09.0589},
    urldate       = {2024-10-28},
}

@article{barnhart_who_2013,
    title         = {Who {Are} {You} {Calling} {Old}? {Negotiating} {Old} {Age} {Identity} in the {Elderly} {Consumption} {Ensemble}},
    author        = {Barnhart, Michelle and Peñaloza, Lisa},
    year          = {2013},
    month         = apr,
    journal       = {Journal of Consumer Research},
    volume        = {39},
    number        = {6},
    pages         = {1133--1153},
    doi           = {10.1086/668536},
    issn          = {0093-5301, 1537-5277},
    url           = {https://academic.oup.com/jcr/article-lookup/doi/10.1086/668536},
    urldate       = {2024-10-28},
}

@incollection{beise-zee_cause-related_2013,
    title         = {Cause-{Related} {Marketing}},
    author        = {Beise-Zee, Ronald},
    year          = {2013},
    booktitle     = {Encyclopedia of {Corporate} {Social} {Responsibility}},
    publisher     = {Springer},
    address       = {New York},
    pages         = {321--326},
}

@article{aftab_impact_2014,
    title         = {Impact of {Corporate} {Social} {Responsibility} on {Brand} {Image}: {A} {Study} on {Telecom} {Brands}},
    author        = {Aftab, Hira and Arif, Amna and Salam, Muhammad},
    year          = {2014},
    journal       = {Journal of Basic and Applied Scientific Research},
    volume        = {4},
    number        = {21},
    pages         = {84--89},
    url           = {https://www.iiste.org/Journals/index.php/DCS/article/download/16452/16782},
}

@article{he_effect_2014,
    title         = {The effect of corporate social responsibility on brand loyalty: the mediating role of brand image},
    author        = {He, Yuanqiong and Lai, Kin Keung},
    year          = {2014},
    month         = feb,
    journal       = {Total Quality Management \& Business Excellence},
    volume        = {25},
    number        = {3-4},
    pages         = {249--263},
    doi           = {10.1080/14783363.2012.661138},
    issn          = {1478-3363, 1478-3371},
    url           = {http://www.tandfonline.com/doi/abs/10.1080/14783363.2012.661138},
    urldate       = {2024-10-28},
}

@article{kell_five_2014,
    title         = {Five trends that show corporate responsibility is here to stay},
    author        = {Kell, Georg},
    year          = {2014},
    month         = aug,
    journal       = {The Guardian},
    issn          = {0261-3077},
    url           = {https://www.theguardian.com/sustainable-business/blog/five-trends-corporate-social-responsbility-global-movement},
    urldate       = {2024-10-28},
    chapter       = {Guardian Sustainable Business},
    keywords      = {Guardian sustainable business, Sustainability, Ethical business, Corporate governance, Corporate social responsibility, Sustainable development},
}

@article{wu_impact_2014,
    title         = {Impact of {CSR} {Perception} on {Brand} {Image}, {Brand} {Attitude} and {Buying} {Willingness}: {A} {Study} of a {Global} {Café}},
    author        = {Wu, Shwu-Ing and Wang, Wen-Hsuan},
    year          = {2014},
    month         = nov,
    journal       = {International Journal of Marketing Studies},
    volume        = {6},
    number        = {6},
    pages         = {p43},
    doi           = {10.5539/ijms.v6n6p43},
    issn          = {1918-7203, 1918-719x},
    url           = {http://www.ccsenet.org/journal/index.php/ijms/article/view/42558},
    urldate       = {2024-10-28},
}

@article{ioannou_impact_2015,
    title         = {The impact of corporate social responsibility on investment recommendations: {Analysts}' perceptions and shifting institutional logics: {CSR} and {Investment} {Recommendations}},
    author        = {Ioannou, Ioannis and Serafeim, George},
    year          = {2015},
    month         = jul,
    journal       = {Strategic Management Journal},
    volume        = {36},
    number        = {7},
    pages         = {1053--1081},
    doi           = {10.1002/smj.2268},
    issn          = {01432095},
    url           = {https://onlinelibrary.wiley.com/doi/10.1002/smj.2268},
    urldate       = {2024-10-28},
    copyright     = {http://doi.wiley.com/10.1002/tdm\_license\_1.1},
}

@article{lien_online_2015,
    title         = {Online hotel booking: {The} effects of brand image, price, trust and value on purchase intentions},
    author        = {Lien, Che-Hui and Wen, Miin-Jye and Huang, Li-Ching and Wu, Kuo-Lung},
    year          = {2015},
    month         = dec,
    journal       = {Asia Pacific Management Review},
    volume        = {20},
    number        = {4},
    pages         = {210--218},
    doi           = {10.1016/j.apmrv.2015.03.005},
    issn          = {10293132},
    url           = {https://linkinghub.elsevier.com/retrieve/pii/S102931321500041X},
    urldate       = {2024-10-28},
    copyright     = {https://www.elsevier.com/tdm/userlicense/1.0/},
}

@book{mccormick_spss_2015,
    title         = {{SPSS} for {Dummies}},
    author        = {Mccormick, Keith and Salcedo, Jesus},
    year          = {2015},
    publisher     = {A Wiley Brand},
    address       = {Ny},
}

@article{carroll_carrolls_2016,
    title         = {Carroll’s pyramid of {CSR}: taking another look},
    author        = {Carroll, Archie B.},
    year          = {2016},
    month         = dec,
    journal       = {International Journal of Corporate Social Responsibility},
    volume        = {1},
    number        = {1},
    pages         = {3},
    doi           = {10.1186/s40991-016-0004-6},
    issn          = {2366-0066, 2366-0074},
    url           = {http://jcsr.springeropen.com/articles/10.1186/s40991-016-0004-6},
    urldate       = {2024-10-28},
}

@book{fill_marketing_2016,
    title         = {Marketing {Communications}: {Discovery}, creation and conversations},
    author        = {Fill, Chris and Turnbull, Sarah},
    year          = {2016},
    publisher     = {Pearson},
    address       = {Ny},
}

@article{barber_impact_2017,
    title         = {Impact {Investing}},
    author        = {Barber, Brad M. and Morse, Adair and Yasuda, Ayako},
    year          = {2017},
    journal       = {SSRN Electronic Journal},
    doi           = {10.2139/ssrn.2705556},
    issn          = {1556-5068},
    url           = {https://www.ssrn.com/abstract=2705556},
    urldate       = {2024-10-28},
}

@book{camilleri_corporate_2017,
    title         = {Corporate {Sustainability}, {Social} {Responsibility} and {Environmental} {Management}: {An} {Introduction} to {Theory} and {Practice} with {Case} {Studies}},
    author        = {Camilleri, Mark Anthony},
    year          = {2017},
    publisher     = {Springer International Publishing},
    address       = {Cham},
    doi           = {10.1007/978-3-319-46849-5},
    url           = {https://link.springer.com/10.1007/978-3-319-46849-5},
    urldate       = {2024-10-28},
    copyright     = {https://www.springernature.com/gp/researchers/text-and-data-mining},
}

@article{silva_junior_formas_2017,
    title         = {Formas da expressão animatorial: o sentido dos movimentos na animação {Disney} / {Forms} of animatorial expression: the meaning of motion in {Disney} animation},
    author        = {Silva Junior, Mário Sérgio Teodoro Da},
    year          = {2017},
    month         = dec,
    journal       = {Texto Livre: Linguagem e Tecnologia},
    volume        = {10},
    number        = {2},
    pages         = {220--239},
    doi           = {10.17851/1983-3652.10.2.220-239},
    issn          = {1983-3652},
    url           = {https://periodicos.ufmg.br/index.php/textolivre/article/view/16771},
    urldate       = {2024-10-28},
}

@book{kotler_brand_2018,
    title         = {Brand {Activism}: {From} {Purpose} to {Action}},
    author        = {Kotler, Philip and Sarkar, Christian},
    year          = {2018},
    publisher     = {Idea Bite Press},
}

@article{ksiezak_triple_2018,
    title         = {Triple {Bottom} {Line}: {The} {Pillars} of {CSR}},
    author        = {Księżak, Paulina and Fischbach, Barbara},
    year          = {2018},
    month         = may,
    journal       = {Journal of Corporate Responsibility and Leadership},
    volume        = {4},
    number        = {3},
    pages         = {95},
    doi           = {10.12775/jcrl.2017.018},
    issn          = {2392-2699, 2392-2680},
    url           = {http://apcz.umk.pl/czasopisma/index.php/JCRL/article/view/JCRL.2017.018},
    urldate       = {2024-10-28},
}

@article{addy_calculating_2019,
    title         = {Calculating the {Value} of {Impact} {Investing}},
    author        = {Addy, Chris and Chorengel, Maya and Collins, Mariah and Etzel, Michael},
    year          = {2019},
    month         = jan,
    journal       = {Harvard Business Review},
    pages         = {102--109},
    issn          = {0017-8012},
    url           = {https://hbr.org/2019/01/calculating-the-value-of-impact-investing},
    urldate       = {2024-10-28},
    keywords      = {Corporate social responsibility, Finance and investing},
}

@article{cezarino_dynamic_2019,
    title         = {Dynamic {Capabilities} for {Sustainability}: {Revealing} the {Systemic} {Key} {Factors}},
    author        = {Cezarino, Luciana Oranges and Alves, Marlon Fernandes Rodrigues and Caldana, Adriana Cristina Ferreira and Liboni, Lara Bartocci},
    year          = {2019},
    month         = feb,
    journal       = {Systemic Practice and Action Research},
    volume        = {32},
    number        = {1},
    pages         = {93--112},
    doi           = {10.1007/s11213-018-9453-z},
    issn          = {1094-429x, 1573-9295},
    url           = {http://link.springer.com/10.1007/s11213-018-9453-z},
    urldate       = {2024-10-28},
}

@misc{faria_um_2019,
    title         = {Um breve olhar sobre a {Escolha} do {Consumidor} em produtos alimentares},
    author        = {Faria, Cristiana},
    year          = {2019},
    month         = feb,
    journal       = {Consumer Trends},
    url           = {https://consumertrends.pt/2019/estudos-de-mercado/um-breve-olhar-sobre-a-escolha-do-consumidor-em-produtos-alimentares/},
    urldate       = {2024-10-28},
    language      = {pt-PT},
}

@misc{ortegon_danger_2019,
    title         = {The {Danger} of {Branding} {Social} {Activism}},
    author        = {Ortegon, Mick},
    year          = {2019},
    month         = apr,
    journal       = {Brown Political Review},
    url           = {https://brownpoliticalreview.org/2019/04/danger-branding-social-activism/},
    urldate       = {2024-10-28},
}

@misc{paw_research_center_generations_2019,
    title         = {Generations},
    author        = {{Paw Research Center}},
    year          = {2019},
    month         = may,
    journal       = {Pew Research Center},
    url           = {https://www.pewresearch.org/chart/generations/},
    urldate       = {2024-10-28},
}

@book{schiffman_consumer_2019,
    title         = {Consumer {Behavior}},
    author        = {Schiffman, Leon and Wisenblit, Jon},
    year          = {2019},
    publisher     = {Pearson},
}

@article{addo_double_2020,
    title         = {Double pandemic: racial discrimination amid coronavirus disease 2019},
    author        = {Addo, Isaac Yeboah},
    year          = {2020},
    journal       = {Social Sciences \& Humanities Open},
    volume        = {2},
    number        = {1},
    pages         = {100074},
    doi           = {10.1016/j.ssaho.2020.100074},
    issn          = {25902911},
    url           = {https://linkinghub.elsevier.com/retrieve/pii/S2590291120300632},
    urldate       = {2024-10-28},
}

@misc{brainstory_agency_como_2020,
    title         = {como as empresas estão a comunicar em tempos de pandemia},
    author        = {{Brainstory Agency}},
    year          = {2020},
    url           = {https://www.brainstory.pt/pt/blog/como-as-empresas-estao-a-comunicar-em-tempos-de-pandemia},
    urldate       = {2024-10-28},
}

@book{heding_brand_2020,
    title         = {Brand {Management}: {Mastering} {Research}, {Theory} and {Practice}},
    author        = {Heding, Tilde and Knudtzen, Charlotte F. and Bjerre, Mogens},
    year          = {2020},
    month         = may,
    publisher     = {Routledge},
    address       = {Third Edition. {\textbar} New York : Routledge, 2020. {\textbar} Revised edition of the authors’ Brand management, 2016.},
    doi           = {10.4324/9780367172596},
    isbn          = {9780367172596},
    url           = {https://www.taylorfrancis.com/books/9781000065503},
    urldate       = {2024-10-28},
    edition       = {3},
}

@article{lambin_global_2020,
    title         = {Global {Corporate} {Accountability}},
    author        = {Lambin, Jean-Jacques},
    year          = {2020},
    month         = oct,
    journal       = {Symphonya. Emerging Issues in Management},
    number        = {1},
    pages         = {45},
    doi           = {10.4468/2020.1.04lambin},
    issn          = {15930319},
    url           = {https://symphonya.unicusano.it/index.php/sym/article/view/13372},
    urldate       = {2024-10-28},
}

@article{luiten_corporate_2020,
    title         = {Corporate social responsibility and consumerism: case examples from {Hyatt}, {Scandic} and {Walt} {Disney}},
    author        = {Luiten, Sylvie-Cecile},
    year          = {2020},
    month         = jul,
    journal       = {Worldwide Hospitality and Tourism Themes},
    volume        = {12},
    number        = {5},
    pages         = {547--562},
    doi           = {10.1108/whatt-06-2020-0045},
    issn          = {1755-4217, 1755-4217},
    url           = {https://www.emerald.com/insight/content/doi/10.1108/WHATT-06-2020-0045/full/html},
    urldate       = {2024-10-28},
    copyright     = {https://www.emerald.com/insight/site-policies},
}

@article{mukherjee_brand_2020,
    title         = {Brand activism: {Does} courting controversy help or hurt a brand?},
    author        = {Mukherjee, Sourjo and Althuizen, Niek},
    year          = {2020},
    month         = dec,
    journal       = {International Journal of Research in Marketing},
    volume        = {37},
    number        = {4},
    pages         = {772--788},
    doi           = {10.1016/j.ijresmar.2020.02.008},
    issn          = {01678116},
    url           = {https://linkinghub.elsevier.com/retrieve/pii/S0167811620300264},
    urldate       = {2024-10-28},
}

@article{rodriguezfernandez_sustainable_2020,
    title         = {Sustainable social responsibility through stakeholders engagement},
    author        = {Rodríguez‐Fernández, Mercedes and Gaspar‐González, Ana I. and Sánchez‐Teba, Eva M.},
    year          = {2020},
    month         = nov,
    journal       = {Corporate Social Responsibility and Environmental Management},
    volume        = {27},
    number        = {6},
    pages         = {2425--2436},
    doi           = {10.1002/csr.2023},
    issn          = {1535-3958, 1535-3966},
    url           = {https://onlinelibrary.wiley.com/doi/10.1002/csr.2023},
    urldate       = {2024-10-28},
}

@book{willard_statistical_2020,
    title         = {Statistical {Methods}: {An} {Introduction} to {Basic} {Statistical} {Concepts} and {Analysis}},
    author        = {Willard, Carol},
    year          = {2020},
    publisher     = {Routledge},
    address       = {Ny},
}

@misc{berkowitz_most_2021,
    title         = {The {Most} {Important} {CSR} {Trend} for the {New} {Decade}},
    author        = {Berkowitz, Chirs},
    year          = {2021},
    month         = mar,
    journal       = {Association of Corporate Citizenship Professionals},
    url           = {https://accp.org/resources/csr-resources/accp-insights-blog/most-important-csr-trend/},
    urldate       = {2024-10-28},
}

@misc{arora_understanding_2021,
    title         = {Understanding {Impact} {Investment} {An} insight into {Challenges} and {Opportunities}},
    author        = {Arora, Sapna and Gulia, Disha and Garg, Atin},
    year          = {2021},
    month         = mar,
    address       = {Rochester, NY},
    url           = {https://papers.ssrn.com/abstract=3812965},
    urldate       = {2024-10-28},
    type          = {{SSRN} {Scholarly} {Paper}},
    keywords      = {Impact Investment, Food \& Agriculture Sector Investments, Energy Sector Investments, Challenges Impact Investors, Social Entrepreneurship},
}

@misc{cote_what_2021,
    title         = {What {Is} {Descriptive} {Analytics}? 5 {Examples} {\textbar} {HBS} {Online}},
    author        = {Cote, Carl},
    year          = {2021},
    month         = nov,
    journal       = {Business Insights Blog},
    url           = {https://online.hbs.edu/blog/post/descriptive-analytics},
    urldate       = {2024-10-28},
}

@book{creary_improving_2021,
    title         = {Improving {Workplace} {Culture} through {Evidence}-{Based} {Diversity}, {Equity} and {Inclusion} {Practices}},
    author        = {Creary, John and Rothbard, Noa and Scruggs, Joan},
    year          = {2021},
    publisher     = {Sage},
    address       = {London},
}

@misc{dubois_disney_2021,
    title         = {Disney {Releases} {Corporate} {Social} {Responsibility} {Report} {For} {Fiscal} {Year} 2021},
    author        = {Dubois, Megan},
    year          = {2021},
    journal       = {Forbes},
    url           = {https://www.forbes.com/sites/megandubois/2022/02/23/disney-releases-corporate-social-responsibility-report-for-fiscal-year-2021/},
    urldate       = {2024-10-28},
}

@misc{farnham_corporate_2021,
    title         = {Corporate social responsibility ({CSR}): {A} one-stop guide},
    author        = {Farnham, Karl},
    year          = {2021},
    url           = {https://diligent.com/resources/blog/corporate-social-responsibility-csr},
    urldate       = {2024-10-28},
}

@misc{ghosh_when_2021,
    title         = {When {Brands} {Should} {Shut} {Up} – {A} {Study} on {Brand} {Activism}},
    author        = {Ghosh, Anirrban},
    year          = {2021},
    month         = sep,
    journal       = {Brandingmag},
    url           = {https://www.brandingmag.com/2021/09/02/when-brands-should-shut-up-a-study-on-brand-activism/},
    urldate       = {2024-10-28},
}

@article{gonzalez-arcos_how_2021,
    title         = {“{How} {Do} {I} {Carry} {All} {This} {Now}?” {Understanding} {Consumer} {Resistance} to {Sustainability} {Interventions}},
    author        = {Gonzalez-Arcos, Claudia and Joubert, Alison M. and Scaraboto, Daiane and Guesalaga, Rodrigo and Sandberg, Jörgen},
    year          = {2021},
    month         = may,
    journal       = {Journal of Marketing},
    volume        = {85},
    number        = {3},
    pages         = {44--61},
    doi           = {10.1177/0022242921992052},
    issn          = {0022-2429, 1547-7185},
    url           = {https://journals.sagepub.com/doi/10.1177/0022242921992052},
    urldate       = {2024-10-28},
}

@article{korschun_brand_2021,
    title         = {Brand {Activism} {Is} {Here} to {Stay}: {Here}’s {Why}},
    author        = {Korschun, Daniel},
    year          = {2021},
    month         = nov,
    journal       = {NIM Marketing Intelligence Review},
    volume        = {13},
    number        = {2},
    pages         = {10--17},
    doi           = {10.2478/nimmir-2021-0011},
    issn          = {2628-166x},
    url           = {https://www.sciendo.com/article/10.2478/nimmir-2021-0011},
    urldate       = {2024-10-28},
    copyright     = {https://creativecommons.org/licenses/by-nc/4.0},
}

@misc{stobierski_what_2021,
    title         = {What {Is} {Corporate} {Social} {Responsibility}? 4 {Types}},
    author        = {Stobierski, Ted},
    year          = {2021},
    month         = apr,
    journal       = {Business Insights Blog},
    url           = {https://online.hbs.edu/blog/post/types-of-corporate-social-responsibility},
    urldate       = {2024-10-28},
}

@book{bachnik_corporate_2022,
    title         = {Corporate social responsibility and sustainability: from values to impact},
    author        = {Bachnik, Katarzyna and Kaźmierczak, Magdalena and Rojek-Nowosielska, Magdalena and Stefańska, Magdalena and Szumniak-Samolej, Justina},
    year          = {2022},
    publisher     = {Routledge},
    address       = {Thrid Avenue, New York},
}

@misc{francis_new_2022,
    title         = {New ground-breaking framework for building a sustainable data-driven economy: {Data} {Protection} as a {Corporate} {Social} {Responsibility} - {New} ground-breaking framework for building a sustainable data-driven economy: {Data} {Protection} as a {Corporate} {Social} {Responsibility} - {Maastricht} {UniversityData} {Protection} as a {Corporate} {Social} {Responsibility} is the {New} {Competitive} {Edge}: {Developing} a {New} {Dimension} of {Data} {Protection} as a {Corporate} {Social} {Responsibility}},
    author        = {Francis, Khris and Balboni, Paolo},
    year          = {2022},
    journal       = {Maastricht University, European Centre on Privacy \& Cybersecurity},
    url           = {https://www.maastrichtuniversity.nl/new-ground-breaking-framework-building-sustainable-data-driven-economy-data-protection-corporate},
    urldate       = {2024-10-28},
}

@misc{gsg_impact_new_2022,
    title         = {New study shows steady growth of {European} impact investments},
    author        = {{GSG Impact}},
    year          = {2022},
    url           = {https://www.gsgimpact.org/media/news/new-study-shows-steady-growth-of-european-impact-investments-but-more-acceleration-is-needed/},
    urldate       = {2024-10-28},
}

@misc{human_human_2022,
    title         = {The human touch: {Stakeholders} are pushing companies to talk more about issues like employee engagement, health \& safety and diversity, equity \& inclusion},
    author        = {Human, Ted},
    year          = {2022},
    journal       = {IR Maganize},
    url           = {https://content.irmagazine.com/story/ir-magazine-spring-2022/},
    urldate       = {2024-10-28},
}

@book{kotler_marketing_2022,
    title         = {Marketing {Management}},
    author        = {Kotler, Philip and Keller, Kevin and Chernev, Alexander},
    year          = {2022},
    publisher     = {Pearson Education},
    address       = {Ny},
}

@book{lekakis_consumer_2022,
    title         = {Consumer {Activism} {Promotional} {Culture} \& {Resistance}},
    author        = {Lekakis, Jack},
    year          = {2022},
    publisher     = {Sage},
    address       = {London},
}

@article{leonidou_consumers_2022,
    title         = {Consumers’ {Environmental} {Sustainability} {Beliefs} and {Activism}: {A} {Cross}-{Cultural} {Examination}},
    author        = {Leonidou, Constantinos N. and Gruber, Verena and Schlegelmilch, Bodo B.},
    year          = {2022},
    month         = dec,
    journal       = {Journal of International Marketing},
    volume        = {30},
    number        = {4},
    pages         = {78--104},
    doi           = {10.1177/1069031x221128786},
    issn          = {1069-031x, 1547-7215},
    url           = {https://journals.sagepub.com/doi/10.1177/1069031X221128786},
    urldate       = {2024-10-28},
}

@book{polman_net_2022,
    title         = {Net {Positive}: {How} {Courageous} {Companies} {Thrive} by {Giving} {More} {Than} {They} {Take}},
    author        = {Polman, Paul and Winston, Andrew},
    year          = {2022},
    publisher     = {Harvard Business Review Press},
    address       = {Boston, Massachusetts},
}

@article{quezado_corporate_2022,
    title         = {Corporate {Social} {Responsibility} and {Marketing}: {A} {Bibliometric} and {Visualization} {Analysis} of the {Literature} between the {Years} 1994 and 2020},
    author        = {Quezado, Tarcia Camily Cavalcante and Cavalcante, William Quezado Figueiredo and Fortes, Nuno and Ramos, Ricardo Filipe},
    year          = {2022},
    month         = feb,
    journal       = {Sustainability},
    volume        = {14},
    number        = {3},
    pages         = {1694},
    doi           = {10.3390/su14031694},
    issn          = {2071-1050},
    url           = {https://www.mdpi.com/2071-1050/14/3/1694},
    urldate       = {2024-10-28},
    copyright     = {https://creativecommons.org/licenses/by/4.0/},
}

@article{salnikova_engaging_2022,
    title         = {Engaging {Consumers} with {Environmental} {Sustainability} {Initiatives}: {Consumer} {Global}–{Local} {Identity} and {Global} {Brand} {Messaging}},
    author        = {Salnikova, Ekaterina and Strizhakova, Yuliya and Coulter, Robin A.},
    year          = {2022},
    month         = oct,
    journal       = {Journal of Marketing Research},
    volume        = {59},
    number        = {5},
    pages         = {983--1001},
    doi           = {10.1177/00222437221078522},
    issn          = {0022-2437, 1547-7193},
    url           = {https://journals.sagepub.com/doi/10.1177/00222437221078522},
    urldate       = {2024-10-28},
}

@article{ferraro_embracing_2023,
    title         = {Embracing diversity, equity, and inclusion ({DEI}): {Considerations} and opportunities for brand managers},
    author        = {Ferraro, Carla and Hemsley, Alicia and Sands, Sean},
    year          = {2023},
    month         = jul,
    journal       = {Business Horizons},
    volume        = {66},
    number        = {4},
    pages         = {463--479},
    doi           = {10.1016/j.bushor.2022.09.005},
    issn          = {00076813},
    url           = {https://linkinghub.elsevier.com/retrieve/pii/S0007681322001240},
    urldate       = {2024-10-28},
}

@misc{global_impact_investing_network_what_2023,
    title         = {What you need to know about impact investing},
    author        = {{Global Impact Investing Network}},
    year          = {2023},
    journal       = {The GIIN},
    url           = {https://thegiin.org/publication/post/about-impact-investing/},
    urldate       = {2024-10-28},
}

@misc{govindji_google_2023,
    title         = {Google {Cloud} {BrandVoice}: 6 {Ways} {To} {Help} {Your} {DEI} {Initiatives} {Drive} {Greater} {Impact}},
    shorttitle    = {Google {Cloud} {BrandVoice}},
    author        = {Govindji, Karina},
    year          = {2023},
    journal       = {Forbes},
    url           = {https://www.forbes.com/sites/googlecloud/2022/02/10/6-ways-to-help-your-dei-initiatives-driver-greater-impact/},
    urldate       = {2024-10-28},
}

@misc{hessekiel_2023_2023,
    title         = {2023 {CSR} {Trend} {Forecasts}},
    author        = {Hessekiel, David},
    year          = {2023},
    journal       = {Forbes},
    url           = {https://www.forbes.com/sites/davidhessekiel/2023/01/19/23-csr-trend-forecasts/},
    urldate       = {2024-10-28},
}

@misc{tora_three_2023,
    title         = {Three {Trends} {Transforming} {Impact} {Investing}},
    author        = {Tora, Krisztina},
    year          = {2023},
    month         = feb,
    journal       = {ESG Investor},
    url           = {https://www.esginvestor.net/three-trends-transforming-impact-investing/},
    urldate       = {2024-10-28},
}
