@article{acosta_juventud_2012,
	title = {Juventud digital: revisión de algunas aseveraciones negativas sobre la relación jóvenes-nuevas tecnologías},
	volume = {10},
	url = {http://www.scielo.org.co/pdf/rlcs/v10n1/v10n1a06.pdf},
	urldate = {2021-04-28},
	number = {1},
	journal = {Revista Latinoamericana de Ciencias Sociales, niñez y juventud},
	author = {Acosta, David and Muñoz, German},
	year = {2012},
	pages = {107--130}
}

@article{amador_mutaciones_2010,
	title = {Mutaciones de la subjetividad en la comunicación digital interactiva: {Consideraciones} en torno al acontecimiento en los nativos digitales},
	volume = {29},
	url = {https://revistas.javeriana.edu.co/index.php/signoypensamiento/article/view/2514},
	doi = {10.11144/Javeriana.syp29-57.mscd},
	number = {57},
	urldate = {2021-04-28},
	journal = {Signo y Pensamiento},
	author = {Amador, Juan Carlos},
	month = sep,
	year = {2010},
	pages = {142--161}
}

@article{amador_infancias_2013,
	title = {Infancias, subjetividades y cibercultura: noopolítica y experiencia de sí},
	volume = {1},
	url = {http://revistas.udistrital.edu.co/ojs/index.php/revcie/article/view/3935},
	doi = {10.14483/23448350.3935},
	number = {15},
	urldate = {2021-04-28},
	journal = {Revista científica},
	author = {Amador, Juan Carlos},
	month = feb,
	year = {2013},
	pages = {13}
}

@article{amador_transmediaciones_2014,
	title = {Transmediaciones, nativos digitales y educación},
	volume = {1},
	url = {http://mtcomunicacion.udistrital.edu.co:8080/c/document_library/get_file?uuid=4ab09bb4-e6dc-47a9-95cd-88a8f62a4a98&groupId=47932},
	urldate = {2021-04-28},
	number = {1},
	journal = {Comunic@Red},
	author = {Amador, Juan Carlos},
	year = {2014},
	pages = {193--216}
}

@article{alba_pegados_2010,
	title = {¿{Pegados} a las pantallas? {Videojuegos} en la vida cotidiana de niños, niñas y jóvenes de {Bogotá}},
	volume = {8},
	url = {https://www.redalyc.org/pdf/773/77329129006.pdf},
	urldate = {2021-04-28},
	number = {1},
	journal = {Revista Latinoamericana de Ciencias Sociales, Niñez y Juventud},
	author = {Alba, Gabriel},
	year = {2010},
	pages = {65--77}
}

@article{barrios_tao_subjetividades_2015,
	title = {Subjetividades en el ágora digital: {Cuestiones} para la educación y la bioética},
	volume = {15},
	url = {http://revistas.unimilitar.edu.co/index.php/rlbi/article/view/537},
	doi = {10.18359/rlbi.537},
	number = {29-2},
	urldate = {2021-04-28},
	journal = {Revista Latinoamericana de Bioética},
	author = {{Barrios Tao}, Hernando},
	month = jul,
	year = {2015},
	pages = {84}
}

@article{bagdasarov_influence_2017,
	title = {The {Influence} of {Tablet}-{Based} {Technology} on the {Development} of {Communication} and {Critical} {Thinking} {Skills}: {An} {Interdisciplinary} {Study}},
	volume = {49},
	url = {https://doi.org/10.1080/15391523.2017.1293576},
	doi = {10.1080/15391523.2017.1293576},
	number = {1-2},
	urldate = {2021-04-28},
	journal = {Journal of Research on Technology in Education},
	author = {Bagdasarov, Zhanna and Luo, Yupeng and Wu, Wei},
	month = apr,
	year = {2017},
	pages = {55--72}
}

@article{baldessar_piel_2011,
	title = {La piel y sus extenciones: contribuciones de {Kerckhove} para la convergencia de la cibercultura},
	url = {http://www.razonypalabra.org.mx/N/N75/monotematico_75/08_Baldessar_M75.pdf},
	urldate = {2021-04-28},
	number = {75},
	journal = {Razón y Palabra},
	author = {Baldessar, Maria Jose and Giglio, Kamil},
	year = {2011}
}

@book{barcelo_sociedad_1998,
	title = {La sociedad del conocimiento},
	publisher = {Beta},
	author = {Barceló, Goula},
	year = {1998}
}

@book{baudrillard_cultura_2013,
	title = {Cultura y simulacro},
	abstract = {Trad. P. Rovira},
	author = {Baudrillard, Jean and Vicens, Antoni and Rovira, Pedro},
	year = {2013}
}

@book{bauman_vigilancia_2013,
	title = {Vigilancia ĺiquida},
	url = {https://www.overdrive.com/search?q=E642CFC7-4493-4EE4-9865-2BFDEE5C803D},
	urldate = {2021-04-28},
	author = {Bauman, Zygmunt and Capel, Alicia and Lyon, David},
	year = {2013}
}

@book{buckingham_mas_2007,
	address = {Buenos Aires},
	edition = {1. ed},
	series = {Biblioteca del docente},
	title = {Mas allá de la tecnología: aprendizaje infantil en la era de la cultura digital},
	publisher = {Manantial},
	author = {Buckingham, David},
	year = {2007}
}

@phdthesis{carvajal_tecnocultura_2013,
	address = {Repositorio UTP},
	type = {Trabajo de grado},
	title = {Tecnocultura y aprendizaje},
	url = {http://repositorio.utp.edu.co/dspace/handle/11059/4803},
	urldate = {2021-04-28},
	school = {Universidad Tecnológica de Pereira},
	author = {Carvajal, Juan Esteban and Almanza, Jaisson},
	year = {2013}
}

@article{carvajal_barrios_jovenes_2005,
	title = {Jóvenes, cultura escrita y tecnocultura. Análisis de los resultados arrojados por la encuesta en una investigación sobre lectura, escritura, conocimiento y tecnocultura en la universidad},
	volume = {3},
	url = {https://revistas.udem.edu.co/index.php/anagramas/article/view/1093},
	number = {6},
	urldate = {2021-04-28},
	journal = {Anagramas Rumbos y Sentidos de la Comunicación},
	author = {{Carvajal Barrios}, Giovanna and {Ulloa Sanmiguel}, Alejandro},
	year = {2005},
	pages = {15--70}
}

@book{castells_sociedad_2006,
	title = {Sociedad {Red}},
	publisher = {Alianza Editorial},
	author = {Castells, Manuel},
	year = {2006}
}

@article{chaparro-hurtado_consumo_2013,
	title = {Consumo digital de jóvenes escolarizados en {Villavicencio}, {Colombia}},
	volume = {16},
	url = {http://www.scielo.org.co/scielo.php?script=sci_abstract&pid=S0123-12942013000200002&lng=en&nrm=iso&tlng=es},
	number = {2},
	urldate = {2021-04-28},
	journal = {Educación y Educadores},
	author = {Chaparro-Hurtado, Héctor Rolando and Guzmán-Ariza, Claudia Maritza},
	month = aug,
	year = {2013},
	pages = {229--243}
}

@article{dahya_critical_2017,
	title = {Critical perspectives on youth digital media production: ‘voice’ and representation in educational contexts},
	volume = {42},
	url = {https://www.tandfonline.com/doi/full/10.1080/17439884.2016.1141785},
	doi = {10.1080/17439884.2016.1141785},
	number = {1},
	urldate = {2021-04-28},
	journal = {Learning, Media and Technology},
	author = {Dahya, Negin},
	month = jan,
	year = {2017},
	pages = {100--111}
}

@book{deleuze_que_2007,
	title = {¿{Qué} es el acto de creación? {Textos} y entrevistas (1975-1995)},
	publisher = {Pre-Texto},
	author = {Deleuze, Gilles},
	year = {2007},
	note = {Trad. J. Pardo}
}

@book{deleuze_mil_1980,
	title = {Mil {Mesetas}. {Capitalismo} y {Esquizofrenia}},
	publisher = {Editions le Minuit},
	author = {Deleuze, Gilles and Guattari, Félix},
	year = {1980}
}

@book{deleuze_que_1993,
	title = {¿{Qué} es la filosofía?},
	publisher = {Anagrama},
	author = {Deleuze, Gilles and Guattari, Félix},
	year = {1993},
	translator = {T. Kauf}
}

@book{deleuze_dialogos._2004,
	address = {Valencia},
	title = {Diálogos. (1972-1980) },
	publisher = {Pre-textos},
	author = {Deleuze, Gilles and Parnet, Claire},
	year = {2004}
}

@article{diaz_bernal_alisis_2012,
	title = {Análisis histórico sobre la sociedad de información y conocimiento},
	volume = {3},
	url = {http://revistas.uptc.edu.co/revistas/index.php/praxis_saber/article/view/1131},
	doi = {10.19053/22160159.1131},
	number = {5},
	urldate = {2021-04-28},
	journal = {Praxis \& Saber},
	author = {{Díaz Bernal}, Juan Guillermo},
	month = jan,
	year = {2012},
	pages = {167}
}

@incollection{eco_internet_2012,
	edition = {M. de Moragas (Ed.)},
	title = {De internet a {Gutenberg}},
	booktitle = {La {Comunicación}: de los orígenes a internet},
	publisher = {Gedisa},
	author = {Eco, Umberto},
	year = {2012},
	pages = {49--64}
}

@article{erazo_caicedo_mediaciones_2006,
	title = {Las mediaciones tecnológicas en los procesos de subjetivación juvenil: interacciones en {Pereira} y {Dosquebradas}},
	url = {http://repository.cinde.org.co/handle/20.500.11907/556},
	urldate = {2021-04-28},
	author = {Caicedo, Erazo and Diego, Edgar},
	month = oct,
	year = {2006}
}

@article{esperon_acontecimiento_2014,
	title = {El acontecimiento y la diferencia en la filosofía de {Gilles} {Deleuze}},
	volume = {4},
	url = {https://dialnet.unirioja.es/servlet/articulo?codigo=5513801},
	number = {4},
	urldate = {2021-04-28},
	journal = {Nuevo Pensamiento},
	author = {Esperón, Juan Pablo Emanuel},
	year = {2014},
	pages = {10}
}

@phdthesis{fonseca_redes_2015,
	type = {Tesis doctoral},
	title = {Redes sociales y juventud: uso de {Facebook} por jóvenes de {México}, {Argentina} y {Colombia}},
	url = {https://riuma.uma.es/xmlui/bitstream/handle/10630/11548/TD_FONSECA_MANTILLA_Oscar.pdf?sequence=1&isAllowed=y},
	urldate = {2021-04-28},
	school = {Universidad de Málaga},
	author = {Fonseca, Oscar},
	year = {2015}
}

@article{fonseca_rueda_2012,
	title = {Subjetividades, ciudadanías y tecnologías},
	url = {https://www.academia.edu/1821609/Subjetividades_ciudadan\%C3\%ADas_y_tecnolog\%C3\%ADas_digitales},
	urldate = {2021-04-28},
	year = {2012},
	journal = {Revista académica de la Federación Latinamericana de la Facultad de comunicación social},
	author = {Fonseca, Andrés D. and {Rueda Ortiz}, Rocío},
	pages = {281--293}
}

@article{foucault_redes_1982,
	title = {Las {Redes} del poder.},
	volume = {4 y 5},
	journal = {Revista “Barbarie”},
	author = {Foucault, Michel},
	year = {1982}
}

@misc{fundacion_pedagogica_rayuela_proyecto_2019,
	title = {Proyecto {Educativo} institucional - {PEI} {Rayuela}},
	publisher = {Tunja},
	author = {{Fundación Pedagógica Rayuela}},
	year = {2019}
}

@article{galindo_mensajerien_2010,
	title = {La mensajería en los mundos de vida de niñas, niños y jóvenes},
	volume = {8},
	number = {1},
	journal = {Revista Latinoamericana de Ciencias Sociales Niñez y Juventud},
	author = {Galindo, Liliana},
	year = {2010},
	pages = {29--50}
}

@article{garcia_universidad_2019,
	title = {Universidad pública: poder, relaciones y prácticas políticas},
	volume = {41},
	url = {http://perfileseducativos.unam.mx:80/iisue_pe/index.php/perfiles/article/view/59065},
	doi = {10.22201/iisue.24486167e.2019.165.59065},
	number = {165},
	urldate = {2021-04-28},
	journal = {Perfiles Educativos},
	author = {García, Humberto Muñoz},
	month = jul,
	year = {2019},
	keywords = {Poder, Política, Relaciones políticas, Apatía, Universidad pública},
	pages = {165--184}
}

@book{guattari_lineas_2013,
	title = {Líneas de fuga: por otro mundo de posibles},
	author = {Guattari, Félix},
	publisher = {Cactus},
	year = {2013}
}

@article{harper_assistive_2017,
	title = {Assistive technology for students with learning disabilities: {A} glimpse of the livescribe pen and its impact on homework completion},
	volume = {22},
	url = {http://link.springer.com/10.1007/s10639-016-9555-0},
	doi = {10.1007/s10639-016-9555-0},
	number = {5},
	urldate = {2021-04-28},
	journal = {Education and Information Technologies},
	author = {Harper, Kelly A. and Kurtzworth-Keen, Kristin and Marable, Michele A.},
	month = sep,
	year = {2017},
	pages = {2471--2483}
}

@book{kerckhove_piel_1999,
	address = {Barcelona},
	title = {La piel de la cultura: investigando la nueva realidad electrónica},
	publisher = {Gedisa},
	author = {Kerckhove, Derrick de},
	year = {1999}
}

@article{levy_educacion_1997,
	title = {Educación y formación: nuevas tecnologías e inteligencia colectiva},
	number = {2},
	journal = {Perspectivas},
	author = {Lévy, Pierre},
	year = {1997},
	pages = {271--287}
}

@book{levy_que_1998,
	address = {Mexico},
	title = {¿{Qué} es lo virtual?},
	publisher = {Paidós},
	author = {Lévy, Pierre},
	year = {1998},
	translator = {D. Levis}
}

@book{levy_cibercultura._2007,
	title = {Cibercultura. {Informe} al {Consejo} de {Europa}},
	publisher = {Antropos},
	author = {Lévy, Pierre},
	year = {2007},
	translator = {B. Campillo}
}

@article{mejia_tecnologi_2004,
	title = {La tecnología, la(s) cultura(s) tecnológica(s) y la educación popular en tiempos de globalización. {Entre} el pensamiento único y la nueva crítica({Palabras} iniciales de un tema en construcción)},
	url = {http://journals.openedition.org/polis/6242},
	number = {7},
	urldate = {2021-04-28},
	journal = {Polis. Revista Latinoamericana},
	author = {Mejía, Marco Raúl},
	month = apr,
	year = {2004}
}

@book{mejia_educaciones_2011a,
	title = {Educación(es) en la(s) globalización(es)},
	publisher = {Fondo Editorial},
	author = {Mejía, Marco Raúl},
	year = {2011}
}

@article{mejia_comunicacion_2011b,
	title = {Comunicación, educación, tecnología},
	volume = {1},
	doi = {https://doi.org/10.22517/25393812.1347},
	number = {9},
	urldate = {2021-04-28},
	journal = {Revista Miradas},
	author = {Mejía, Marco Raúl},
	year = {2011},
	pages = {64--75}
}

@article{menzies_case_2017,
	title = {A case study of {Facebook} use: {Outlining} a multi-layer strategy for higher education},
	volume = {22},
	url = {http://link.springer.com/10.1007/s10639-015-9436-y},
	doi = {10.1007/s10639-015-9436-y},
	number = {1},
	urldate = {2021-04-28},
	journal = {Education and Information Technologies},
	author = {Menzies, Rachel and Petrie, Karen and Zarb, Mark},
	month = jan,
	year = {2017},
	pages = {39--53}
}

@article{munoz_comunicacion_2007,
	title = {La comunicación en los mundos de la vida juveniles},
	volume = {5},
	url = {http://www.scielo.org.co/pdf/rlcs/v5n1/v5n1a09.pdf},
	urldate = {2021-04-28},
	number = {1},
	journal = {Revista Latinoamericana de Ciencias Sociales, Niñez y Juventud},
	author = {Muñoz, German},
	year = {2007}
}

@article{munoz_culturas_2010a,
	title = {De las culturas juveniles a las ciberculturas del siglo {XXI} {\textbar} {Teología} y {Sociedad}},
	url = {https://revistas.javerianacali.edu.co/index.php/teologiaysociedad/article/view/368},
	number = {18},
	urldate = {2021-04-28},
	journal = {Revista del Instituto para la Investigación Educativa y el Desarrollo Pedagógico, IDEP},
	author = {Muñoz, German},
	year = {2010},
	pages = {19--32}
}

@article{munoz_redes_2010b,
	title = {Las redes sociales: ¿fórmula mediática contra la soledad y el aburrimiento?},
	volume = {8},
	url = {https://www.redalyc.org/pdf/773/77329129005.pdf},
	urldate = {2021-04-28},
	number = {1},
	journal = {Revista Ltinoamericana de Ciencias Sociales, Niñez y Juventud},
	author = {Muñoz, German},
	year = {2010},
	pages = {51--64}
}

@article{munoz_2010c,
	title = {Los {Mundos} de vida de los jóvenes en las pantallas},
	volume = {8},
	url = {http://revistaumanizales.cinde.org.co/rlcsnj/index.php/Revista-Latinoamericana/article/view/550},
	number = {1},
	urldate = {2021-04-28},
	journal = {Revista Latinoamericana de Ciencias Sociales, Niñez y Juventud},
	author = {Muñoz, German},
	year = {2010}
}

@article{odgers_adolescent_2020,
	title = {Adolescent development and growing divides in the digital age},
	volume = {22},
	url = {https://pubmed.ncbi.nlm.nih.gov/32699514/},
	doi = {10.31887/DCNS.2020.22.2/codgers},
	number = {2},
	urldate = {2021-04-28},
	journal = {Dialogues in Clinical Neuroscience},
	author = {Odgers, Candice and Jensen, Michaeline},
	month = jun,
	year = {2020},
	pages = {143--149}
}

@article{pelaez_coleccion_2010,
	title = {La "colección personal de música de bolsillo". {Un} antídoto contra el aburrimiento},
	volume = {8},
	url = {http://revistaumanizales.cinde.org.co/rlcsnj/index.php/Revista-Latinoamericana/article/view/552},
	number = {1},
	urldate = {2021-04-28},
	journal = {Revista Latinoamericana de Ciencias Sociales, Niñez y Juventud},
	author = {Peláez, Miguel Antonio},
	year = {2010}
}

@book{penley__1991,
	title = { {Technoculture} },
	publisher = {University of Minnesota Press},
	author = {Penley, Constance and Ross, Andrew},
	year = {1991}
}

@article{perez_de_lama_avispa_2009,
	title = {La avispa y la orquídea hacen mapa en el seno de un rizoma: {Cartografía} y máquinas, releyendo a {Deleuze} y {Guattari}},
	volume = {20},
	url = {http://www.scielo.br/scielo.php?script=sci_abstract&pid=S0103-73072009000300009&lng=es&nrm=iso&tlng=es},
	doi = {10.1590/S0103-73072009000300009},
	number = {3},
	urldate = {2021-04-28},
	journal = {Pro-Posições},
	author = {{Pérez de Lama}, José},
	month = dec,
	year = {2009},
	pages = {121--145}
}

@book{poster_whats_2001,
	title = {What’s the {Matter} with the {Internet}?},
	publisher = {University of Minnesota Press},
	author = {Poster, Mark},
	year = {2001}
}

@article{ramirez_cabanzo_infancias_2013,
	title = {Infancias, nuevos repertorios tecnológicos y formación.},
	volume = {32},
	url = {https://revistas.javeriana.edu.co/index.php/signoypensamiento/article/view/6942},
	doi = {10.11144/Javeriana.syp32-63.inrt},
	number = {63},
	urldate = {2021-04-28},
	journal = {Signo y Pensamiento},
	author = {{Ramírez Cabanzo}, Ana Brizet },
	month = sep,
	year = {2013},
	pages = {52--68}
}

@article{rangel_ecosofi:_2007,
	title = {Ecosofía: cartografía(s) de los territorios existenciales},
	url = {https://reflexionesmarginales.com.mx/},
	urldate = {2021-04-28},
	journal = {Reflexiones Marginales},
	author = {Rangel, Sonia},
	year = {2007}
}

@article{richardson_promposal:_2017,
	title = {The promposal: youth expressions of identity and ‘love’ in the digital age},
	volume = {42},
	url = {https://doi.org/10.1080/17439884.2016.1130055},
	doi = {10.1080/17439884.2016.1130055},
	number = {1},
	urldate = {2021-04-28},
	journal = {Learning, Media and Technology},
	author = {Richardson, John M.},
	month = jan,
	year = {2017},
	pages = {74--86}
}

@article{rios_beltran_practica_2018,
	title = {La práctica pedagógica como herramienta para historiar la pedagogía en {Colombia}},
	url = {http://revistas.pedagogica.edu.co/index.php/PYS/article/view/8168},
	doi = {10.17227/pys.num49-8168},
	number = {49},
	urldate = {2021-04-28},
	journal = {Pedagogía y Saberes},
	author = {{Ríos Beltrán}, Rafael},
	month = jul,
	year = {2018}
}

@article{rueda_tecnocultura_2004a,
	title = {Tecnocultura y nuevas ciudadanías},
	url = {http://www.geocities.ws/bit_central/documentos/tecnocultura.pdf},
	urldate = {2021-04-28},
	number = {4},
	journal = {Revista Periferia},
	author = {{Rueda Ortiz}, Rocío},
	year = {2004},
	pages = {4--91}
}

@article{rueda_ortiz_tecnocultura_2004b,
	title = {Tecnocultura y sujeto {CYBORG} : esbozos de una tecnopolítica educativa},
	url = {https://repositorio.unal.edu.co/handle/unal/54069},
	urldate = {2021-04-28},
	author = {{Rueda Ortiz}, Rocío},
	month = oct,
	year = {2004}
}

@inproceedings{rueda_cultura_2007,
	address = {Guadalajara},
	title = {Cultura política, ciudad y ciberciudadanías},
	url = {https://cdsa.aacademica.org/000-066/45.pdf},
	booktitle = {{XXVI} {Congreso} de la {Asociación} {Latinoamericana} de {Sociología}},
	urldate = {2021-04-28},
	publisher = {Asociación Latinoamericana de Sociología},
	author = {{Rueda Ortiz}, Rocío},
	year = {2007},
}

@article{rueda_ortiz_cibercultura:_2008,
	title = {Cibercultura: metáforas, prácticas sociales y colectivos en red},
	url = {http://www.scielo.org.co/scielo.php?script=sci_abstract&pid=S0121-75502008000100002&lng=es&nrm=iso&tlng=es},
	number = {28},
	urldate = {2021-04-28},
	journal = {Nómadas},
	author = {{Rueda Ortiz}, Rocío},
	month = apr,
	year = {2008},
	pages = {08--20}
}

@article{rueda_ortiz_convergencia_2009,
	title = {Convergencia tecnológica: síntesis o multiplicidad política y cultural},
	volume = {28},
	url = {https://revistas.javeriana.edu.co/index.php/signoypensamiento/article/view/4530},
	number = {54},
	urldate = {2021-04-28},
	journal = {Signo y Pensamiento},
	author = {{Rueda Ortiz}, Rocío},
	month = apr,
	year = {2009},
	keywords = {Comunicación},
	pages = {114--130}
}

@book{scolari_hipermediaciones._2008,
	title = {Hipermediaciones. {Elementos} para una teoría de la comunicación digital interactiva},
	publisher = {Gedisa},
	author = {Scolari, Carlos},
	year = {2008}
}

@book{sibilia_hombre_2007,
	address = {México, D.F.},
	title = {El hombre postorgánico.},
	url = {http://public.ebookcentral.proquest.com/choice/publicfullrecord.aspx?p=4559365},
	urldate = {2021-04-28},
	publisher = {FCE - Fondo de Cultura Económica},
	author = {Sibilia, Paula},
	year = {2007}
}

@article{soler_fonseca_confianza_2016,
	title = {La confianza de los adolescentes escolarizados en las redes sociales virtuales},
	volume = {7},
	url = {https://revistas.uptc.edu.co/index.php/praxis_saber/article/view/5734},
	doi = {10.19053/22160159.v7.n15.2016.5734},
	number = {15},
	urldate = {2021-04-28},
	journal = {Praxis \& Saber},
	author = {{Soler Fonseca}, Angela Marcela},
	month = oct,
	year = {2016},
	pages = {231--246}
}

@book{zuluaga_garces_pedagogie_1999,
	address = {Rubí (Barcelona)},
	series = {Biblioteca universitaria {Ciencias} sociales y humanidades {Pedagogía}},
	title = {Pedagogía e historia},
	publisher = {Anthropos},
	author = {{Zuluaga Garcés}, Olga Lucía and {Santana Rodríguez}, Pedro},
	year = {1999}
}
