@article{johnson1988,
    title         = {Designing Reusable Classes},
    author        = {Johnson, R. E. and Foote, B.},
    year          = {1988},
    month         = {June/July},
    journal       = {Journal of Object-Oriented Programming},
    volume        = {1},
    number        = {2},
    pages         = {22--35},
    url           = {http://www.laputan.org/drc.html},
    note          = {Acesso em: fev. 2025},
}

@incollection{johnson1991,
    title         = {Cooperative learning and classroom and school climate},
    author        = {Johnson, D. W. and Johnson, R. T.},
    year          = {1991},
    booktitle     = {Educational environments: Evaluation, antecedents and consequences},
    publisher     = {Pergamon Press},
    pages         = {55--74},
    editor        = {Fraser, B. J. and Walberg, H. J.},
}

@book{gamma1995,
    title         = {Design Patterns: Elements of Reusable Object-Oriented Software},
    author        = {Gamma, E. and Helm, R. and Johnson, R. and Vlissides, J.},
    year          = {1995},
    publisher     = {Addison-Wesley},
    address       = {Massachusetts},
}

@book{buschmann1996,
    title         = {Pattern-Oriented Software Architecture Volume 1: A System of Patterns},
    author        = {Buschmann, F. and Meunier, R. and Rohnet, H. and Sommerland, P. and Stal, M.},
    year          = {1996},
    publisher     = {Wiley \& Sons},
    address       = {New York},
}

@book{fayad1999,
    title         = {Building Application Frameworks: Object-Oriented Foundations of Framework Design},
    author        = {Fayad, M. E. and Schmidt, D. and Johnson, R.},
    year          = {1999},
    publisher     = {John Wiley \& Sons},
    address       = {New York},
}

@article{mattsson2000,
    title         = {Stability assessment of evolving industrial object-oriented frameworks},
    author        = {Mattsson, M. and Bosch, J.},
    year          = {2000},
    journal       = {J. Softw. Maint.: Res. Pract.},
    volume        = {12},
    number        = {2},
    pages         = {79--102},
}

@techreport{martins2002,
    title         = {Web Semântica: uma visão geral},
    author        = {Martins, Rosane Maria},
    year          = {2002},
    month         = {11},
    url           = {http://www.eng.uerj.br/~rosane/survey_generico.pdf},
    note          = {Acesso em: 03 fev. 2025},
    institution   = {Universidade Federal do Rio de Janeiro, Núcleo de Computação Eletrônica},
}

@techreport{freitas2004,
    title         = {Ontologias e a web semântica},
    author        = {Freitas, F. L. G. de},
    year          = {2004},
    url           = {https://oa.upm.es/72438/1/REV_JCR_07_C.pdf},
    note          = {Acesso em: 04 fev. 2025},
    institution   = {Universidade Católica de Santos},
}

@article{russell2005,
    title         = {An Overview of the Integrative Research Review},
    author        = {Russell, Cynthia L.},
    year          = {2005},
    journal       = {Progress in Transplantation},
    volume        = {15},
    number        = {1},
    pages         = {8--13},
    url           = {https://doi.org/10.1177/152692480501500102},
    note          = {Acesso em: 21 maio 2024},
}

@article{whitemore2005,
    title         = {The integrative review: updated methodology},
    author        = {Whitemore, R. and Knafl, K.},
    year          = {2005},
    journal       = {Journal of Advanced Nursing},
    volume        = {52},
    number        = {5},
    pages         = {546--553},
    doi           = {10.1111/j.1365-2648.2005.03621.x},
}

@article{Picker2007,
    title         = {Web Semântica: ontologias como ferramentas de representação do conhecimento},
    author        = {Picker, M. E. V.},
    year          = {2007},
    journal       = {Perspectivas em Ciência da Informação},
    volume        = {12},
    pages         = {65--83},
    doi           = {10.1590/s1413-99362007000100006},
    url           = {https://doi.org/10.1590/S1413-99362007000100006},
}

@article{campos2007,
    title         = {Integração de Ontologias: o domínio da bioinformática},
    author        = {Campos, M. l. a.},
    year          = {2007},
    journal       = {RECIIS - Revista de Comunicação, Informação \& Inovação em Saúde},
    volume        = {1},
    pages         = {117--121},
}

@article{rautenberg2008,
    title         = {A Methodology for the Development of Ontologies},
    author        = {Rautenberg, S. and Todesco, J. L. and Steil, A. V. and Gauthier, F. A. O.},
    year          = {2008},
    journal       = {Revista Ciências Exatas e Naturais},
    volume        = {10},
    number        = {2},
    pages         = {---},
    url           = {https://core.ac.uk/download/pdf/230455706.pdf},
}

@inproceedings{mostashari2011,
    title         = {Citizens as sensors: The cognitive city paradigm},
    author        = {Mostashari, A. and Arnold, F. and Maurer, M. and Wade, J.},
    year          = {2011},
    booktitle     = {2011 8th International Conference \& Expo on Emerging Technologies for a Smarter World},
    pages         = {1--5},
    url           = {https://ieeexplore.ieee.org/document/6135861},
    note          = {Acesso em: 24 nov. 2024},
}

@inproceedings{almeida2013,
    title         = {Interfaces entre ontologias e conceitos seminais da ciência da informação: em busca de avanços na organização do conhecimento},
    author        = {Almeida, M. b. and Mendonça, F. m. and Aganette, E. c.},
    year          = {2013},
    booktitle     = {XIV Encontro Nacional de Pesquisa em Ciência da Informação - XIV ENANCIB 2013},
    url           = {http://seminar.udcc.org/2011/index.htm},
    note          = {Acesso em: 04 fev. 2025},
}

@article{augusto2013,
    title         = {Intelligent Environments: a manifesto},
    author        = {Augusto, J. c. and Callaghan, V. and Cook, D. and Kameas, A. and Satoh, I.},
    year          = {2013},
    journal       = {Human-centric Computing and Information Sciences},
    volume        = {3},
    number        = {12},
    doi           = {10.1186/2192-1962-3-12},
}

@inproceedings{somov2013,
    title         = {Supporting smart-city mobility with cognitive Internet of Things},
    author        = {Somov, A. and Dupont, C. and Giaffreda, R.},
    year          = {2013},
    booktitle     = {2013 Future Network \& Mobile Summit},
    address       = {Lisboa, Portugal},
    pages         = {1--10},
    url           = {https://ieeexplore.ieee.org/document/6633520},
    note          = {Acesso em: 24 abr. 2024},
}

@inproceedings{singh2014,
    title         = {Cognitive routing for Information-Centric sensor networks in Smart Cities},
    author        = {Singh, G. T. and Al-Turjman, F. M.},
    year          = {2014},
    booktitle     = {2014 International Wireless Communications and Mobile Computing Conference (IWCMC)},
    address       = {Nicosia, Cyprus},
    pages         = {1124--1129},
    url           = {https://ieeexplore.ieee.org/document/6906512},
    note          = {Acesso em: 24 fev. 2024},
}

@inproceedings{kaltenrieder2015,
    title         = {Enhancing multidirectional communication for cognitive cities},
    author        = {Kaltenrieder, P. and Portmann, E. and D’Onofrio, S.},
    year          = {2015},
    booktitle     = {2015 Second International Conference on eDemocracy \& eGovernment (ICEDEG)},
    publisher     = {Ieee},
    pages         = {38--43},
    url           = {https://boris.unibe.ch/61471/},
    note          = {Acesso em: 11 abr. 2024},
}

@inproceedings{khansari2015,
    title         = {Case study of energy behavior: systems thinking approach},
    author        = {Khansari, N. and Darabi, H. R. and Mansouri, M. and Mostashari, A.},
    year          = {2015},
    booktitle     = {2015 IEEE international systems conference SysCon},
    url           = {https://ieeexplore.ieee.org/document/7116779},
    note          = {Acesso em: 11 abr. 2024},
}

@inproceedings{maio2015,
    title         = {What-if analysis combining Fuzzy Cognitive Map and Structural Equation Modeling},
    author        = {Maio, C. De and others},
    year          = {2015},
    booktitle     = {2015 Conference on Technologies and Applications of Artificial Intelligence (TAAI)},
    address       = {Tainan, Taiwan},
    pages         = {89--96},
    url           = {https://ieeexplore.ieee.org/document/7407094},
    note          = {Acesso em: 11 nov. 2024},
}

@inproceedings{kienzle2016,
    title         = {Cognitive Technologies for Smarter Cities},
    author        = {Kienzle, M. G.},
    year          = {2016},
    booktitle     = {36th International Conference on Distributed Computing Systems (ICDCS)},
    publisher     = {Ieee},
    address       = {Nara, Japan},
    pages         = {12--21},
    url           = {https://ieeexplore.ieee.org/document/7536499},
    note          = {Acesso em: 11 set. 2024},
}

@inproceedings{pagliaro2016,
    title         = {A roadmap toward the development of sapienza smart campus},
    author        = {Pagliaro, F. and Mattoni, B. and Gugliermetti, F. and Bisegna, F.},
    year          = {2016},
    booktitle     = {IEEE 16th International Conference on Environment and Electrical Engineering (EEEIC)},
    pages         = {1--6},
    doi           = {10.1109/eeeic.2016.7555573},
}

@article{Alnazer2017,
    title         = {Analysing the appropriate cognitive styles and its effect on strategic innovation in Jordanian universities},
    author        = {Alnazer, N. N. and Alnuaimi, M. A. and Alzoubi, H. M.},
    year          = {2017},
    journal       = {International Journal of Business Excellence},
    volume        = {13},
    number        = {1},
    pages         = {127--140},
    doi           = {10.1504/ijbex.2017.085799},
    url           = {https://doi.org/10.1504/IJBEX.2017.085799},
}

@inproceedings{delorenzo2017,
    title         = {Smarter spaces, smarter campus},
    author        = {De Lorenzo, S. and Ibuna, G. and Trinh, S. and Vesonder, G.},
    year          = {2017},
    month         = {10},
    booktitle     = {8th IEEE Annual Ubiquitous Computing, Electronics and Mobile Communication Conference (UEMCON)},
    publisher     = {Ieee},
    address       = {New York City, NY, USA},
    pages         = {479--484},
}

@inproceedings{patra2017,
    title         = {An architecture model for smart city using Cognitive Internet of Things (CIoT)},
    author        = {Patra, M. K.},
    year          = {2017},
    booktitle     = {2017 Second International Conference on Electrical, Computer and Communication Technologies (ICECCT)},
    address       = {Coimbatore, India},
    pages         = {1--6},
    url           = {https://ouci.dntb.gov.ua/en/works/4Keexmo9/},
    note          = {Acesso em: 12 nov. 2024},
}

@article{sastry2017,
    title         = {On building cognitive expert system for managing road traffic within smart cities},
    author        = {Sastry, J. K. R. and Bhanu, S. J.},
    year          = {2017},
    journal       = {J. Ponte},
    volume        = {73},
    number        = {7},
    url           = {https://www.pontejournal.net/mainpanel/abstract.php?TOKEN=gRkgF5411G&PID=PJ-KFW2K},
    note          = {Acesso em: 24 fev. 2024},
}

@incollection{alonso2018,
    title         = {Building Cognitive Cities with Explainable Artificial Intelligent Systems},
    author        = {Alonso, J. m. and Alencar, C.},
    year          = {2018},
    booktitle     = {CEx@AI*IA 2017},
    publisher     = {Computer Science},
    url           = {https://www.semanticscholar.org/paper/Building-Cognitive-Cities-with-Explainable-Systems-Alonso-Mencar/0d2e5562e3b86c58ed775ca59bef324f4f77e99b},
    note          = {Acesso em: 01 maio 2024},
}

@incollection{golovianko2017,
    title         = {From Deep Learning to Deep University: Cognitive Development of Intelligent Systems},
    author        = {Golovianko, M. and Gryshko, S. and Terziyan, V.},
    year          = {2018},
    booktitle     = {Semantic Keyword-Based Search on Structured Data Sources},
    publisher     = {Springer International Publishing},
    series        = {Lecture Notes in Computer Science},
    volume        = {10546},
    pages         = {80--85},
    doi           = {10.1007/978-3-319-74497-1_8},
    url           = {https://doi.org/10.1007/978-3-319-74497-1_8},
    editor        = {Szymański, J. and Velegrakis, Y.},
}

@article{alzahrani2018,
    title         = {Resource Management for Cognitive IoT Systems With RF Energy Harvesting in Smart Cities},
    author        = {Alzahrani, B. a. and Ejaz, W.},
    year          = {2018},
    journal       = {IEEE Access},
    volume        = {6},
    pages         = {62717--62727},
    doi           = {10.1109/access.2018.2877724},
    note          = {Acesso em: 01 maio 2024},
}

@inproceedings{baig2018cognitive,
    title         = {Cognitive Architecture Based Smart Homes for Smart Cities},
    author        = {Baig, M. N. and Himarish, M. N. and Pranaya, Y. C. and Ahmed, M. R.},
    year          = {2018},
    booktitle     = {2018 2nd International Conference on Trends in Electronics and Informatics (ICOEI)},
    publisher     = {Ieee},
    address       = {Tirunelveli, India},
    pages         = {461--465},
    doi           = {10.1109/icoei.2018.8553774},
}

@incollection{cuenca2018,
    title         = {Towards cognitive cities in the energy domain},
    author        = {Cuenca, J. and Larrinaga, F. and Eciolaza, L. and Curry, E.},
    year          = {2018},
    booktitle     = {Lecture Notes in Computer Science},
    publisher     = {Springer International Publishing},
    volume        = {176},
    pages         = {155--183},
    url           = {https://link.springer.com/chapter/10.1007/978-3-030-00317-3_7?fromPaywallRec=true},
    note          = {Acesso em: 11 abr. 2024},
}

@incollection{donofrio2018,
    title         = {Using Fuzzy Cognitive Maps to Arouse Learning Processes in Cities},
    author        = {D'onofrio, S. and Papageorgiou, E. and Portmann, E.},
    year          = {2018},
    booktitle     = {Designing Cognitive Cities},
    publisher     = {Springer},
    pages         = {107--130},
    url           = {https://link.springer.com/chapter/10.1007/978-3-030-00317-3_5},
    note          = {Acesso em: 11 abr. 2024},
}

@inproceedings{fang2018,
    title         = {Application for the Geriatrics in Cognitive City: Prevention of Lost Patient with Dementia},
    author        = {Fang, C. C.},
    year          = {2018},
    booktitle     = {2018 1st International Cognitive Cities Conference (IC3)},
    address       = {Okinawa, Japan},
    pages         = {28--31},
    url           = {https://ieeexplore.ieee.org/document/8567162},
    note          = {Acesso em: 15 abr. 2024},
}

@incollection{karpov2018,
    title         = {The Creative Space of University as a Cognitive-Generative System},
    author        = {Karpov, A. O.},
    year          = {2018},
    booktitle     = {Intelligent Human Systems Integration},
    publisher     = {Springer International Publishing},
    series        = {Advances in Intelligent Systems and Computing},
    volume        = {722},
    pages         = {727--732},
    doi           = {10.1007/978-3-319-73888-8_112},
    editor        = {Karwowski, W. and Ahram, T.},
}

@incollection{mansouri2018,
    title         = {A conceptual model for intelligent urban governance: influencing energy behaviour in cognitive cities},
    author        = {Mansouri, M. and Khansari, N.},
    year          = {2018},
    booktitle     = {Designing Cognitive Cities},
    publisher     = {Springer, Cham},
    volume        = {176},
    pages         = {185--202},
    url           = {https://link.springer.com/chapter/10.1007/978-3-030-00317-3_8},
    note          = {Acesso em: 21 nov. 2024},
}

@article{mohammadi2018,
    title         = {Enabling Cognitive Smart Cities Using Big Data and Machine Learning: Approaches and Challenges},
    author        = {Mohammadi, M. and Al-Fugaha, A.},
    year          = {2018},
    journal       = {IEEE Communications Magazine},
    volume        = {56},
    pages         = {94--101},
    url           = {https://arxiv.org/pdf/1810.04107},
    note          = {Acesso em: 24 nov. 2024},
}

@inproceedings{LimaTeran2019,
    title         = {Cognitive Smart Cities and Deep Learning: A Classification Framework},
    author        = {Lima, S. and Teran, L.},
    year          = {2019},
    booktitle     = {2019 Sixth International Conference on eDemocracy \& eGovernment (ICEDEG)},
    publisher     = {Institute of Electrical and Electronics Engineers Inc.},
    pages         = {180--187},
    doi           = {10.1109/icedeg.2019.8734346},
    url           = {https://doi.org/10.1109/ICEDEG.2019.8734346},
}

@article{belyaev2019,
    title         = {Potential of cognitive management and value-communicative nature of University Education},
    author        = {Belyaev, D. a. and Volkova, O. a. and Shebolkina, E. p.},
    year          = {2019},
    journal       = {Moscow Polytechnic University},
    volume        = {28},
    number        = {2},
    pages         = {105--116},
    doi           = {10.31992/0869-3617-2019-28-2-105-116},
}

@incollection{hudec2019,
    title         = {Possibilities for Linguistic Summaries in Cognitive Cities},
    author        = {Hudec, M.},
    year          = {2019},
    booktitle     = {Designing Cognitive Cities},
    publisher     = {Springer, Cham},
    series        = {Studies in Systems, Decision and Control},
    volume        = {176},
    doi           = {10.1007/978-3-030-00317-3_3},
    url           = {https://doi.org/10.1007/978-3-030-00317-3_3},
    note          = {Acesso em: 18 abr. 2024},
    editor        = {Portmann, E. and Tabacchi, M. and Seising, R. and Habenstein, A.},
}

@article{jimenez2019,
    title         = {Innovative entrepreneurships, from the cognitive competences in university students},
    author        = {Jiménez-Silva, W. and Larrea-Altamirano, J. and Navarrete-Fonseca, M. and Castro-Ayala, E.},
    year          = {2019},
    journal       = {Revista Venezolana de Gerência},
    volume        = {24},
    number        = {85},
    url           = {https://repositorio.uti.edu.ec/handle/123456789/3136},
    note          = {Acesso em: fev. 2024},
}

@article{park2019,
    title         = {CIoT-Net: a scalable cognitive IoT based smart city network architecture},
    author        = {Park, J. and Salim, M. M. and Jo, J. H. and Sicato, J. C. and Rathore, S. and Park, J. H.},
    year          = {2019},
    journal       = {Human-centric Computing and Information Sciences},
    volume        = {9},
    pages         = {1--20},
    url           = {https://www.semanticscholar.org/paper/CIoT-Net%3A-a-scalable-cognitive-IoT-based-smart-city-Park-Salim/07e1167f25eefc4fc6683217f592a020eb98ff7e},
    note          = {Acesso em: 12 nov. 2024},
}

@article{rahman2019,
    title         = {Blockchain and IoT-Based Cognitive Edge Framework for Sharing Economy Services in a Smart City},
    author        = {Rahman, M. A. and Rashid, M. M. and Hossain, M. and Hassanain, S. E. and Alhamid, M. F. and Guizani, M.},
    year          = {2019},
    journal       = {IEEE Access},
    volume        = {7},
    pages         = {18611--18621},
    url           = {https://ieeexplore.ieee.org/document/8629866},
    note          = {Acesso em: 12 nov. 2024},
}

@article{ramlee2019,
    title         = {Towards 3D Smart Campus via 3D City Modelling},
    author        = {Ramlee, S. S. S. and Abd Razak, N. and Ujang, U. and Mohd Salleh, S. and Azri, S. and Choon, T. L.},
    year          = {2019},
    journal       = {International Society for Photogrammetry and Remote Sensing},
    volume        = {42},
    number        = {4-w16},
    pages         = {523--526},
    url           = {https://isprs-archives.copernicus.org/articles/XLII-4-W16/523/2019/},
    note          = {Acesso em: 12 nov. 2024},
}

@incollection{tabacchi2019,
    title         = {Designing cognitive cities},
    author        = {Tabacchi, M. E. and et al.},
    year          = {2019},
    booktitle     = {Designing Cognitive Cities},
    publisher     = {Springer International Publishing},
    series        = {Studies in Systems, Decision and Control},
    volume        = {176},
    pages         = {3--27},
    url           = {https://link.springer.com/chapter/10.1007/978-3-030-00317-3_1},
    note          = {Acesso em: 24 abr. 2024},
}

@article{alrashed2020,
    title         = {Key performance indicators for Smart Campus and Microgrid},
    author        = {Alrashed, S.},
    year          = {2020},
    journal       = {Sustainable Cities and Society},
    volume        = {60},
    doi           = {10.1016/j.scs.2020.102264},
    note          = {Acesso em: 01 maio 2024},
}

@article{bittenbinder2020,
    title         = {The organization of a “Learnscape” node in the cognitive university campuses network in Poveglia island},
    author        = {Bittenbinder, F. and Liu, C. and Moretti, N. and Tagliabue, L. c. and Ciribini, A. l. c. and Re Cecconi, F. and Kovacic, I.},
    year          = {2020},
    journal       = {International Centre for Sustainable Development of Energy, Water and Environment Systems SDEWES},
    volume        = {8},
    number        = {4},
    pages         = {788--814},
    url           = {https://www.sdewes.org/jsdewes/pid7.0317},
    note          = {Acesso em: 11 ago. 2024},
}

@inproceedings{chesnevar2020,
    title         = {A first approach towards integrating computational},
    author        = {Chesnevar, C. et al.},
    year          = {2020},
    booktitle     = {Icegov'20},
    address       = {Athens, Greece},
    pages         = {23--25},
    url           = {https://doi.org/10.1145/3428502.3428506},
    note          = {Acesso em: 11 maio 2024},
}

@article{hadwan2020,
    title         = {Towards a Smart Campus for Qassim University: An Investigation of Indoor Navigation System},
    author        = {Hadwan, M. and Khan, R. U. and Abuzanouneh, K. I. M.},
    year          = {2020},
    journal       = {Advances in Science, Technology and Engineering Systems Journal},
    volume        = {5},
    number        = {6},
    pages         = {831--837},
    url           = {https://www.astesj.com/v05/i06/p99/},
    note          = {Acesso em: 18 abr. 2024},
}

@inproceedings{vaca-cardenas2020,
    title         = {Trends and Challenges of HCI in the New Paradigm of Cognitive Cities},
    author        = {Vaca-Cardenas, L. and Avila-Pesantez, D. and Vaca-Cardenas, M. and Meza, J.},
    year          = {2020},
    booktitle     = {2020 IEEE Second International Conference on eDemocracy \& eGovernment (ICEDEG)},
    pages         = {120--126},
    doi           = {10.1109/icedeg48599.2020.9096845},
}

@article{vasetskaya2020,
    title         = {Cognitive-innovative University: Intension, Concepts, Definitions},
    author        = {Vasetskaya, N. O. and Glukh, V. V. and Boush, G. D.},
    year          = {2020},
    journal       = {IOP Conference Series: Materials Science and Engineering},
    volume        = {940},
    number        = {1},
    pages         = {012143},
    doi           = {10.1088/1757-899x/940/1/012143},
}

@incollection{augusto2021,
    title         = {A smart campus template},
    author        = {Augusto, J.},
    year          = {2021},
    month         = {6},
    booktitle     = {3rd International Workshop on Intelligent Environments and Buildings (IEB’21)},
    publisher     = {IOS Press},
    address       = {Virtual Event},
    pages         = {71--80},
    doi           = {10.3233/aise210083},
    editor        = {Bashir, E. and Luštrek, M.},
}

@inproceedings{calache2021,
    title         = {Identificação e avaliação de critérios para seleção de projetos sustentáveis aplicando o VFT e o Fuzzy DEMATEL},
    author        = {Calache, L. d. d. r. and Bertassini, A. c. and Osiro, L. and Carpinetti, L. c. r.},
    year          = {2021},
    booktitle     = {XLI Encontro Nacional de Engenharia de Produção – ENEGEP},
    address       = {Foz do Iguaçu, Paraná, Brasil},
    doi           = {10.14488/enegep2021_tn_wpg_362_1872_42096},
}

@article{chapman2021,
    title         = {Environmentally Sustainable Urban Development and Internet of Things Connected Sensors in Cognitive Smart Cities},
    author        = {Chapman, D.},
    year          = {2021},
    journal       = {Geopolitics, History, and International Relations},
    volume        = {13},
    number        = {2},
    pages         = {51--64},
    url           = {https://www.jstor.org/stable/48628610},
    note          = {Acesso em: 11 ago. 2024},
}

@article{daniel2021,
    title         = {Collaborative Intrusion Detection System in Cognitive Smart City Network (CSC-Net)},
    author        = {Daniel, D. and Preethi, N. and Jakka, A. and Eswaran, S.},
    year          = {2021},
    journal       = {International Journal of Knowledge and Systems Science (IJKSS)},
    publisher     = {IGI Global},
    volume        = {12},
    number        = {1},
    pages         = {60--73},
    url           = {https://www.researchgate.net/publication/348761351_Collaborative_Intrusion_Detection_System_in_Cognitive_Smart_City_Network_CSC-Net},
    note          = {Acesso em: 11 abr. 2024},
}

@inproceedings{karasan2021,
    title         = {An Integrated Fuzzy DEMATEL and Fuzzy Cognitive Mapping Methodology for Prioritizing Smart Campus Investments},
    author        = {Karasan, A. and Kahraman, C.},
    year          = {2021},
    booktitle     = {2021},
    publisher     = {Springer Nature Switzerland AG},
    pages         = {701--708},
    url           = {https://research.itu.edu.tr/en/publications/an-integrated-fuzzy-dematel-and-fuzzy-cognitive-mapping-methodolo},
    note          = {Acesso em: 11 abr. 2024},
}

@article{lessard2021,
    title         = {Smart Campuses: Extensive Review of the Last Decade of Research and Current Challenges},
    author        = {Lessard, N. and Gosselin, L. and Bernabé, S. and Bello-Ochende, T. and Fendt, S. and Goers, S.},
    year          = {2021},
    journal       = {IEEE Access},
    volume        = {9},
    pages         = {124200--124234},
    doi           = {10.1109/access.2021.3109516},
}

@article{machin2021,
    title         = {Privacy and Security in Cognitive Cities: A Systematic Review},
    author        = {Machin, J. and Batista, E. and Martinez-Ballersté, A. and Solanas, A.},
    year          = {2021},
    journal       = {Applied Sciences},
    volume        = {11},
    number        = {10},
    pages         = {4471},
    url           = {https://doi.org/10.3390/app11104471},
    note          = {Acesso em: 11 set. 2024},
}

@article{madyatmadja2021,
    title         = {IoT Usage On Smart Campus: A Systematic Literature Review},
    author        = {Madyatmadja, E. D. and Yulia, T. R. and Sembiring, D. J. M. and Angin, S. M. B. P.},
    year          = {2021},
    journal       = {International Journal of Emerging Technology and Advanced Engineering},
    volume        = {11},
    number        = {5},
    url           = {https://ijetae.com/files/Volume11Issue5/IJETAE_0521_06.pdf},
    note          = {Acesso em: 11 set. 2024},
}

@article{mansur2021,
    title         = {Performance analysis of smart lighting control system for sustainable campus operation},
    author        = {Mansur, T. M. N. T. and Ali, R. and Baharudin, N. H. and Ananda-Rao, K.},
    year          = {2021},
    journal       = {International Journal of Advanced Technology and Engineering Exploration},
    volume        = {8},
    pages         = {54--63},
    url           = {https://www.accentsjournals.org/paperInfo.php?journalPaperId=1246},
    note          = {Acesso em: 21 nov. 2024},
}

@misc{mohammadi2021,
    title         = {The Smart Campus as a Testing Ground for Smart Cities},
    author        = {Mohammadi, A. M. and Hajrasouliha, A. and Cleary, J. P. and Woo, J. H.},
    year          = {2021},
    url           = {https://peer.asee.org/the-smart-campus-as-a-testing-ground-for-smart-cities},
    note          = {Acesso em: 11 nov. 2024},
    howpublished  = {American Society for Engineering Education},
}

@article{musa2021,
    title         = {Smart Campus Implementation in Universiti Tun Hussein Onn Malaysia: Towards a Conceptual Framework},
    author        = {Musa, M. and Ismail, M. and Fudzee, M.},
    year          = {2021},
    journal       = {Journal of Physics: Conference Series},
    volume        = {1860},
    doi           = {10.1088/1742-6596/1860/1/012008},
}

@article{mustafa2021,
    title         = {Student Perception Study on Smart Campus: A Case Study on Higher Education Institution},
    author        = {Mustafa, M. F. and Mohd Isa, M. R. and Abdul Rauf, U. F. and Ismail, M. N. and Mohd Shukran, M. A. and Khairuddin, M. A. and Wahab, N. and Mohd Safar, N. Z.},
    year          = {2021},
    journal       = {Malaysian Journal of Computer Science},
    pages         = {1--20},
    doi           = {10.22452/mjcs.sp2021no1.1},
}

@mastersthesis{nobrega2021,
    title         = {Smart campus: indicators for the smartization process at universities},
    author        = {Nóbrega, P. I. da S.},
    year          = {2021},
    url           = {http://dspace.sti.ufcg.edu.br:8080/xmlui/handle/riufcg/22981},
    note          = {Acesso em: 20 jan. 2024},
    school        = {Universidade Federal de Campina Grande – UFCG},
}

@article{omotayo2021,
    title         = {Infrastructure elements for smart campuses: A bibliometric analysis},
    author        = {Omotayo, T. and Moghayedi, A. and Awuzie, B. and Ajayi, S.},
    year          = {2021},
    journal       = {Sustainability},
    volume        = {13},
    number        = {14},
    pages         = {7960},
    url           = {https://www.mdpi.com/2071-1050/13/14/7960},
    note          = {Acesso em: 24 nov. 2024},
}

@inproceedings{rausch2021,
    title         = {Towards a Platform for Smart City-Scale Cognitive Assistance Applications},
    author        = {Rausch, T. and et al.},
    year          = {2021},
    booktitle     = {Proceedings of the IEEE Conference on Virtual Reality and 3D User Interfaces Abstracts and Workshops (VRW 2021)},
    address       = {Lisbon, Portugal},
    pages         = {330--335},
    url           = {https://publik.tuwien.ac.at/showentry.php?ID=296203&lang=2},
    note          = {Acesso em: 24 fev. 2024},
}

@inproceedings{rezaei2021,
    title         = {A Systematic Approach to Design of Cross Contextual Systems in Cities: Cognitive Neighborhoods},
    author        = {Rezaei, R. M. A. and Pittman, S. and Tomblin, S.},
    year          = {2021},
    booktitle     = {2021 2nd International Conference On Smart Cities, Automation \& Intelligent Computing Systems (ICON-SONICS)},
    address       = {Tangerang, Indonesia},
    pages         = {37--44},
    url           = {https://ieeexplore.ieee.org/document/9617197},
    note          = {Acesso em: 24 fev. 2024},
}

@article{sangwan2021,
    title         = {Soft computing for abuse detection using cyber‐physical and social big data in cognitive smart cities},
    author        = {Sangwan, S. R. and Bhatia, M. P.},
    year          = {2021},
    journal       = {Expert Systems},
    volume        = {39},
    url           = {https://www.semanticscholar.org/paper/Soft-computing-for-abuse-detection-using-and-social-Sangwan-Bhatia/612480241cb523a6d55b8f1f2b47a53f62078951},
    note          = {Acesso em: 24 fev. 2024},
}

@article{coccoli2022,
    title         = {A cloud-based cognitive computing solution with interoperable applications to counteract illegal dumping in smart cities},
    author        = {Coccoli, M. and Francesco, V. and Fusco, A. and Maresca, P.},
    year          = {2022},
    journal       = {Multimedia Tools and Applications},
    volume        = {81},
    pages         = {95--113},
    url           = {https://link.springer.com/article/10.1007/s11042-021-11238-8},
    note          = {Acesso em: 11 maio 2024},
}

@article{rani2022,
    title         = {Improvement of energy conservation using blockchain-enabled cognitive wireless networks for smart cities},
    author        = {Rani, S. and Babbar, H. and Shah, S. H. A. and et al.},
    year          = {2022},
    journal       = {Scientific Reports},
    volume        = {12},
    pages         = {13013},
    url           = {https://doi.org/10.1038/s41598-022-16916-7},
    note          = {Acesso em: 12 nov. 2024},
}

@article{vaz2022,
    title         = {Strategic visualization: the (real) usefulness of cognitive mapping in smart city conceptualization},
    author        = {Vaz, A. and et al.},
    year          = {2022},
    journal       = {Management Decision},
    volume        = {60},
    number        = {4},
    pages         = {916--939},
    url           = {https://www.ingentaconnect.com/content/mcb/001/2021/00000060/00000004/art00003},
    note          = {Acesso em: 24 abr. 2024},
}

@article{giuriatti2023,
    title         = {Smart Campus: Uma Revisão Da Literatura Para Identificação Das Dimensões Que Compreendem A Customização Universitária},
    author        = {Giuriatti, T. and Miranda, C. and Boeing Althof, R. and Luiz de Souza Paula, G. and Artur de Souza, J.},
    year          = {2023},
    journal       = {Anais do Congresso Internacional de Conhecimento e Inovação - Ciki},
    volume        = {1},
    number        = {1},
    url           = {https://proceeding.ciki.ufsc.br/index.php/ciki/article/view/1486},
    note          = {Acesso em: 11 abr. 2024},
}

@article{wang2023,
    title         = {A study on the cognitive model of student management in colleges and universities under the perspective of big data technology},
    author        = {Wang, E.},
    year          = {2023},
    journal       = {Annals of Management Science},
    url           = {https://sciendo.com/article/10.2478/amns.2023.1.00468},
    note          = {Acesso em: 24 abr. 2024},
}

@article{giuriatti2024,
    title         = {Cidades cognitivas: uma estrutura para a gestão resiliente do ambiente urbano},
    author        = {Giuriatti, T. and de Miranda Giuriatti, C. and Souza, J. A. de and Paula, G. L. de S.},
    year          = {2024},
    journal       = {Revista De Gestão E Secretariado},
    volume        = {15},
    number        = {9},
    pages         = {e4123},
    doi           = {10.7769/gesec.v15i9.4123},
    url           = {https://doi.org/10.7769/gesec.v15i9.4123},
    note          = {Acesso em: 11 abr. 2024},
}
