@article{skrbinjek_predicting_2019,
    title         = {Predicting students' satisfaction using a decision tree},
    author        = {Skrbinjek, Vesna and Dermol, Valerij},
    year          = {2019},
    month         = jun,
    journal       = {Tertiary Education and Management},
    volume        = {25},
    number        = {2},
    pages         = {101--113},
    doi           = {10.1007/s11233-018-09018-5},
    issn          = {1358-3883, 1573-1936},
    url           = {http://link.springer.com/10.1007/s11233-018-09018-5},
    urldate       = {2023-01-07},
}

@article{alenezi_utilizing_2020,
    title         = {Utilizing crowdsourcing and machine learning in education: {Literature} review},
    shorttitle    = {Utilizing crowdsourcing and machine learning in education},
    author        = {Alenezi, Hadeel S. and Faisal, Maha H.},
    year          = {2020},
    month         = jul,
    journal       = {Education and Information Technologies},
    volume        = {25},
    number        = {4},
    pages         = {2971--2986},
    doi           = {10.1007/s10639-020-10102-w},
    issn          = {1360-2357, 1573-7608},
    url           = {http://link.springer.com/10.1007/s10639-020-10102-w},
    urldate       = {2023-01-07},
}

@article{area-moreira_blended_2020,
    title         = {From blended teaching to online teaching in the days of {Covid19}. {Student} visions},
    author        = {Area-Moreira, M. and Bethencourt-Aguilar, A. and Martin-Gomez, S.},
    year          = {2020},
    journal       = {Campus Virtuales},
    pages         = {35--50},
    url           = {https://pesquisa.bvsalud.org/global-literature-on-novel-coronavirus-2019-ncov/resource/pt/covidwho-972905},
    urldate       = {2023-01-07},
}

@article{cabero-almenara_covid-19:_2020,
    title         = {Covid-19: radical transformation of digitization in university institutions},
    shorttitle    = {Covid-19},
    author        = {Cabero-Almenara, J. and Llorente-Cejudo, C.},
    year          = {2020},
    journal       = {Campus Virtuales},
    pages         = {25--34},
    url           = {https://pesquisa.bvsalud.org/global-literature-on-novel-coronavirus-2019-ncov/resource/pt/covidwho-972916},
    urldate       = {2023-01-07},
}

@article{doleck_predictive_2020,
    title         = {Predictive analytics in education: a comparison of deep learning frameworks},
    shorttitle    = {Predictive analytics in education},
    author        = {Doleck, Tenzin and Lemay, David John and Basnet, Ram B. and Bazelais, Paul},
    year          = {2020},
    month         = may,
    journal       = {Education and Information Technologies},
    volume        = {25},
    number        = {3},
    pages         = {1951--1963},
    doi           = {10.1007/s10639-019-10068-4},
    issn          = {1360-2357, 1573-7608},
    url           = {http://link.springer.com/10.1007/s10639-019-10068-4},
    urldate       = {2023-01-07},
}

@article{khanal_systematic_2020,
    title         = {A systematic review: machine learning based recommendation systems for e-learning},
    shorttitle    = {A systematic review},
    author        = {Khanal, Shristi Shakya and Prasad, P.W.C. and Alsadoon, Abeer and Maag, Angelika},
    year          = {2020},
    month         = jul,
    journal       = {Education and Information Technologies},
    volume        = {25},
    number        = {4},
    pages         = {2635--2664},
    doi           = {10.1007/s10639-019-10063-9},
    issn          = {1360-2357, 1573-7608},
    url           = {http://link.springer.com/10.1007/s10639-019-10063-9},
    urldate       = {2023-01-07},
}

@article{salas-rueda_use_2020,
    title         = {Use of the flipped classroom to design creative and active activities in the field of computer science},
    author        = {Salas-Rueda, Ricardo Ad\'{a}n},
    year          = {2020},
    month         = mar,
    journal       = {Creativity Studies},
    volume        = {13},
    number        = {1},
    pages         = {136--151},
    doi           = {10.3846/cs.2020.10336},
    issn          = {2345-0479, 2345-0487},
    url           = {https://journals.vilniustech.lt/index.php/CS/article/view/10336},
    urldate       = {2023-01-07},
}

@article{chadaga_battling_2021,
    title         = {Battling {COVID}-19 using machine learning: {A} review},
    shorttitle    = {Battling {COVID}-19 using machine learning},
    author        = {Chadaga, Krishnaraj and Prabhu, Srikanth and Vivekananda, Bhat K and Niranjana, S. and Umakanth, Shashikiran},
    year          = {2021},
    month         = jan,
    journal       = {Cogent Engineering},
    volume        = {8},
    number        = {1},
    pages         = {1958666},
    doi           = {10.1080/23311916.2021.1958666},
    issn          = {2331-1916},
    url           = {https://www.tandfonline.com/doi/full/10.1080/23311916.2021.1958666},
    urldate       = {2023-01-07},
    editor        = {Pham, D T},
}

@article{garcia_integration_2021,
    title         = {Integration of {Learning} {Management} {System} as an {Aid} in {Teaching}: {An} {Assessment}},
    shorttitle    = {Integration of {Learning} {Management} {System} as an {Aid} in {Teaching}},
    author        = {Garcia, Rizaldy and M., Anjo and V., Nida},
    year          = {2021},
    month         = oct,
    journal       = {European Journal of Educational Research},
    volume        = {10},
    number        = {4},
    pages         = {1907--1918},
    doi           = {10.12973/eu-jer.10.4.1907},
    issn          = {21658714, 21658714},
    url           = {https://eu-jer.com/integration-of-learning-management-system-as-an-aid-in-teaching-an-assessment},
    urldate       = {2023-01-07},
}

@article{gormaz-lobos_evaluation_2021,
    title         = {Evaluation {Results} of an {Online} {Teacher} {Training} {Course} {Specialized} in {Engineering} {Education}},
    author        = {Gormaz-Lobos, Diego and Galarce-Miranda, Claudia and Kersten, Steffen},
    year          = {2021},
    month         = oct,
    journal       = {International Journal of Engineering Pedagogy (iJEP)},
    volume        = {11},
    number        = {5},
    pages         = {54},
    doi           = {10.3991/ijep.v11i5.21981},
    issn          = {2192-4880},
    url           = {https://online-journals.org/index.php/i-jep/article/view/21981},
    urldate       = {2023-01-07},
}

@article{khakpour_convergence_2021,
    title         = {Convergence of {Gamification} and {Machine} {Learning}: {A} {Systematic} {Literature} {Review}},
    shorttitle    = {Convergence of {Gamification} and {Machine} {Learning}},
    author        = {Khakpour, Alireza and Colomo-Palacios, Ricardo},
    year          = {2021},
    month         = sep,
    journal       = {Technology, Knowledge and Learning},
    volume        = {26},
    number        = {3},
    pages         = {597--636},
    doi           = {10.1007/s10758-020-09456-4},
    issn          = {2211-1662, 2211-1670},
    url           = {https://link.springer.com/10.1007/s10758-020-09456-4},
    urldate       = {2023-01-07},
}

@article{omirzak_students_2021,
    title         = {Students' {Perception} {About} the {Use} of {Mobile} {Learning} in {Solving} {Engineering} {Problems} {Collaboratively}},
    author        = {Omirzak, Islam and Ralin, Andrey and Kasatkin, Boris and Vorona-Slivinskaya, Lubov and Dubinina, Natalia},
    year          = {2021},
    month         = dec,
    journal       = {International Journal of Engineering Pedagogy (iJEP)},
    volume        = {11},
    number        = {6},
    pages         = {102--116},
    doi           = {10.3991/ijep.v11i6.24647},
    issn          = {2192-4880},
    url           = {https://online-journals.org/index.php/i-jep/article/view/24647},
    urldate       = {2023-01-07},
}

@article{perera_university_2021,
    title         = {University {Students}' {Perceptions} toward the {Use} of an {Online} {Student} {Response} {System} in {Game}-{Based} {Learning} {Experiences} with {Mobile} {Technology}},
    author        = {Perera, V\'{\i}ctor and Herv\'{a}s-G\'{o}mez, Carlos},
    year          = {2021},
    month         = apr,
    journal       = {European Journal of Educational Research},
    volume        = {10},
    number        = {2},
    pages         = {1009--1022},
    doi           = {10.12973/eu-jer.10.2.1009},
    issn          = {21658714, 21658714},
    url           = {https://eu-jer.com/university-students-perceptions-toward-the-use-of-an-online-student-response-system-in-game-based-learning-experiences-with-mobile-technology},
    urldate       = {2023-01-07},
}

@article{salas-rueda_use_2021,
    title         = {Use of flipped classroom in the marketing career during the educational process on financial mathematics},
    author        = {Salas-Rueda, Ricardo-Ad\'{a}n},
    year          = {2021},
    month         = jul,
    journal       = {Education and Information Technologies},
    volume        = {26},
    number        = {4},
    pages         = {4261--4284},
    doi           = {10.1007/s10639-021-10470-x},
    issn          = {1360-2357, 1573-7608},
    url           = {https://link.springer.com/10.1007/s10639-021-10470-x},
    urldate       = {2023-01-07},
}

@article{farsi_investigating_2022,
    title         = {Investigating nursing students' satisfaction with the quality of courses and virtual learning during the covid-19 pandemic in 2020-2021},
    author        = {Farsi, Zahra and Afaghi, Effat and Fournier, Andrew J. and Ahmadi, Yazdan and Sajadi, Seyedeh Azam and Aliyari, Shahla},
    year          = {2022},
    month         = jul,
    journal       = {Turkish Online Journal of Distance Education},
    volume        = {23},
    number        = {3},
    pages         = {103--117},
    doi           = {10.17718/tojde.1137240},
    issn          = {1302-6488},
    url           = {https://dergipark.org.tr/en/pub/tojde/issue/70682/1137240},
    urldate       = {2023-01-07},
}

@article{kaminske_cell_2022,
    title         = {Cell {Phone} {Notifications} {Harm} {Attention}: {An} {Exploration} of the {Factors} that {Contribute} to {Distraction}},
    shorttitle    = {Cell {Phone} {Notifications} {Harm} {Attention}},
    author        = {Kaminske, Althea and Brown, Adam and Aylward, Anna and Haller, Mckenzie},
    year          = {2022},
    month         = jul,
    journal       = {European Journal of Educational Research},
    volume        = {11},
    number        = {3},
    pages         = {1487--1494},
    doi           = {10.12973/eu-jer.11.3.1487},
    issn          = {21658714, 21658714},
    url           = {https://eu-jer.com/cell-phone-notifications-harm-attention-an-exploration-of-the-factors-that-contribute-to-distraction},
    urldate       = {2023-01-07},
}

@article{galarce-miranda_analysis_2022,
    title         = {An {Analysis} of {Students}' {Perceptions} of the {Educational} {Use} of {ICTs} and {Educational} {Technologies} during the {Online} {Learning}},
    author        = {Galarce-Miranda, Claudia and Gormaz-Lobos, Diego and Hortsch, Hanno},
    year          = {2022},
    month         = mar,
    journal       = {International Journal of Engineering Pedagogy (iJEP)},
    volume        = {12},
    number        = {2},
    pages         = {62--74},
    doi           = {10.3991/ijep.v12i2.29949},
    issn          = {2192-4880},
    url           = {https://online-journals.org/index.php/i-jep/article/view/29949},
    urldate       = {2023-01-07},
}

@article{heethal_jaiprakash_flipped_2022,
    title         = {Flipped {Classroom} for {Pharmacology} {Teaching} in a {Malaysian} {Medical} {School} using {Online} {Tools} during the {COVID}-19 {Pandemic}: {Knowledge} {Gained} and {Student} {Perception}},
    shorttitle    = {Flipped {Classroom} for {Pharmacology} {Teaching} in a {Malaysian} {Medical} {School} using {Online} {Tools} during the {COVID}-19 {Pandemic}},
    author        = {{Heethal Jaiprakash}},
    year          = {2022},
    month         = jun,
    journal       = {International Journal of Online and Biomedical Engineering (iJOE)},
    volume        = {18},
    number        = {08},
    pages         = {154--161},
    doi           = {10.3991/ijoe.v18i08.31783},
    issn          = {2626-8493},
    url           = {https://online-journals.org/index.php/i-joe/article/view/31783},
    urldate       = {2023-01-07},
}

@article{karahisar_research_2022,
    title         = {A research on distance education and alienation in academic staff during the covid-19 pandemic},
    author        = {Karahisar, Tuba and Unluer, Ayhan Oguz},
    year          = {2022},
    month         = jul,
    journal       = {Turkish Online Journal of Distance Education},
    volume        = {23},
    number        = {3},
    pages         = {68--85},
    doi           = {10.17718/tojde.1137201},
    issn          = {1302-6488},
    url           = {https://dergipark.org.tr/en/pub/tojde/issue/70682/1137201},
    urldate       = {2023-01-07},
}

@article{kiketa_design_2022,
    title         = {Design and {Implementation} of a {Blended} {Learning} {System} for {Higher} {Education} in the {Democratic} {Republic} of {Congo} as a {Response} to {Covid}-19 {Pandemic}},
    author        = {Kiketa, Vogel and Kashoba, Hattie and Kasereka, Selain and Maniamfu, Pavodi and Kutangila, David and Buhendwa, Frank and Nyazabe, Sllife and Katshitshi, Jeans-Jacques},
    year          = {2022},
    month         = jul,
    journal       = {International Journal of Emerging Technologies in Learning (iJET)},
    volume        = {17},
    number        = {13},
    pages         = {64--83},
    doi           = {10.3991/ijet.v17i13.30185},
    issn          = {1863-0383},
    url           = {https://online-journals.org/index.php/i-jet/article/view/30185},
    urldate       = {2023-01-07},
}

@article{koyuncu_classification_2022,
    title         = {Classification of students' achievement via machine learning by using system logs in learning management system},
    author        = {Koyuncu, Ilhan and Kilic, Abdullah Faruk and Goksun, Derya ORHAN},
    year          = {2022},
    month         = jul,
    journal       = {Turkish Online Journal of Distance Education},
    volume        = {23},
    number        = {3},
    pages         = {18--30},
    doi           = {10.17718/tojde.1137114},
    issn          = {1302-6488},
    url           = {https://dergipark.org.tr/en/pub/tojde/issue/70682/1137114},
    urldate       = {2023-01-07},
}

@article{munoz_arteaga_retos_2022,
    title         = {Retos de la ense\~{n}anza inclusiva a nivel educaci\'{o}n primaria durante la contingencia {COVID}-19},
    author        = {Mu\~{n}oz Arteaga, Jaime and Mu\~{n}oz Zavala, Angel E. and Cardona Reyes, H\'{e}ctor},
    year          = {2022},
    month         = jan,
    journal       = {Campus Virtuales},
    volume        = {11},
    number        = {1},
    pages         = {125},
    doi           = {10.54988/cv.2022.1.926},
    issn          = {2255-1514},
    url           = {http://www.uajournals.com/campusvirtuales/es/revistaes/numerosanteriores.html?id=314},
    urldate       = {2023-01-07},
}

@article{phamdo_learning_2022,
    title         = {Learning {Management} {System} in {Developing} {Countries}: {A} {Bibliometric} {Analysis} {Between} 2005 and 2020},
    shorttitle    = {Learning {Management} {System} in {Developing} {Countries}},
    author        = {PhamDo, Phuong-Tam and Thi, Do and Cong, Hoang and Hai, Ngo and Thi, Phan and Do, Tung and Chi, Linh and Nguyen, Tien-Trung},
    year          = {2022},
    month         = jul,
    journal       = {European Journal of Educational Research},
    volume        = {11},
    number        = {3},
    pages         = {1363--1377},
    doi           = {10.12973/eu-jer.11.3.1363},
    issn          = {21658714, 21658714},
    url           = {https://eu-jer.com/learning-management-system-in-developing-countries-a-bibliometric-analysis-between-2005-and-2020},
    urldate       = {2023-01-07},
}

@article{rysbayeva_students_2022,
    title         = {Students' {Attitudes} {Towards} {Mobile} {Learning}},
    author        = {Rysbayeva, Galiya and Berdaliyeva, Akmaral and Kuralbayeva, Aliya and Baiseitova, Nurila and Uspabayeva, Aigul and Zhapparbergenova, Elmira and Poshayeva, Gulzhamila},
    year          = {2022},
    month         = mar,
    journal       = {International Journal of Engineering Pedagogy (iJEP)},
    volume        = {12},
    number        = {2},
    pages         = {129--140},
    doi           = {10.3991/ijep.v12i2.29325},
    issn          = {2192-4880},
    url           = {https://online-journals.org/index.php/i-jep/article/view/29325},
    urldate       = {2023-01-07},
}

@article{stevanus_impact_2022,
    title         = {The {Impact} of {Online} {Learning} toward the {Independence} of {Primary} {School} {Students} {During} the {Pandemic} in {Jakarta}, {Indonesia}},
    author        = {Stevanus, Ivan and Gita, Maria and Debor},
    year          = {2022},
    month         = jun,
    journal       = {International Journal of Online and Biomedical Engineering (iJOE)},
    volume        = {18},
    number        = {08},
    pages         = {23--33},
    doi           = {10.3991/ijoe.v18i08.31965},
    issn          = {2626-8493},
    url           = {https://online-journals.org/index.php/i-joe/article/view/31965},
    urldate       = {2023-01-07},
}

@article{verawati_enhancing_2022,
    title         = {Enhancing the {Reasoning} {Performance} of {STEM} {Students} in {Modern} {Physics} {Courses} {Using} {Virtual} {Simulation} in the {LMS} {Platform}},
    author        = {Verawati, Ni Nyoman Sri Putu and Ernita, Nevi and Prayogi, Saiful},
    year          = {2022},
    month         = jul,
    journal       = {International Journal of Emerging Technologies in Learning (iJET)},
    volume        = {17},
    number        = {13},
    pages         = {267--277},
    doi           = {10.3991/ijet.v17i13.31459},
    issn          = {1863-0383},
    url           = {https://online-journals.org/index.php/i-jet/article/view/31459},
    urldate       = {2023-01-07},
}
