@book{ODonnell1999,
    title         = {Cognitive Perspectives on Peer Learning},
    author        = {O'Donnell, Angela M. and King, Alison},
    year          = {1999},
    publisher     = {Routledge},
    doi           = {10.4324/9781410603715},
    edition       = {1st},
}

@incollection{Shapiro2003,
    title         = {Artificial intelligence (AI)},
    author        = {Shapiro, Stuart Charles},
    year          = {2003},
    booktitle     = {Encyclopedia of Computer Science},
    publisher     = {John Wiley and Sons Ltd.},
    pages         = {89--93},
    doi           = {10.5555/1074100.1074138},
}

@article{farahani2018towards,
    title         = {Towards fog-driven IoT eHealth: Promises and challenges of IoT in medicine and healthcare},
    author        = {Farahani, Bahar and Firouzi, Farshad and Chang, Victor and others},
    year          = {2018},
    journal       = {Future Generation Computer Systems},
    volume        = {78},
    number        = {Part 2},
    pages         = {659--676},
    doi           = {10.1016/j.future.2017.04.036},
    issn          = {0167-739x},
    url           = {https://doi.org/10.1016/j.future.2017.04.036},
    urldate       = {2025-02-23},
}

@inproceedings{Gui2020,
    title         = {Research on the New Era Artificial Intelligence Promoting the Reform of College English Ecological Teaching},
    author        = {Gui, Ling},
    year          = {2020},
    booktitle     = {2020 International Conference on Computer Science and Management Technology (ICCSMT)},
    pages         = {162--168},
    doi           = {10.1109/iccsmt51754.2020.00039},
}

@article{Alfoudari2021,
    title         = {Understanding socio-technological challenges of smart classrooms using a systematic review},
    author        = {Alfoudari, Aisha M. and Durugbo, Christopher M. and Aldhmour, Fairouz M.},
    year          = {2021},
    journal       = {Computers \& Education},
    volume        = {173},
    doi           = {10.1016/j.compedu.2021.104282},
}

@article{Chen2021,
    title         = {Past, present, and future of smart learning: a topic-based bibliometric analysis},
    author        = {Chen, Xieling and Zou, Di and Xie, Haoran},
    year          = {2021},
    journal       = {International Journal of Educational Technology in Higher Education},
    volume        = {18},
    number        = {2},
    doi           = {10.1186/s41239-020-00239-6},
}

@article{Haghighi2021,
    title         = {Automation of Recording in Smart Classrooms via Deep Learning and Bayesian Maximum a Posteriori Estimation of Instructor's Pose},
    author        = {Haghighi, Mohammad Sayad and Sheikhjafari, Alireza and Jolfaei, Alireza},
    year          = {2021},
    journal       = {IEEE Transactions on Industrial Informatics},
    volume        = {17},
    number        = {4},
    pages         = {2813--2820},
    doi           = {10.1109/tii.2020.3011688},
}

@article{Luan2021,
    title         = {A Review of Using Machine Learning Approaches for Precision Education},
    author        = {Luan, Hui and Tsai, Chin-Chung},
    year          = {2021},
    journal       = {Educational Technology \& Society},
    volume        = {24},
    pages         = {250--266},
    issue         = {1},
}

@misc{Pelletier2021,
    title         = {2021 EDUCAUSE Horizon Report - Teaching and Learning Edition},
    author        = {Pelletier, Kathe and Brown, Malcolm and Brooks, Christopher},
    year          = {2021},
    url           = {https://library.educause.edu/-/media/files/library/2021/4/2021hrteachinglearning.pdf},
}

@article{Pokhrel2021,
    title         = {A Literature Review on Impact of COVID-19 Pandemic on Teaching and Learning},
    author        = {Pokhrel, Sumitra and Chhetri, Roshan},
    year          = {2021},
    journal       = {Higher Education for the Future},
    volume        = {8},
    number        = {1},
    pages         = {133--141},
    doi           = {10.1177/2347631120983481},
}

@book{Russel2021,
    title         = {Artificial Intelligence: A Modern Approach},
    author        = {Russel, Stuart J. and Norvig, Peter},
    year          = {2021},
    publisher     = {Pearson Education},
}

@inproceedings{Syzdykbayeva2021,
    title         = {Introduction of Artificial Intelligence as the Basis of Modern Online Education on the Example of Higher Education},
    author        = {Syzdykbayeva, Aigul and Baikulova, Aigerim and Kerimbayeva, Rysty},
    year          = {2021},
    booktitle     = {2021 IEEE International Conference on Smart Information Systems and Technologies (SIST)},
    pages         = {1--8},
    doi           = {10.1109/sist50301.2021.9465974},
}

@inproceedings{Yang2021,
    title         = {Research and design of blended teaching mode based on smart learning environment},
    author        = {Yang, Xia and Su, Wu},
    year          = {2021},
    booktitle     = {2021 International Conference on Education, Information Management and Service Science (EIMSS)},
    pages         = {136--140},
    doi           = {10.1109/eimss53851.2021.00037},
}

@article{Wu2021,
    title         = {Analytics 2.0 for Precision Education: An Integrative Theoretical Framework of the Human and Machine Symbiotic Learning},
    author        = {Wu, Jiun-Yu and Yang, Christopher C. Y. and Liao, Chen-Hsuan},
    year          = {2021},
    journal       = {Educational Technology \& Society},
    volume        = {24},
    number        = {1},
    pages         = {267--279},
    doi           = {https://doaj.org/article/02fb227d7ff540c5bcdc7cb9d5fbd622},
}

@article{Zhang2021,
    title         = {Artificial intelligence in recommender systems},
    author        = {Zhang, Qian and Lu, Jie and Jin, Yaochu},
    year          = {2021},
    journal       = {Complex \& Intelligent Systems},
    volume        = {7},
    pages         = {439--457},
    doi           = {10.1007/s40747-020-00212-w},
}

@inproceedings{Dimitriadou2022,
    title         = {The Role of Artificial Intelligence in Smart Classes: A survey},
    author        = {Dimitriadou, Eleni and Lanitis, Andreas},
    year          = {2022},
    booktitle     = {2022 IEEE 21st Mediterranean Electrotechnical Conference (MELECON)},
    pages         = {642--647},
    doi           = {10.1109/melecon53508.2022.9843020},
}

@article{Eglite2022,
    title         = {Retail Sales Forecasting Using Deep Learning: Systematic Literature Review},
    author        = {Eglite, Linda and Birzniece, Ilze},
    year          = {2022},
    journal       = {RTU Press},
    volume        = {170},
    number        = {30},
    pages         = {53--62},
    doi           = {10.7250/csimq.2022-30.03},
}

@article{He2022,
    title         = {A Review of Deep Learning Research in the Past Two Decades at Home and Abroad},
    author        = {He, Tiantian and Hu, Xingyu},
    year          = {2022},
    journal       = {Journal of Simulation},
    volume        = {10},
    number        = {3},
}

@inproceedings{Madhani2022,
    title         = {Digital Learning Trends Post Covid-19},
    author        = {Madhani, Nishil and Shah, Eshika and Swarnalatha, P.},
    year          = {2022},
    booktitle     = {2022 Second International Conference on Advanced Technologies in Intelligent Control, Environment, Computing \& Communication Engineering (ICATIECE)},
    pages         = {1--5},
    doi           = {10.1109/icatiece56365.2022.10047548},
}

@inproceedings{Mustafa2022,
    title         = {Towards a Connected Smart Classroom: Case of an Adaptive Teaching Activity},
    author        = {Mustafa, Riad},
    year          = {2022},
    booktitle     = {2022 2nd International Conference on Innovative Research in Applied Science, Engineering and Technology (IRASET)},
    pages         = {1--5},
    doi           = {10.1109/iraset52964.2022.9738220},
}

@article{Shaik2022,
    title         = {A Review of the Trends and Challenges in Adopting Natural Language Processing Methods for Education Feedback Analysis},
    author        = {Shaik, Thanveer},
    year          = {2022},
    journal       = {IEEE Access},
    volume        = {10},
    pages         = {56720--56739},
    doi           = {10.1109/access.2022.3177752},
}

@inproceedings{Song2022,
    title         = {Improving Classroom Object Detection with Bootstrapped Semi-Supervised Learning},
    author        = {Song, Aohua and Zhao, Ziyun and Xiong, Qingyun},
    year          = {2022},
    booktitle     = {2022 3rd International Conference on Big Data, Artificial Intelligence and Internet of Things Engineering (ICBAIE)},
    pages         = {532--536},
    doi           = {10.1109/icbaie56435.2022.9985865},
}

@inproceedings{Zhang2022,
    title         = {A Review of Technology-Supported Classroom Observation in Teaching Evaluation},
    author        = {Zhang, Qian and Liao, Jian and Liu, Geping and Ke, Yong},
    year          = {2022},
    booktitle     = {2022 Eleventh International Conference of Educational Innovation through Technology (EITT)},
    pages         = {132--136},
    doi           = {10.1109/eitt57407.2022.00029},
}

@misc{cao2023navigating,
    title         = {Navigating A World of Generative AI: Suggestions for Educators},
    author        = {Cao, Lydia and Dede, Chris},
    year          = {2023},
    url           = {https://bpb-us-e1.wpmucdn.com/websites.harvard.edu/dist/a/108/files/2023/08/Cao_Dede_final_8.4.23.pdf},
    urldate       = {2025-02-23},
    howpublished  = {The Next Level Lab at Harvard Graduate School of Education. President and Fellows of Harvard College: Cambridge, MA},
}

@article{brohi2023exploring,
    title         = {Exploring the Effect of Internet Learning and Internet of Things in Education: Applications and Challenges},
    author        = {Brohi, Sidra Ismail and Mastoi, Ruqia Bano and Laghari, Tania},
    year          = {2023},
    journal       = {Global Social Sciences Review},
    volume        = {VIII},
    pages         = {473--480},
    doi           = {10.31703/gssr.2023(VIII-I).44},
    url           = {https://doi.org/10.31703/gssr.2023(VIII-I).44},
    urldate       = {2025-02-23},
}

@inproceedings{Bansal2023,
    title         = {An Expert System for Analyzing the Behavior of Student's in the Higher Education},
    author        = {Bansal, Pravesh Kumar and Ahmed, Mushtaq},
    year          = {2023},
    booktitle     = {2023 10th International Conference on Computing for Sustainable Global Development (INDIACom)},
    pages         = {1569--1574},
}

@inproceedings{Bhatnagar2023,
    title         = {A Multidimensional Intelligent Interoperable E-Content Model Implementation using IoT devices in Higher Education},
    author        = {Bhatnagar, Ruchi and Sharma, K. K.},
    year          = {2023},
    booktitle     = {2023 10th IEEE Uttar Pradesh Section International Conference on Electrical, Electronics and Computer Engineering (UPCON)},
    pages         = {911--916},
    doi           = {10.1109/upcon59197.2023.10434894},
}

@article{ChamorroAtalaya2023,
    title         = {Smart Environments through the Internet of Things and Its Impact on University Education: A Systematic Review},
    author        = {Chamorro-Atalaya, Omar and Morales-Romero, Guillermo and Quispe-Andía, Adrián},
    year          = {2023},
    journal       = {International Journal of Online and Biomedical Engineering},
    doi           = {10.3991/ijoe.v19i14.41531},
}

@article{Dimitriadou2023,
    title         = {A critical evaluation, challenges, and future perspectives of using artificial intelligence and emerging technologies in smart classrooms},
    author        = {Dimitriadou, Eleni and Lanitis, Andreas},
    year          = {2023},
    journal       = {Smart Learning Environment},
    volume        = {10},
    number        = {12},
    doi           = {10.1186/s40561-023-00231-3},
}

@article{GarciaTudela2023,
    title         = {The Spanish experience of future classrooms as a possibility of smart learning environments},
    author        = {García-Tudela, Pedro Antonio and Prenedes-Espinosa, Paz and Solano-Fernández, Isabel M.},
    year          = {2023},
    journal       = {Helyion},
    volume        = {9},
    pages         = {e18577},
    doi           = {10.1016/j.heliyon.2023.e18577},
    issue         = {8},
}

@article{Li2023,
    title         = {Emotion Recognition in Complex Classroom Scenes Based on Improved Convolutional Block Attention Module Algorithm},
    author        = {Li, Li and Yao, Dengfeng},
    year          = {2023},
    journal       = {IEEE Access},
    volume        = {11},
    pages         = {143050--143059},
    doi           = {10.1109/access.2023.3340510},
}

@inproceedings{Liu2023,
    title         = {The Construction of Intelligent Classroom for Blended Teaching of Cognitive Load and College English Spoken Language Based on Data Mining},
    author        = {Liu, Lu and Wei, Yingying and Peng, Nan},
    year          = {2023},
    booktitle     = {2023 3rd International Conference on Intelligent Technologies (CONIT)},
    pages         = {1--6},
    doi           = {10.1109/conit59222.2023.10205736},
}

@article{MontoyaRodriguez2023,
    title         = {Virtual reality and augmented reality as strategies for teaching social skills to individuals with intellectual disability: A systematic review},
    author        = {Montoya-Rodríguez, María M. and Franco, Vanessa de Souza and Llerena, Tomás Clementina},
    year          = {2023},
    journal       = {Journal of Intellectual Disabilities},
    volume        = {27},
    number        = {4},
    pages         = {1062--1084},
    doi           = {10.1177/17446295221089147},
}

@article{Pang2023,
    title         = {Graph convolutional network for automatic detection of teachers' nonverbal behavior},
    author        = {Pang, Shiyan and Lai, Shuhui and Zhang, Anran},
    year          = {2023},
    journal       = {Computers and Education: Artificial Intelligence},
    volume        = {5},
    doi           = {10.1016/j.caeai.2023.100174},
}

@article{Shazli2023,
    title         = {A Comprehensive Study of Students’ Challenges and Perceptions of Emergency Remote Education During the Early COVID-19 Pandemic: A Systematic Literature Review},
    author        = {Shazli, Ahmad and Che Lah, Irdina Farzana and Hashim, Mashitoh},
    year          = {2023},
    journal       = {Sage Open},
    volume        = {13},
    number        = {4},
    doi           = {10.1177/21582440231219152},
}

@inproceedings{Tang2023,
    title         = {Application and Development of Intelligent Teaching Based on ChatGPT},
    author        = {Tang, Jiabei and Li, Bo},
    year          = {2023},
    booktitle     = {2023 International Conference on Computer Applications Technology (CCAT)},
    pages         = {52--56},
    doi           = {10.1109/ccat59108.2023.00017},
}

@inproceedings{Wang2023,
    title         = {Visualization and Analysis of Mapping Knowledge Domains for AI Education System Studies},
    author        = {Wang, Yakin and Yu, Fuxiang},
    year          = {2023},
    booktitle     = {2023 11th International Conference on Information and Education Technology (ICIET)},
    pages         = {475--479},
    doi           = {10.1109/iciet56899.2023.10111115},
}

@article{Zhu2023,
    title         = {Beyond the Traditional: A Systematic Review of Digital Game-Based Assessment for Students’ Knowledge, Skills, and Affections},
    author        = {Zhu, Sha and Guo, Qing and Yang, Harrison Hao},
    year          = {2023},
    journal       = {Sustainability},
    volume        = {15},
    number        = {5},
    doi           = {10.3390/su15054693},
}

@article{Chai2024,
    title         = {A social network analysis of college students’ online learning during the epidemic era: A triadic reciprocal determinism perspective},
    author        = {Chai, Jun and Ye, Jian-Hong},
    year          = {2024},
    journal       = {Heliyon},
    volume        = {10},
    number        = {6},
    doi           = {10.1016/j.heliyon.2024.e28107},
}

@article{Dahalan2024,
    title         = {Gamification and Game Based Learning for Vocational Education and Training: A Systematic Literature Review},
    author        = {Dahalan, Fazlida and Alias, Norlidah and Shaharom, Mohd Shahril Nizam},
    year          = {2024},
    journal       = {Education and Information Technologies},
    volume        = {29},
    pages         = {1279--1317},
    doi           = {10.1007/s10639-022-11548-w},
}

@misc{Oracle2024,
    title         = {What is Machine Learning?},
    author        = {{Oracle Corporation}},
    year          = {2024},
    url           = {https://www.oracle.com/br/artificial-intelligence/machine-learning/what-is-machine-learning/},
}

@article{Shanshan2024,
    title         = {Research and Practice of Personalized Teaching System of Local Comprehensive University Based on Artificial Intelligence Technology},
    author        = {Shanshan, Li and Hui, Wang and Liqiao, Wang},
    year          = {2024},
    journal       = {Applied Mathematics and Nonlinear Sciences},
    volume        = {9},
    number        = {1},
    doi           = {10.2478/amns-2024-0253},
}
