@book{Papert1985,
    title         = {Logo: computadores e educa\c{c}\~{a}o},
    author        = {Seymour Papert},
    year          = {1985},
    publisher     = {Brasiliense},
    address       = {S\~{a}o Paulo},
}

@book{Papert1986,
    title         = {Constructionism},
    author        = {Seymour Papert},
    year          = {1986},
    publisher     = {Epistemology and Learning Group},
    address       = {Massachusetts},
}

@book{Papert1992,
    title         = {Epistemological Pluralism and the Revaluation of the Concrete},
    author        = {Seymour Papert and Sherry Turkle},
    year          = {1992},
    publisher     = {Journal Of Mathematical Behavior},
    address       = {New York},
}

@book{Levy1993,
    title         = {As Tecnologias da Intelig\^{e}ncia: o futuro do pensamento na era da inform\'{a}tica},
    author        = {Pierre L\'{e}vy},
    year          = {1993},
    publisher     = {Editora 34},
    address       = {Rio de Janeiro},
}

@book{Zabala1998,
    title         = {A Pr\'{a}tica educativa: como ensinar},
    author        = {Antoni Zabala},
    year          = {1998},
    publisher     = {ArtMed},
    address       = {Porto Alegre},
}

@techreport{BritoAntonio2001,
    title         = {Simula\c{c}\~{a}o por Computador},
    author        = {Ant\'{o}nio Ernesto {da Silva Carvalho} Brito and Jos\'{e} Manuel Feliz Teixeira},
    year          = {2001},
    address       = {Rio de Janeiro: Publind\'{u}stria},
    url           = {https://shre.ink/at24},
    urldate       = {2022-03-05},
}

@incollection{BraumannCarlos2002,
    title         = {Divaga\c{c}\~{o}es sobre investiga\c{c}\~{a}o matem\'{a}tica e o seu papel na aprendizagem da matem\'{a}tica},
    author        = {Carlos Alberto {dos Santos} Braumann},
    year          = {2002},
    booktitle     = {Actividades de Investiga\c{c}\~{a}o: na aprendizagem da matem\'{a}tica e na forma\c{c}\~{a}o de professores},
    publisher     = {\'{E}vora: Sociedade Portuguesa de Ci\^{e}ncias de Educa\c{c}\~{a}o},
    address       = {Coimbra, Portugual},
    pages         = {5--25},
    url           = {https://shre.ink/attG},
    urldate       = {2022-03-05},
    editor        = {Ponte, Jo\~{a}o Pedro da et al.},
    chapter       = {2},
}

@techreport{Ponte2003,
    title         = {Investigar, ensinar e aprender},
    author        = {Jo\~{a}o Pedro {Mendes da} Ponte},
    year          = {2003},
    address       = {IME/USP},
    url           = {https://shre.ink/atjr},
    urldate       = {2022-03-05},
}

@article{Vicente2005,
    title         = {O uso de simula\c{c}\~{a}o como metodologia de pesquisa em ci\^{e}ncias sociais},
    author        = {Paulo Vicente},
    year          = {2005},
    journal       = {Cadernos Ebape.Br},
    address       = {Rio de Janeiro},
    volume        = {3},
    number        = {1},
    pages         = {1--9},
    url           = {https://shre.ink/at1A},
    urldate       = {2022-03-05},
}

@techreport{BorsaJuliane2007,
    title         = {O Papel da Escola no Processo de Socializa\c{c}\~{a}o Infantil},
    author        = {Juliane Callegaro Borsa},
    year          = {2007},
    address       = {Psicologia.pt},
    url           = {https://shre.ink/atui},
    urldate       = {2022-03-05},
}

@book{GilAntonio2008,
    title         = {M\'{e}todos e t\'{e}cnicas de pesquisa social},
    author        = {Antonio Carlos Gil},
    year          = {2008},
    publisher     = {Atlas S.A},
    address       = {S\~{a}o Paulo},
}

@book{Marina2009,
    title         = {Teoria da Intelig\^{e}ncia Criadora},
    author        = {Jos\'{e} Antonio Marina},
    year          = {2009},
    publisher     = {Guarda-Chuva},
    address       = {Rio de Janeiro},
}

@inproceedings{CesarDanilo2009,
    title         = {Rob\'{o}tica Pedag\'{o}gica Livre: uma possibilidade metodol\'{o}gica para o processo de ensino-aprendizagem},
    author        = {Danilo Rodrigues C\'{e}sar and Caio Monteiro Melo and Ana Paula Alburquerque},
    year          = {2009},
    booktitle     = {19\textdegree{} EPENN - ENCONTRO DE PESQUISA EDUCACIONAL DO NORTE E NORDESTE},
    publisher     = {Epenn/Ufpb},
    address       = {Jo\~{a}o Pessoa},
    volume        = {1},
    pages         = {1--16},
    url           = {https://shre.ink/at2S},
    urldate       = {2022-03-05},
}

@techreport{infineon2010,
    title         = {IRFZ48NPbF Product DataSheet},
    author        = {Infineon},
    year          = {2010},
    address       = {Neubiberg, Germany},
    url           = {https://shre.ink/atMI},
    urldate       = {2022-03-05},
}

@article{Nunes2014,
    title         = {Sobre a pesquisa enquanto bricolagem, reflex\~{o}es sobre o pesquisador como bricoleur},
    author        = {Aline Nunes},
    year          = {2014},
    journal       = {Revista Digital do Lav},
    address       = {Santa Maria},
    volume        = {7},
    number        = {2},
    pages         = {30--41},
    url           = {https://shre.ink/atfB},
}

@inproceedings{Snef2015,
    title         = {Ensino por Investiga\c{c}\~{a}o como Abordagem Did\'{a}tica: desenvolvimento de pr\'{a}ticas cient\'{\i}ficas escolares},
    author        = {Ana Paula Solino and Arthur Tadeu Ferraz and L\'{u}cia Helena Sasseron},
    year          = {2015},
    booktitle     = {XXI Simp\'{o}sio Nacional de Ensino de F\'{\i}sica â€“ SNEF 2015},
    publisher     = {SNEF/UFU},
    address       = {Uberl\^{a}ndia},
    volume        = {1},
    pages         = {1--6},
    url           = {https://shre.ink/at1Z},
    urldate       = {2022-03-05},
}

@techreport{Maganha2023,
    title         = {Transistor: Por que ligamos a carga no Coletor e n\~{a}o no Emissor?},
    author        = {Gabriel Vinicios Silva Maganha},
    year          = {2016},
    url           = {https://shre.ink/atXe},
    urldate       = {2022-03-05},
}

@techreport{brasil2017,
    title         = {Base Nacional Comum Curricular},
    author        = {Brasil},
    year          = {2017},
    address       = {Bras\'{\i}lia},
    url           = {https://shre.ink/FUBWM},
    urldate       = {2022-03-05},
    institution   = {Minist\'{e}rio da Educa\c{c}\~{a}o e Cultura},
}

@book{Martinez2019,
    title         = {Inventar para Aprender: gu\'{\i}a pr\'{a}ctica para instalar la cultura maker en el aula},
    author        = {Sylvia Libow Mart\'{\i}nez and Gary Stager},
    year          = {2019},
    publisher     = {Siglo XXI Editores Argentina},
    address       = {Ciudad Aut\'{o}noma de Buenos Aires},
}

@incollection{SantosPaulo2019,
    title         = {Reflex\~{o}es filos\'{o}ficas em tecnologia para um pensar dial\'{e}tico: do encantamento \`{a} profana\c{c}\~{a}o},
    author        = {Paulo Gabriel {Franco dos} Santos},
    year          = {2019},
    booktitle     = {Rob\'{o}tica e processos formativos: da epistemologia aos kits},
    publisher     = {Fi},
    address       = {Porto Alegre},
    pages         = {15--29},
    url           = {https://shre.ink/atnQ},
    urldate       = {2022-03-05},
    editor        = {Peralta, Deise Aparecida},
    chapter       = {1},
}

@article{Guimaraes2020,
    title         = {Explorando a matem\'{a}tica e a f\'{\i}sica com o rob\^{o} seguidor de linha na perspectiva da rob\'{o}tica livre},
    author        = {Daniel {da Silveira} Guimar\~{a}es and \'{E}lida {Alves da} Silva and Fernando {da Costa} Barbosa},
    year          = {2020},
    journal       = {Texto Livre: Linguagem e Tecnologia},
    address       = {Belo Horizonte},
    volume        = {14},
    number        = {1},
    pages         = {1--24},
    url           = {https://shre.ink/atSt},
    urldate       = {2022-03-05},
}

@article{BornattoGilmar2022,
    title         = {Modelagem - Simula\c{c}\~{a}o - Inform\'{a}tica e a Matem\'{a}tica},
    author        = {Gilmar Bornatto},
    year          = {2022},
    journal       = {Revista PEC},
    address       = {Curitiba},
    volume        = {2},
    number        = {1},
    pages         = {67--71},
    url           = {https://shre.ink/atPa},
    urldate       = {2022-03-05},
}

@article{Gravinha1999,
    title         = {A Aprendizagem Matem\'{a}tica em Ambientes Informatizados},
    author        = {Maria Alice Gravina and Lucila Maria Costi Santarosa},
    year          = {2022},
    journal       = {Inform\'{a}tica na Educa\c{c}\~{a}o: Teoria \& Pr\'{a}tica},
    address       = {Porto Alegre},
    volume        = {2},
    number        = {1},
    pages         = {73--88},
    url           = {https://shre.ink/atGM},
    urldate       = {2022-03-05},
}

@mastersthesis{AlvesMonica2022,
    title         = {A Constru\c{c}\~{a}o de um Rob\^{o} Seguidor de Linha na Perspectiva da Rob\'{o}tica Livre: uma possibilidade de abordagem do ensino de matem\'{a}tica},
    author        = {M\^{o}nica {da Cunha} Alves},
    year          = {2022},
    url           = {https://shre.ink/ateF},
    urldate       = {2022-03-05},
    school        = {Programa de Mestrado Profissional em Matem\'{a}tica em Rede Nacional, Universidade Federal de Catal\~{a}o, Catal\~{a}o, 2022. Cap. 4},
    type          = {69f. Disserta\c{c}\~{a}o (Mestrado)},
}
