@incollection{comision2006,
    title         = {Recomendaci\'{o}n 2006/962/CE del Parlamento Europeo y del Consejo, de 18 de diciembre de 2006, sobre las competencias clave para el aprendizaje permanente},
    author        = {{Comisi\'{o}n Europea}},
    year          = {2006},
    booktitle     = {Diario Oficial de la Uni\'{o}n Europea de 30 de diciembre de 2006},
    url           = {https://eur-lex.europa.eu/legal-content/ES/TXT/?uri=celex\%3A32006H0962},
    editor        = {{Comisi\'{o}n Europea}},
}

@article{de2006ley,
    title         = {Ley Org\'{a}nica 2/2006, de 3 de mayo, de Educaci\'{o}n},
    author        = {{Ley Org\'{a}nica de Educaci\'{o}n}},
    year          = {2006},
    journal       = {Bolet\'{\i}n Oficial del Estado, 106, de 4 de mayo de 2006},
    volume        = {106},
    url           = {https://www.boe.es/eli/es/lo/2006/05/03/2/con},
}

@incollection{ordeneci2007,
    title         = {ORDEN ECI/3858/2007, de 27 de diciembre, por la que se establecen los requisitos para la verificaci\'{o}n de los t\'{\i}tulos universitarios oficiales que habiliten para el ejercicio de las profesiones de Profesor de Educaci\'{o}n Secundaria Obligatoria y Bachillerato, Formaci\'{o}n Profesional y Ense\~{n}anzas de Idiomas},
    author        = {{ORDEN ECI/3858/2007}},
    year          = {2007},
    booktitle     = {Bolet\'{\i}n Oficial del Estado, 312, de 29 de diciembre de 2007},
    volume        = {312},
    url           = {https://www.boe.es/eli/es/o/2007/12/27/eci3858/con},
    editor        = {ORDEN ECI},
}

@book{international_society_for_technology_in_education_national_2008,
    title         = {National educational technology standards for teachers},
    author        = {{International Society for Technology in Education}},
    year          = {2008},
    publisher     = {ISTE},
    address       = {Washington, DC},
    isbn          = {9781564842435},
    edition       = {2nd ed},
}

@book{noauthor_unesco_2008,
    title         = {ICT Competency standards for teachers: competency standards modules (ICT-CFT)},
    author        = {UNESCO},
    year          = {2008},
    url           = {https://unesdoc.unesco.org/ark:/48223/pf0000156207},
}

@article{herrada_valverde_adaptacion_2011,
    title         = {Adaptaci\'{o}n de los estudios de magisterio al {EEES}: las {TIC} en los nuevos planes de estudio},
    author        = {Herrada Valverde, Rosario Isabel and Herrada Valverde, Gabriel},
    year          = {2011},
    journal       = {Edutec. Revista Electr\'{o}nica de Tecnolog\'{\i}a Educativa},
    number        = {36},
    pages         = {1--12},
    doi           = {10.21556/edutec.2011.36.405},
    issn          = {1135-9250},
}

@misc{intef2013marco,
    title         = {Marco Com{\'u}n de Competencia Digital Docente. Borrador con propuesta de descriptores V1. 0},
    author        = {{Instituto Nacional de Tecnolog\'{\i}as Educativas y Formaci\'{o}n del Profesorado}},
    year          = {2013},
    publisher     = {Instituto Nacional de Tecnolog\'{\i}as Educativas y Formaci\'{o}n del Profesorado},
}

@article{de2013ley,
    title         = {Ley Org\'{a}nica 8/2013, de 9 de diciembre, para la mejora de la calidad educativa},
    author        = {{Ley Org\'{a}nica de Educaci\'{o}n}},
    year          = {2013},
    journal       = {Bolet\'{\i}n Oficial del Estado, 295, de 10 de diciembre de 2013},
    volume        = {295},
}

@article{paredes2013politicas,
    title         = {Pol{\'\i}ticas educativas p{\'u}blicas sobre TIC en Espa{\~n}a. Tres d{\'e}cadas donde los docentes universitarios influyeron en el cambio educativo},
    author        = {Paredes, Joaqu{\'\i}n},
    year          = {2013},
    journal       = {Revista Fuentes},
    volume        = {13},
    pages         = {45--79},
}

@book{ferrari_digcomp:_2013,
    title         = {{DIGCOMP}: a framework for developing and understanding digital competence in {Europe}},
    author        = {Ferrari, Anusca},
    year          = {2013},
    publisher     = {Publications Office},
    address       = {Luxembourg},
    isbn          = {9789279314650},
    editor        = {Punie, Yves and Brec\vko, Barbara N.},
}

@article{ramirez_martinell_marcos_2015,
    title         = {Marcos de referencia de saberes digitales},
    author        = {Ram\'{\i}rez Martinell, Alberto and Morales Rodr\'{\i}guez, Ana Teresa and Olgu\'{\i}n Aguilar, Pablo Alejandro},
    year          = {2015},
    journal       = {EDMETIC},
    volume        = {4},
    number        = {2},
    pages         = {112--136},
    doi           = {10.21071/edmetic.v4i2.3965},
    issn          = {2254-0059},
}

@incollection{rodriguezmartin2016estudio,
    title         = {Estudio sobre la Competencia Digital Docente: El caso de los estudiantes del M{\'a}ster de Formaci{\'o}n del Profesorado},
    author        = {Rodr{\'\i}guez Mart{\'\i}n, Ana and Gabarda M{\'e}ndez, Vicente and Romero Rodrigo, Mar{\'\i}a Mercedes},
    year          = {2016},
    booktitle     = {Aula virtual: contenidos y elementos},
    publisher     = {McGraw-Hill Education},
    address       = {Espa{\~n}a},
    pages         = {515--532},
    editor        = {Bernard, E. and Mut, M.},
}

@article{tondeur2016,
    title         = {Un an\'{a}lisis multinivel de lo que i \'{A}lvarez, J.F. La Formaci\'{o}n en TIC del profesorado de Secundaria del Estado Espa\~{n}ol. Un an\'{a}lisis desde la percepci\'{o}n docente},
    author        = {Tondeur, J and Aesaert, K and Prestridge, S and Y Consuegra, E},
    year          = {2016},
    journal       = {Revista De Ci\`{e}ncies de l'Educaci\'{o}},
    volume        = {1},
    number        = {1},
    pages         = {67--79},
}

@article{esteve-mon_competencia_2016,
    title         = {La competencia digital de los futuros docentes: \textquestiondown{}{C\'{o}mo} se ven los actuales estudiantes de educaci\'{o}n?},
    author        = {Esteve-Mon, Francesc M. and Gisbert-Cervera, Merc\`{e} and L\'{a}zaro-Cantabrana, Jos\'{e} Luis},
    year          = {2016},
    journal       = {Perspectiva Educacional, Formaci\'{o}n de Profesores},
    volume        = {55},
    number        = {2},
    pages         = {38--54},
    doi           = {10.4151/07189729-Vol.55-Iss.2-Art.412},
    issn          = {0718-9729},
}

@article{moreno_martinez_experiencia_2016,
    title         = {Experiencia formativa en el uso did\'{a}ctico de la realidad aumentada con estudiantes del m\'{a}ster de formaci\'{o}n del profesorado en educaci\'{o}n secundaria en la {Universidad} de {M\'{a}laga}},
    author        = {Moreno-Mart\'{\i}nez, Noelia Margarita and Leiva Olivencia, Juan Jos\'{e} and L\'{o}pez Meneses, Eloy Jos\'{e}},
    year          = {2016},
    month         = dec,
    journal       = {Innovaci\'{o}n educativa},
    volume        = {26},
    number        = {26},
    pages         = {265--303},
    doi           = {10.15304/ie.26.3611},
    issn          = {2340-0056, 1130-8656},
    url           = {https://revistas.usc.gal/index.php/ie/article/view/3611},
    urldate       = {2023-05-24},
}

@article{gutierrez2017diseno,
    title         = {Dise{\~n}o y validaci{\'o}n de un instrumento de evaluaci{\'o}n de la competencia digital del estudiante universitario},
    author        = {Guti{\'e}rrez Castillo, Juan Jes{\'u}s and Cabero Almenara, Julio and Estrada Vidal, Ligia Isabel},
    year          = {2017},
    journal       = {Revista Espacios},
    volume        = {38},
    number        = {10},
}

@misc{intef2017,
    title         = {Marco Com\'{u}n de Competencia Digital Docente},
    author        = {{Instituto Nacional de Tecnolog\'{\i}as Educativas y Formaci\'{o}n del Profesorado}},
    year          = {2017},
    publisher     = {Instituto Nacional de Tecnolog\'{\i}as Educativas y Formaci\'{o}n del Profesorado},
}

@article{rodriguez2017formacion,
    title         = {La formaci{\'o}n del profesorado en competencia digital: clave para la educaci{\'o}n del siglo XXI},
    author        = {Rodr{\'\i}guez, Antonio Manuel and Mart{\'\i}nez, Nazaret and Raso, Francisco Manuel},
    year          = {2017},
    journal       = {Revista Internacional de Did\'{a}ctica y Organizaci\'{o}n Educativa},
    volume        = {3},
    number        = {2},
    pages         = {46--65},
}

@book{crompton_iste_2017,
    title         = {{ISTE} standards for educators: a guide for teachers and other professionals},
    author        = {Crompton, Helen},
    year          = {2017},
    publisher     = {International Society for Technology in Education},
    address       = {Eugene, Oregon},
    isbn          = {9781564843951},
    edition       = {First edition},
    collaborator  = {{International Society for Technology in Education}},
}

@book{redecker_european_2017,
    title         = {European framework for the digital competence of educators {DigCompEdu}},
    author        = {Redecker, Christine and Punie, Yves},
    year          = {2017},
    publisher     = {Publications Office},
    address       = {Luxembourg},
    isbn          = {9789279737183},
}

@article{anes2018pizarra,
    title         = {La pizarra digital interactiva: formaci{\'o}n y utilizaci{\'o}n de docentes en educaci{\'o}n secundaria en Extremadura},
    author        = {Anes, AM and Llama-Salguero, F and Pradas, S},
    year          = {2018},
    journal       = {Did{\'a}ctica, Innovaci{\'o}n y Multimedia},
    number        = {36},
    pages         = {1--10},
}

@article{arillorente_desarrollo_2018,
    title         = {Desarrollo de la competencia digital en la formaci\'{o}n inicial del profesorado de {Educaci\'{o}n} {Infantil}},
    author        = {Aristizabal Llorente, Pilar and Cruz Iglesias, Esther},
    year          = {2018},
    journal       = {Pixel-Bit. Revista de Medios y Educaci\'{o}n},
    number        = {52},
    pages         = {97--110},
    doi           = {10.12795/pixelbit.2018.i52.07},
    issn          = {2171-7966},
}

@article{castaneda_por_2018,
    title         = {\textquestiondown{}{Por} qu\'{e} es necesario repensar la competencia docente para el mundo digital?},
    author        = {Casta\~{n}eda, Linda and Esteve, Francesc and Adell, Jordi},
    year          = {2018},
    journal       = {RED. Revista de Educaci\'{o}n a Distancia},
    number        = {56},
    pages         = {1--20},
    doi           = {10.6018/red/56/6},
}

@article{colas-bravo_impact_2018,
    title         = {The {Impact} of {ICT} on {Teaching} in the {Spanish} {Education} {System}: {A} {Literature} {Review}},
    author        = {Col\'{a}s-Bravo, Mar\'{\i}a Pilar and Pons, Juan and Ballesta-Pag\'{a}n, Javier},
    year          = {2018},
    journal       = {Revista de Educaci\'{o}n a Distancia (RED)},
    number        = {56},
    pages         = {1--23},
    doi           = {10.6018/red/56/2},
}

@article{napal_fraile_development_2018,
    title         = {Development of {Digital} {Competence} in {Secondary} {Education} {Teachers}' {Training}},
    author        = {Napal Fraile, Mar\'{\i}a and Pe\~{n}alva-V\'{e}lez, Alicia and Mendi\'{o}roz Lacambra, Ana},
    year          = {2018},
    journal       = {Education Sciences},
    volume        = {8},
    number        = {3},
    pages         = {104},
    doi           = {10.3390/educsci8030104},
    issn          = {2227-7102},
}

@article{peirats_chacon_competencia_2018,
    title         = {Competencia digital en los planes de estudios de universidades p\'{u}blicas espa\~{n}olas},
    author        = {Peirats Chac\'{o}n, J. and Mar\'{\i}n Suelves, D. and Granados Saiz, J. and Morote Blanco, D.},
    year          = {2018},
    journal       = {REDU. Revista de Docencia Universitaria},
    volume        = {16},
    number        = {1},
    pages         = {175--191},
    doi           = {10.4995/redu.2018.8935},
    issn          = {1887-4592, 1887-4592},
}

@article{prendes_competencia_2018,
    title         = {Competencia digital: una necesidad del profesorado universitario en el siglo {XXI}},
    author        = {Prendes, M. Paz and Guti\'{e}rrez, Isabel and Mart\'{\i}nez, Francisco},
    year          = {2018},
    journal       = {Revista de Educaci\'{o}n a Distancia (RED)},
    volume        = {18},
    number        = {56},
    pages         = {1--22},
    doi           = {10.6018/red/56/7},
    issn          = {1578-7680},
}

@inproceedings{ruizlazaro2019analisis,
    title         = {An{\'a}lisis de la Formaci{\'o}n Permanente del Profesorado en Espa{\~n}a},
    author        = {Ruiz L{\'a}zaro, Judit and Navarro Asencio, Enrique and Gonz{\'a}lez Barbera, Coral},
    year          = {2019},
    booktitle     = {Actas del XIX Congreso Internacional de Investigaci{\'o}n Educativa Volumen II. Metodolog{\'\i}a de investigaci{\'o}n educativa},
    publisher     = {Asociaci\'{o}n Interuniversitaria de Investigaci\'{o}n Pedag\'{o}gica (AIDIPE)},
    pages         = {130--137},
    editor        = {Murillo, F. J. and Mart\'{\i}nez-Garrido, C.},
}

@article{aznar_diaz_alfabetizacion_2019,
    title         = {Alfabetizaci\'{o}n digital del profesorado de ciencias ambientales : un an\'{a}lisis de su competencia tecnol\'{o}gica.},
    author        = {Aznar D\'{\i}az, Inmaculada and C\'{a}ceres Reche, Mar\'{\i}a Pilar and Romero Rodr\'{\i}guez, Jos\'{e} Mar\'{\i}a},
    year          = {2019},
    journal       = {Luna Azul},
    number        = {49},
    pages         = {172--184},
    doi           = {10.17151/luaz.2019.49.10},
    issn          = {1909-2474},
}

@book{butcher_marco_2019,
    title         = {Marco de competencias de los docentes en materia de {TIC} {UNESCO} versio\'n 3},
    author        = {Butcher, N},
    year          = {2019},
    publisher     = {UNESCO},
    address       = {Pari\'s},
}

@article{cuartero_duran_certificacion_2019,
    title         = {Certificaci\'{o}n de la {Competencia} {Digital} {Docente}: propuesta para el profesorado universitario},
    author        = {Dur\'{a}n Cuartero, Marta  and Prendes Espinosa, M\textordfeminine{} Paz and Guti\'{e}rrez Porl\'{a}n, Isabel},
    year          = {2019},
    journal       = {RIED-Revista Iberoamericana de Educaci\'{o}n a Distancia},
    volume        = {22},
    number        = {1},
    pages         = {187--205},
    doi           = {10.5944/ried.22.1.22069},
    issn          = {1390-3306},
}

@article{fuentes_alisis_2019,
    title         = {An\'{a}lisis de la {Competencia} {Digital} {Docente}: {Factor} {Clave} en el {Desempe\~{n}o} de {Pedagog\'{\i}as} {Activas} con {Realidad} {Aumentada}},
    author        = {Fuentes, Arturo and L\'{o}pez, Jes\'{u}s and Pozo, Santiago},
    year          = {2019},
    journal       = {REICE. Revista Iberoamericana sobre Calidad, Eficacia y Cambio en Educaci\'{o}n},
    volume        = {17},
    number        = {2},
    pages         = {27--42},
    doi           = {10.15366/reice2019.17.2.002},
    issn          = {1696-4713},
}

@article{lopez_belmonte_alisis_2019,
    title         = {An\'{a}lisis del efecto de la formaci\'{o}n b-learning en el profesorado. {Estudio} de caso de una cooperativa de ense\~{n}anza},
    author        = {L\'{o}pez Belmonte, Jes\'{u}s and Pozo S\'{a}nchez, Santiago and Fuentes Cabrera, Arturo and G\'{o}mez Garc\'{\i}a, Gerardo},
    year          = {2019},
    journal       = {Texto Livre: Linguagem e Tecnologia},
    volume        = {12},
    number        = {2},
    pages         = {98--115},
    doi           = {10.17851/1983-3652.12.2.98-115},
    issn          = {1983-3652},
}

@article{basham2020opportunity,
    title         = {Opportunity in crisis: The role of universal design for learning in educational redesign},
    author        = {Basham, James D and Blackorby, Jose and Marino, Matthew T},
    year          = {2020},
    journal       = {Learning Disabilities: A Contemporary Journal},
    publisher     = {ERIC},
    volume        = {18},
    number        = {1},
    pages         = {71--91},
}

@article{de2020ley,
    title         = {Ley Org{\'a}nica 3/2020, de 29 de diciembre, por la que se modifica la Ley Org\'{a}nica2/2006, de 3 de mayo, de Educaci\'{o}n},
    author        = {{Ley Org\'{a}nica de Educaci\'{o}n}},
    year          = {2020},
    journal       = {Bolet\'{\i}n Oficial del Estado, 340, de 30 de diciembre de 2020},
    volume        = {340},
}

@incollection{torres2020competencia,
    title         = {La competencia digital de los futuros docentes de secundaria y su mejora a partir de la formaci{\'o}n espec{\'\i}fica en TIC},
    author        = {Torres Soto, Ana and Jim{\'e}nez Hern{\'a}ndez, David and Gonz{\'a}lez-Calatayud, Victor and Mart{\'\i}nez Mayoral, Mar{\'\i}a Asunci{\'o}n and Morales Socuellamos, Javier},
    year          = {2020},
    booktitle     = {La docencia en la Ense\~{n}anza Superior. Nuevas aportaciones desde la investigaci\'{o}n e innovaci\'{o}n educativas},
    publisher     = {Octaedro},
    pages         = {445--453},
    editor        = {Roig-Vila, R.},
}

@article{caberoet-almenara_marcos_2020,
    title         = {Marcos de {Competencias} {Digitales} {Docentes} y su adecuaci\'{o}n al profesorado universitario y no universitario},
    author        = {Cabero-Almenara, Julio and Romero-Tena, Rosal\'{\i}a and Barroso-Osuna, Julio and Palacios-Rodr\'{\i}guez, Antonio},
    year          = {2020},
    journal       = {RECIE. Revista Caribe\~{n}a de Investigaci\'{o}n Educativa},
    volume        = {4},
    number        = {2},
    pages         = {137--158},
    doi           = {10.32541/recie.2020.v4i2.pp137-158},
}

@article{cabero-almenara_marco_2020,
    title         = {Marco {Europeo} de {Competencia} {Digital} {Docente} \guillemotleft{}{DigCompEdu}\guillemotright{}. {Traducci\'{o}n} y adaptaci\'{o}n del cuestionario \guillemotleft{}{DigCompEdu} {Check}-{In}\guillemotright{}},
    author        = {Cabero-Almenara, Julio and Palacios-Rodr\'{\i}guez, Antonio},
    year          = {2020},
    journal       = {EDMETIC. Revista de Educaci\'{o}n Medi\'{a}tica y TIC},
    volume        = {9},
    number        = {1},
    pages         = {213--234},
    doi           = {10.21071/edmetic.v9i1.12462},
}

@article{gomez_carrasco_estrategias_2020,
    title         = {Estrategias metodol\'{o}gicas y uso de recursos digitales para la ense\~{n}anza de la historia. {An\'{a}lisis} de recuerdos y opiniones del profesorado en formaci\'{o}n inicial},
    author        = {G\'{o}mez Carrasco, Cosme Jes\'{u}s and Chaparro Sainz, \'{A}lvaro and Felices De La Fuente, Mar\'{\i}a Del Mar and C\'{o}zar Guti\'{e}rrez, Ram\'{o}n},
    year          = {2020},
    journal       = {Aula Abierta},
    volume        = {49},
    number        = {1},
    pages         = {65--74},
    doi           = {10.17811/rifie.49.1.2020.65-74},
    issn          = {0210-2773, 2341-2313},
}

@article{gamez_guillen_efectos_2020,
    title         = {Efectos sobre la metodolog\'{\i}a {Flipped} {Classroom} a trav\'{e}s de {Blackboard} sobre las actitudes hacia la estad\'{\i}stica de estudiantes del {Grado} de {Educaci\'{o}n} {Primaria}: un estudio con {ANOVA} mixto},
    author        = {G\'{a}mez Guill\'{e}n, Francisco David and Maga\~{n}a, Ernesto Colomo and Rivas, Enrique S\'{a}nchez and R\'{\i}o, Roc\'{\i}o P\'{e}rez Del},
    year          = {2020},
    journal       = {Texto Livre: Linguagem e Tecnologia},
    volume        = {13},
    number        = {3},
    pages         = {121--139},
    doi           = {10.35699/1983-3652.2020.25107},
    issn          = {1983-3652},
}

@article{lopez_belmonte_pedagogical_2020,
    title         = {Pedagogical projection of teaching digital competition. {The} case of a cooperative education},
    author        = {L\'{o}pez Belmonte, Jes\'{u}s and Pozo S\'{a}nchez, Santiago and \'{A}vila Rodr\'{\i}guez, Martha and Montero C\'{a}ceres, Celia},
    year          = {2020},
    journal       = {IJERI: International Journal of Educational Research and Innovation},
    number        = {14},
    pages         = {167--179},
    doi           = {10.46661/ijeri.3844},
    issn          = {2386-4303},
}

@article{miguel-revilla_assessing_2020,
    title         = {Assessing the digital competence of educators in social studies: {An} analysis in initial teacher training using the {TPACK}-21 model},
    author        = {Miguel-Revilla, Diego and Mart\'{\i}nez-Ferreira, Jos\'{e} Mar\'{\i}a and S\'{a}nchez-Agust\'{\i}, Mar\'{\i}a},
    year          = {2020},
    journal       = {Australasian Journal of Educational Technology},
    volume        = {36},
    number        = {2},
    pages         = {1--12},
    doi           = {10.14742/ajet.5281},
    issn          = {1449-5554, 1449-3098},
}

@article{ortega-sanchez_self-perception_2020,
    title         = {Self-{Perception} and {Training} {Perceptions} on {Teacher} {Digital} {Competence} ({TDC}) in {Spanish} and {French} {University} {Students}},
    author        = {Ortega-S\'{a}nchez, Delf\'{\i}n and G\'{o}mez-Trigueros, Isabel Mar\'{\i}a and Trestini, Marc and P\'{e}rez-Gonz\'{a}lez, Carlos},
    year          = {2020},
    journal       = {Multimodal Technologies and Interaction},
    volume        = {4},
    number        = {4},
    pages         = {74},
    doi           = {10.3390/mti4040074},
    issn          = {2414-4088},
}

@article{portillo_self-perception_2020,
    title         = {Self-{Perception} of the {Digital} {Competence} of {Educators} during the {COVID}-19 {Pandemic}: {A} {Cross}-{Analysis} of {Different} {Educational} {Stages}},
    author        = {Portillo, Javier and Garay, Urtza and Tejada, Eneko and Bilbao, Naiara},
    year          = {2020},
    journal       = {Sustainability},
    volume        = {12},
    number        = {23},
    pages         = {10128},
    doi           = {10.3390/su122310128},
    issn          = {2071-1050},
}

@article{moreno-guerrero_area_2020,
    title         = {El \'{a}rea de informaci\'{o}n y alfabetizaci\'{o}n informacional de la competencia digital docente},
    author        = {Moreno-Guerrero, Antonio Jos\'{e} and Miaja-Chippirraz, Nuria and Bueno-Pedrero, Ana and Borrego-Otero, Laura},
    year          = {2020a},
    journal       = {Revista Electr\'{o}nica Educare},
    volume        = {24},
    number        = {3},
    pages         = {521--536},
    doi           = {10.15359/ree.24-3.25},
    keywords      = {Teachers, training, teacher qualifications, information technology},
}

@article{moreno_guerrero_competencia_2020,
    title         = {Competencia digital {Docente}. \'{A}rea de informaci\'{o}n y alfabetizaci\'{o}n informacional y su influencia con la edad},
    author        = {Moreno-Guerrero, Antonio Jos\'{e} and Fern\'{a}ndez Mora, M\textordfeminine{} Ar\'{a}nzazu and Godino Fern\'{a}ndez, Antonio Luis},
    year          = {2020b},
    journal       = {ACADEMO Revista de Investigaci\'{o}n en Ciencias Sociales y Humanidades},
    volume        = {7},
    number        = {1},
    pages         = {45--57},
    doi           = {10.30545/academo.2020.ene-jun.5},
}

@article{gende2021variacion,
    title         = {Variaci{\'o}n en la autopercepci{\'o}n de la competencia digital en futuros docentes de ingl{\'e}s},
    author        = {Mosquera Gende, Ingrid},
    year          = {2021},
    journal       = {Lenguas Modernas},
    number        = {58},
    pages         = {35--53},
}

@article{fernandez_miravete_evaluacion_2021,
    title         = {Evaluaci\'{o}n de la competencia digital de una organizaci\'{o}n educativa de ense\~{n}anza secundaria a partir del modelo {DigCompOrg}},
    author        = {Fern\'{a}ndez Miravete, \'{A}ngel David and Prendes Espinosa, M\textordfeminine{} Paz},
    year          = {2021},
    journal       = {Revista Complutense de Educaci\'{o}n},
    volume        = {32},
    number        = {4},
    pages         = {651--661},
    doi           = {10.5209/rced.70953},
    issn          = {1988-2793, 1130-2496},
}

@article{gabarda_mendez_profesorado_2021,
    title         = {El profesorado de {Educaci\'{o}n} {Infantil} y {Primaria}: formaci\'{o}n tecnol\'{o}gica y competencia digital},
    author        = {Gabarda M\'{e}ndez, Vicente and Garc\'{\i}a Tort, Enrique and Ferrando Rodr\'{\i}guez, Mar\'{\i}a De Lourdes and Chiappe Laverde, Andr\'{e}s},
    year          = {2021},
    journal       = {Innoeduca. International Journal of Technology and Educational Innovation},
    volume        = {7},
    number        = {2},
    pages         = {19--31},
    doi           = {10.24310/innoeduca.2021.v7i2.12261},
    issn          = {2444-2925},
}

@article{garzon_artacho_competencia_2021,
    title         = {Competencia digital docente en educaci\'{o}n de adultos: un estudio en un contexto espa\~{n}ol},
    author        = {Garz\'{o}n Artacho, Esther and Sola Mart\'{\i}nez, Tom\'{a}s and Trujillo Torres, Juan Manuel and Rodr\'{\i}guez Garc\'{\i}a, Antonio Manuel},
    year          = {2021},
    journal       = {Pixel-Bit, Revista de Medios y Educaci\'{o}n},
    number        = {62},
    pages         = {209--234},
    doi           = {10.12795/pixelbit.89510},
    issn          = {11338482, 21717966},
}

@article{guitert_digital_2021,
    title         = {The digital competence framework for primary and secondary schools in {Europe}},
    author        = {Guitert, Montse and Romeu, Teresa and Bazt\'{a}n, Pablo},
    year          = {2021},
    journal       = {European Journal of Education},
    volume        = {56},
    number        = {1},
    pages         = {133--149},
    doi           = {10.1111/ejed.12430},
    issn          = {0141-8211, 1465-3435},
}

@article{jimenez-hernandez_mejora_2021,
    title         = {La mejora de la competencia digital de los futuros docentes de secundaria: una experiencia en la {Universidad} {Miguel} {Hern\'{a}ndez}},
    author        = {Jim\'{e}nez-Hern\'{a}ndez, David and Gonz\'{a}lez-Calatayud, V\'{\i}ctor and Mart\'{\i}nez-Mayoral, Mar\'{\i}a Asunci\'{o}n and Morales-Socu\'{e}llamos, Javier},
    year          = {2021},
    journal       = {Aloma: Revista de Psicologia, Ci\`{e}ncies de l'Educaci\'{o} i de l'Esport},
    volume        = {39},
    number        = {2},
    pages         = {53--62},
    doi           = {10.51698/aloma.2021.39.2.53-62},
    issn          = {2339-9694, 1138-3194},
}

@article{luengo_horcajo_fortalezas_2021,
    title         = {Fortalezas y debilidades de la propuesta curricular {LOMLOE}. {Proyecto} {Atl\'{a}ntida}},
    author        = {Luengo Horcajo, Florencio and Hern\'{a}ndez-Ortega, Jos\'{e} and Clavijo Ruiz, Manuel and G\'{o}mez Alfonso, Jos\'{e} Antonio},
    year          = {2021},
    journal       = {Avances en Supervisi\'{o}n Educativa},
    number        = {35},
    doi           = {10.23824/ase.v0i35.723},
    issn          = {18850286, 18850286},
    url           = {https://doi.org/10.23824/ase.v0i35.723},
}

@article{moreno_guerrero_competencia_2021,
    title         = {Competencia digital docente y el uso de la realidad aumentada en la ense\~{n}anza de ciencias en {Educaci\'{o}n} {Secundaria} {Obligatoria}.},
    author        = {Moreno-Guerrero, Antonio Jos\'{e} and Rodr\'{\i}guez Garc\'{\i}a, Antonio Manuel and Rodr\'{\i}guez Jim\'{e}nez, Carmen and Ramos Navas-Parejo, Magdalena},
    year          = {2021},
    journal       = {Revista Fuentes},
    volume        = {1},
    number        = {23},
    pages         = {108--124},
    doi           = {10.12795/revistafuentes.2021.v23.i1.12050},
}

@article{perez-navio_university_2021,
    title         = {University {Graduate} {Students} and {Digital} {Competence}: {Are} {Future} {Secondary} {School} {Teachers} {Digitally} {Competent}?},
    author        = {P\'{e}rez-Nav\'{\i}o, Eufrasio and Oca\~{n}a-Moral, Mar\'{\i}a Teresa and Mart\'{\i}nez-Serrano, Mar\'{\i}a Del Carmen},
    year          = {2021},
    journal       = {Sustainability},
    volume        = {13},
    number        = {15},
    pages         = {8519},
    doi           = {10.3390/su13158519},
    issn          = {2071-1050},
}

@article{rodriguez-muniz_secondary_2021,
    title         = {Secondary {Mathematics} {Teachers}' {Perception} of {Their} {Readiness} for {Emergency} {Remote} {Teaching} during the {COVID}-19 {Pandemic}: {A} {Case} {Study}},
    author        = {Rodr\'{\i}guez-Mu\~{n}iz, Luis J. and Bur\'{o}n, Diego and Aguilar-Gonz\'{a}lez, \'{A}lvaro and Mu\~{n}iz-Rodr\'{\i}guez, Laura},
    year          = {2021},
    journal       = {Education Sciences},
    volume        = {11},
    number        = {5},
    pages         = {228},
    doi           = {10.3390/educsci11050228},
    issn          = {2227-7102},
}

@article{sanchez-caballe_integrating_2021,
    title         = {Integrating {Digital} {Competence} in {Higher} {Education} {Curricula}: {An} {Institutional} {Analysis}},
    author        = {S\'{a}nchez-Caball\'{e}, Anna and Gisbert-Cervera, Merc\`{e} and Esteve-M\'{o}n, Francesc},
    year          = {2021},
    journal       = {Educar},
    volume        = {57},
    number        = {1},
    pages         = {241--258},
    doi           = {10.5565/rev/educar.1174},
    issn          = {2014-8801, 0211-819X},
}

@misc{intef2022marco,
    title         = {Marco de referencia de la Competencia Digital del docente},
    author        = {{Instituto Nacional de Tecnolog\'{\i}as Educativas y Formaci\'{o}n del Profesorado}},
    year          = {2022},
    publisher     = {Instituto Nacional de Tecnolog\'{\i}as Educativas y Formaci\'{o}n del Profesorado},
}

@article{martin2022analysis,
    title         = {Analysis of teachers' digital competencies from assessment frameworks and instruments},
    author        = {Mart{\'\i}n P{\'a}rraga, Lorena and Llorente Cejudo, Maria del Carmen and Cabero Almenara, Julio},
    year          = {2022},
    journal       = {IJERI: International Journal of Educational Research and Innovation},
    publisher     = {Universidad Pablo de Olavide, Facultad de Ciencias Sociales},
    volume        = {18},
    pages         = {62--79},
}

@article{mas2022competencia,
    title         = {Competencia digital del profesorado de Educaci{\'o}n Secundaria: An{\'a}lisis del estado del arte},
    author        = {M{\'a}s Garc{\'\i}a, Ver{\'o}nica and Gabarda M{\'e}ndez, Vicente and Peirats Chac{\'o}n, Jos{\'e} and others},
    year          = {2022},
    journal       = {REIDOCREA. Revista Electr\'{o}nica de Investigaci\'{o}n y Docencia Creativa},
    publisher     = {Universidad de Granada},
    volume        = {11},
    number        = {35},
    pages         = {418--230},
    url           = {http://hdl.handle.net/10481/76068},
}

@article{alvarez_uria_propuesta_2022,
    title         = {Una propuesta interdisciplinar para trabajar la competencia digital docente en el {Grado} de {Educaci\'{o}n} {Infantil} ({UPV}/{EHU})},
    author        = {\'{A}lvarez Ur\'{\i}a, Amaia and L\'{o}pez-de-Arana Prado, Elena and S\'{a}enz-del-Castillo Velasco, Aritza},
    year          = {2022},
    journal       = {Edutec. Revista Electr\'{o}nica de Tecnolog\'{\i}a Educativa},
    number        = {79},
    pages         = {235--252},
    doi           = {10.21556/edutec.2022.79.2045},
    issn          = {1135-9250},
}

@article{gabarda_mendez_competencias_2022,
    title         = {Competencias {Clave}, {Competencia} {Digital} y formaci\'{o}n del profesorado: {Percepci\'{o}n} de los {Estudiantes} de {Pedagog\'{\i}a}},
    author        = {Gabarda M\'{e}ndez, Vicente and Cuevas Monzon\'{\i}s, Nuria and Colomo Maga\~{n}a, Ernesto and C\'{\i}vico Ariza, Andrea},
    year          = {2022},
    journal       = {Profesorado, Revista de Curr\'{\i}culum y Formaci\'{o}n del Profesorado},
    volume        = {26},
    number        = {2},
    pages         = {7--27},
    doi           = {10.30827/profesorado.v26i2.21227},
    issn          = {1989-6395, 1138-414X},
}

@article{marin_suelves_alisis_2022,
    title         = {An\'{a}lisis de la competencia digital en el futuro profesorado a trav\'{e}s de un dise\~{n}o mixto},
    author        = {Mar\'{\i}n Suelves, Diana and Gabarda M\'{e}ndez, Vicente and Ram\'{o}n-Llin Mas, Jesus Adri\'{a}n},
    year          = {2022},
    journal       = {Revista de Educaci\'{o}n a Distancia (RED)},
    volume        = {22},
    number        = {70},
    pages         = {1--30},
    doi           = {10.6018/red.523071},
    issn          = {1578-7680},
    url           = {https://revistas.um.es/red/article/view/523071},
}

@article{nieto-isidro_competencia_2022,
    title         = {Competencia {Informacional} {Observada} y {Auto}-percibida en docentes y futuros docentes y su relaci\'{o}n con variables socio-demogr\'{a}ficas},
    author        = {Nieto-Isidro, Susana and Mart\'{\i}nez-Abad, Fernando and Rodr\'{\i}guez-Conde, Mar\'{\i}a Jos\'{e}},
    year          = {2022},
    journal       = {Revista de Educaci\'{o}n},
    volume        = {396},
    number        = {2},
    pages         = {35--64},
    doi           = {10.4438/1988-592X-RE-2022-396-529},
    issn          = {1988-592X 0034-8082},
}

@article{pinto-santos_development_2022,
    title         = {Development of teaching digital competence in initial teacher training: {A} systematic review.},
    author        = {Pinto-Santos, Alba R. and Garcias, Adolfina P\'{e}rez and Garcias, Antonia P\'{e}rez},
    year          = {2022},
    journal       = {World Journal on Educational Technology: Current Issues},
    volume        = {14},
    number        = {1},
    pages         = {01--15},
    doi           = {10.18844/wjet.v14i1.6250},
    issn          = {1309-0348},
}

@incollection{herrero2023reflexiones,
    title         = {Reflexiones sobre la Competencia Digital Docente},
    author        = {{\'A}lvarez Herrero, Juan Francisco and Hern{\'a}ndez Ortega, Jos{\'e}},
    year          = {2023},
    booktitle     = {Educaci{\'o}n y Sociedad: Pensamiento e innovaci{\'o}n para la transformaci{\'o}n social},
    publisher     = {Dykinson},
    pages         = {1961--1967},
    editor        = {Molina-Garc\'{\i}a, D. Cobos-Sanchiz and L\'{o}pez-Meneses, E. and Ja\'{e}n-Mart\'{\i}nez, A. and Mart\'{\i}n-Padilla, A. H.},
}

@article{ferrando-rodriguez_crea_2023,
    title         = {\textquestiondown{}{Crea} contenidos digitales el profesorado universitario? {Un} dise\~{n}o mixto de investigaci\'{o}n},
    author        = {Ferrando-Rodr\'{\i}guez, Mar\'{\i}a De Lourdes and Gabarda M\'{e}ndez, Vicente and Mar\'{\i}n- Suelves, Diana and Llin M\'{a}s, Jes\'{u}s Ram\'{o}n},
    year          = {2023},
    journal       = {Pixel-Bit, Revista de Medios y Educaci\'{o}n},
    volume        = {6},
    number        = {66},
    pages         = {137--172},
    doi           = {10.12795/pixelbit.96309},
    issn          = {11338482, 21717966},
}

@incollection{herrero2023reflexiones,
    title         = {Reflexiones sobre la Competencia Digital Docente},
    author        = {Herrero, Juan Francisco {\'A}lvarez and Ortega, Jos{\'e} Hern{\'a}ndez},
    year          = {2023},
    booktitle     = {Educaci{\'o}n y Sociedad: Pensamiento e innovaci{\'o}n para la transformaci{\'o}n social},
    publisher     = {Dykinson},
    pages         = {1961--1967},
}
