
@article{alvarez_uria_propuesta_2022,
	title = {Una propuesta interdisciplinar para trabajar la competencia digital docente en el {Grado} de {Educación} {Infantil} ({UPV}/{EHU})},
	issn = {1135-9250},
	doi = {10.21556/edutec.2022.79.2045},
	number = {79},
	journal = {Edutec. Revista Electrónica de Tecnología Educativa},
	author = {Álvarez Uría, Amaia and López-de-Arana Prado, Elena and Sáenz-del-Castillo Velasco, Aritza},
	year = {2022},
	pages = {235--252},
}

@article{aznar_diaz_alfabetizacion_2019,
	title = {Alfabetización digital del profesorado de ciencias ambientales : un análisis de su competencia tecnológica.},
	issn = {1909-2474},
	doi = {10.17151/luaz.2019.49.10},
	number = {49},
	journal = {Luna Azul},
	author = {Aznar Díaz, Inmaculada and Cáceres Reche, María Pilar and Romero Rodríguez, José María},
	year = {2019},
	pages = {172--184},
}

@article{llorente_desarrollo_2018,
	title = {Desarrollo de la competencia digital en la formación inicial del profesorado de {Educación} {Infantil}},
	copyright = {Derechos de autor 2017 Píxel-Bit. Revista de Medios y Educación},
	issn = {2171-7966},
	doi = {10.12795/pixelbit.2018.i52.07},
	number = {52},
	journal = {Pixel-Bit. Revista de Medios y Educación},
	author = {Llorente, Pilar Aristizabal and Iglesias, Esther Cruz},
	year = {2018},
	keywords = {formación del profesorado},
	pages = {97--110},
}

@book{butcher_marco_2019,
	address = {París},
	title = {Marco de competencias de los docentes en materia de {TIC} {UNESCO} versión 3},
	publisher = {UNESCO},
	author = {Butcher, N},
	year = {2019},
}

@article{cabero-almenara_marcos_2020,
	title = {Marcos de {Competencias} {Digitales} {Docentes} y su adecuación al profesorado universitario y no universitario},
	volume = {4},
	doi = {10.32541/recie.2020.v4i2.pp137-158},
	number = {2},
	journal = {RECIE. Revista Caribeña de Investigación Educativa},
	author = {Cabero-Almenara, Julio and Romero-Tena, Rosalía and Barroso-Osuna, Julio and Palacios-Rodríguez, Antonio},
	year = {2020},
	pages = {137--158},
}

@article{cabero-almenara_marco_2020,
	title = {Marco {Europeo} de {Competencia} {Digital} {Docente} «{DigCompEdu}». {Traducción} y adaptación del cuestionario «{DigCompEdu} {Check}-{In}»},
	volume = {9},
	doi = {10.21071/edmetic.v9i1.12462},
	number = {1},
	journal = {EDMETIC. Revista de Educación Mediática y TIC},
	author = {Cabero-Almenara, Julio and Palacios-Rodríguez, Antonio},
	year = {2020},
	pages = {213--234},
}

@article{castaneda_por_2018,
	title = {¿{Por} qué es necesario repensar la competencia docente para el mundo digital?},
	doi = {10.6018/red/56/6},
	number = {56},
	journal = {RED. Revista de Educación a Distancia},
	author = {Castañeda, Linda and Esteve, Francesc and Adell, Jordi},
	year = {2018},
	pages = {1--20},
}

@article{colas-bravo_impact_2018,
	title = {The {Impact} of {ICT} on {Teaching} in the {Spanish} {Education} {System}: {A} {Literature} {Review}},
	doi = {10.6018/red/56/2},
	number = {56},
	journal = {Revista de Educación a Distancia (RED)},
	author = {Colás-Bravo, María Pilar and Pons, Juan and Ballesta-Pagán, Javier},
	year = {2018},
	pages = {1--23},
}

@book{crompton_iste_2017,
	address = {Eugene, Oregon},
	edition = {First edition},
	title = {{ISTE} standards for educators: a guide for teachers and other professionals},
	isbn = {9781564843951},
	publisher = {International Society for Technology in Education},
	author = {Crompton, Helen},
	collaborator = {{International Society for Technology in Education}},
	year = {2017},
}

@article{cuartero_duran_certificacion_2019,
	title = {Certificación de la {Competencia} {Digital} {Docente}: propuesta para el profesorado universitario},
	volume = {22},
	copyright = {Derechos de autor 2018 RIED. Revista Iberoamericana de Educación a Distancia},
	issn = {1390-3306},
	doi = {10.5944/ried.22.1.22069},
	number = {1},
	journal = {RIED-Revista Iberoamericana de Educación a Distancia},
	author = {Cuartero Durán, Marta  and Espinosa, Mª Paz Prendes and Porlán, Isabel Gutiérrez},
	year = {2019},
	keywords = {instrumentos},
	pages = {187--205},
}

@article{esteve-mon_competencia_2016,
	title = {La competencia digital de los futuros docentes: ¿{Cómo} se ven los actuales estudiantes de educación?},
	volume = {55},
	issn = {0718-9729},
	doi = {10.4151/07189729-Vol.55-Iss.2-Art.412},
	number = {2},
	journal = {Perspectiva Educacional, Formación de Profesores},
	author = {Esteve-Mon, Francesc M. and Gisbert-Cervera, Mercè and Lázaro-Cantabrana, José Luis},
	year = {2016},
	pages = {38--54},
}

@article{fernandez_miravete_evaluacion_2021,
	title = {Evaluación de la competencia digital de una organización educativa de enseñanza secundaria a partir del modelo {DigCompOrg}},
	volume = {32},
	issn = {1988-2793, 1130-2496},
	doi = {10.5209/rced.70953},
	number = {4},
	journal = {Revista Complutense de Educación},
	author = {Fernández Miravete, Ángel David and Prendes Espinosa, Mª Paz},
	year = {2021},
	pages = {651--661},
}

@article{ferrando-rodriguez_crea_2023,
	title = {¿{Crea} contenidos digitales el profesorado universitario? {Un} diseño mixto de investigación},
	volume = {6},
	issn = {11338482, 21717966},
	doi = {10.12795/pixelbit.96309},
	number = {66},
	journal = {Pixel-Bit, Revista de Medios y Educación},
	author = {Ferrando-Rodríguez, María De Lourdes and Gabarda Méndez, Vicente and Marín- Suelves, Diana and Llin Más, Jesús Ramón},
	year = {2023},
	pages = {137--172},
}

@book{ferrari_digcomp:_2013,
	address = {Luxembourg},
	title = {{DIGCOMP}: a framework for developing and understanding digital competence in {Europe}},
	isbn = {9789279314650},
	publisher = {Publications Office},
	author = {Ferrari, Anusca},
	editor = {Punie, Yves and Brečko, Barbara N.},
	year = {2013},
}

@article{fuentes_alisis_2019,
	title = {Análisis de la {Competencia} {Digital} {Docente}: {Factor} {Clave} en el {Desempeño} de {Pedagogías} {Activas} con {Realidad} {Aumentada}},
	volume = {17},
	issn = {1696-4713},
	doi = {10.15366/reice2019.17.2.002},
	number = {2},
	journal = {REICE. Revista Iberoamericana sobre Calidad, Eficacia y Cambio en Educación},
	author = {Fuentes, Arturo and López, Jesús and Pozo, Santiago},
	year = {2019},
	pages = {27--42},
}

@article{gabarda_mendez_profesorado_2021,
	title = {El profesorado de {Educación} {Infantil} y {Primaria}: formación tecnológica y competencia digital},
	volume = {7},
	issn = {2444-2925},
	doi = {10.24310/innoeduca.2021.v7i2.12261},
	number = {2},
	journal = {Innoeduca. International Journal of Technology and Educational Innovation},
	author = {Gabarda Méndez, Vicente and García Tort, Enrique and Ferrando Rodríguez, María De Lourdes and Chiappe Laverde, Andrés},
	year = {2021},
	pages = {19--31},
}

@article{gabarda_mendez_competencias_2022,
	title = {Competencias {Clave}, {Competencia} {Digital} y formación del profesorado: {Percepción} de los {Estudiantes} de {Pedagogía}},
	volume = {26},
	issn = {1989-6395, 1138-414X},
	doi = {10.30827/profesorado.v26i2.21227},
	number = {2},
	journal = {Profesorado, Revista de Currículum y Formación del Profesorado},
	author = {Gabarda Méndez, Vicente and Cuevas Monzonís, Nuria and Colomo Magaña, Ernesto and Cívico Ariza, Andrea},
	year = {2022},
	pages = {7--27},
}

@article{garzon_artacho_competencia_2021,
	title = {Competencia digital docente en educación de adultos: un estudio en un contexto español},
	issn = {11338482, 21717966},
	doi = {10.12795/pixelbit.89510},
	number = {62},
	journal = {Pixel-Bit, Revista de Medios y Educación},
	author = {Garzón Artacho, Esther and Sola Martínez, Tomás and Trujillo Torres, Juan Manuel and Rodríguez García, Antonio Manuel},
	year = {2021},
	pages = {209--234},
}

@article{gomez_carrasco_estrategias_2020,
	title = {Estrategias metodológicas y uso de recursos digitales para la enseñanza de la historia. {Análisis} de recuerdos y opiniones del profesorado en formación inicial},
	volume = {49},
	issn = {0210-2773, 2341-2313},
	doi = {10.17811/rifie.49.1.2020.65-74},
	number = {1},
	journal = {Aula Abierta},
	author = {Gómez Carrasco, Cosme Jesús and Chaparro Sainz, Álvaro and Felices De La Fuente, María Del Mar and Cózar Gutiérrez, Ramón},
	year = {2020},
	pages = {65--74},
}

@article{gamez_guillen_efectos_2020,
	title = {Efectos sobre la metodología {Flipped} {Classroom} a través de {Blackboard} sobre las actitudes hacia la estadística de estudiantes del {Grado} de {Educación} {Primaria}: un estudio con {ANOVA} mixto},
	volume = {13},
	issn = {1983-3652},
	doi = {10.35699/1983-3652.2020.25107},
	number = {3},
	journal = {Texto Livre: Linguagem e Tecnologia},
	author = {Gámez Guillén, Francisco David  and Magaña, Ernesto Colomo and Rivas, Enrique Sánchez and Río, Rocío Pérez Del},
	year = {2020},
	pages = {121--139},
}

@article{guitert_digital_2021,
	title = {The digital competence framework for primary and secondary schools in {Europe}},
	volume = {56},
	issn = {0141-8211, 1465-3435},
	doi = {10.1111/ejed.12430},
	number = {1},
	journal = {European Journal of Education},
	author = {Guitert, Montse and Romeu, Teresa and Baztán, Pablo},
	year = {2021},
	pages = {133--149},
}

@article{herrada_valverde_adaptacion_2011,
	title = {Adaptación de los estudios de magisterio al {EEES}: las {TIC} en los nuevos planes de estudio},
	issn = {1135-9250},
	doi = {10.21556/edutec.2011.36.405},
	number = {36},
	journal = {Edutec. Revista Electrónica de Tecnología Educativa},
	author = {Herrada Valverde, Rosario Isabel and Herrada Valverde, Gabriel},
	year = {2011},
	pages = {1--12},
}

@book{international_society_for_technology_in_education_national_2008,
	address = {Washington, DC},
	edition = {2nd ed},
	title = {National educational technology standards for teachers},
	isbn = {9781564842435},
	publisher = {International Society for Technology in Education},
	editor = {{International Society for Technology in Education}},
	year = {2008},
	keywords = {Teaching, Standards, United States, Handbooks, manuals, etc, Education, Standards, United States, Educational technology, Standards, United States, Computer literacy, Standards, United States},
}

@article{jimenez-hernandez_mejora_2021,
	title = {La mejora de la competencia digital de los futuros docentes de secundaria: una experiencia en la {Universidad} {Miguel} {Hernández}},
	volume = {39},
	issn = {2339-9694, 1138-3194},
	doi = {10.51698/aloma.2021.39.2.53-62},
	number = {2},
	journal = {Aloma: Revista de Psicologia, Ciències de l'Educació i de l'Esport},
	author = {Jiménez-Hernández, David and González-Calatayud, Víctor and Martínez-Mayoral, María Asunción and Morales-Socuéllamos, Javier},
	year = {2021},
	pages = {53--62},
}

@article{lopez_belmonte_alisis_2019,
	title = {Análisis del efecto de la formación b-learning en el profesorado. {Estudio} de caso de una cooperativa de enseñanza},
	volume = {12},
	issn = {1983-3652},
	doi = {10.17851/1983-3652.12.2.98-115},
	number = {2},
	journal = {Texto Livre: Linguagem e Tecnologia},
	author = {López Belmonte, Jesús and Pozo Sánchez, Santiago and Fuentes Cabrera, Arturo and Gómez García, Gerardo},
	year = {2019},
	pages = {98--115},
}

@article{lopez_belmonte_pedagogical_2020,
	title = {Pedagogical projection of teaching digital competition. {The} case of a cooperative education},
	issn = {2386-4303},
	doi = {10.46661/ijeri.3844},
	number = {14},
	journal = {IJERI: International Journal of Educational Research and Innovation},
	author = {López Belmonte, Jesús and Pozo Sánchez, Santiago and Ávila Rodríguez, Martha and Montero Cáceres, Celia},
	year = {2020},
	pages = {167--179},
}

@article{luengo_horcajo_fortalezas_2021,
	title = {Fortalezas y debilidades de la propuesta curricular {LOMLOE}. {Proyecto} {Atlántida}},
	issn = {18850286, 18850286},
	url = {https://doi.org/10.23824/ase.v0i35.723},
	doi = {10.23824/ase.v0i35.723},
	number = {35},
	journal = {Avances en Supervisión Educativa},
	author = {Luengo Horcajo, Florencio and Hernández-Ortega, José and Clavijo Ruiz, Manuel and Gómez Alfonso, José Antonio},
	year = {2021},
}

@article{marin_suelves_alisis_2022,
	title = {Análisis de la competencia digital en el futuro profesorado a través de un diseño mixto},
	volume = {22},
	issn = {1578-7680},
	url = {https://revistas.um.es/red/article/view/523071},
	doi = {10.6018/red.523071},
	number = {70},
	journal = {Revista de Educación a Distancia (RED)},
	author = {Marín Suelves, Diana and Gabarda Méndez, Vicente and Ramón-Llin Mas, Jesus Adrián},
	year = {2022},
	pages = {1--30},
}

@article{miguel-revilla_assessing_2020,
	title = {Assessing the digital competence of educators in social studies: {An} analysis in initial teacher training using the {TPACK}-21 model},
	volume = {36},
	issn = {1449-5554, 1449-3098},
	doi = {10.14742/ajet.5281},
	number = {2},
	journal = {Australasian Journal of Educational Technology},
	author = {Miguel-Revilla, Diego and Martínez-Ferreira, José María and Sánchez-Agustí, María},
	year = {2020},
	pages = {1--12},
}

@article{moreno_guerrero_competencia_2021,
	title = {Competencia digital docente y el uso de la realidad aumentada en la enseñanza de ciencias en {Educación} {Secundaria} {Obligatoria}.},
	volume = {1},
	doi = {10.12795/revistafuentes.2021.v23.i1.12050},
	number = {23},
	journal = {Revista Fuentes},
	author = {Moreno Guerrero, Antonio José and Rodríguez García, Antonio Manuel and Rodríguez Jiménez, Carmen and Ramos Navas-Parejo, Magdalena},
	year = {2021},
	pages = {108--124},
}

@article{moreno-guerrero_area_2020,
	title = {El área de información y alfabetización informacional de la competencia digital docente},
	volume = {24},
	copyright = {Copyright (c) 2020 Compartidos: Revista y Autores(as)},
	issn = {1409-4258},
	doi = {10.15359/ree.24-3.25},
	number = {3},
	journal = {Revista Electrónica Educare},
	author = {Moreno-Guerrero, Antonio José and Miaja-Chippirraz, Nuria and Bueno-Pedrero, Ana and Borrego-Otero, Laura},
	year = {2020},
	keywords = {Teachers, training, teacher qualifications, information technology},
	pages = {521--536},
}

@article{moreno_guerrero_competencia_2020,
	title = {Competencia digital {Docente}. Área de información y alfabetización informacional y su influencia con la edad},
	volume = {7},
	doi = {10.30545/academo.2020.ene-jun.5},
	number = {1},
	journal = {ACADEMO Revista de Investigación en Ciencias Sociales y Humanidades},
	author = {Moreno Guerrero, Antonio José and Fernández Mora, Mª Aránzazu and Godino Fernández, Antonio Luis},
	year = {2020},
	pages = {45--57},
}

@article{moreno_martinez_experiencia_2016,
	title = {Experiencia formativa en el uso didáctico de la realidad aumentada con estudiantes del máster de formación del profesorado en educación secundaria en la {Universidad} de {Málaga}},
	volume = {26},
	doi = {10.15304/ie.26.3611},
	journal = {Innovación educativa},
	author = {Moreno Martínez, Noelia Margarita and Leiva Olivencia, Juan José and López Meneses, Eloy José},
	year = {2016},
	pages = {265--303},
}

@article{napal_fraile_development_2018,
	title = {Development of {Digital} {Competence} in {Secondary} {Education} {Teachers}’ {Training}},
	volume = {8},
	issn = {2227-7102},
	doi = {10.3390/educsci8030104},
	number = {3},
	journal = {Education Sciences},
	author = {Napal Fraile, María and Peñalva-Vélez, Alicia and Mendióroz Lacambra, Ana},
	year = {2018},
	pages = {104},
}

@article{nieto-isidro_competencia_2022,
	title = {Competencia {Informacional} {Observada} y {Auto}-percibida en docentes y futuros docentes y su relación con variables socio-demográficas},
	volume = {396},
	issn = {1988-592X 0034-8082},
	doi = {10.4438/1988-592X-RE-2022-396-529},
	number = {2},
	journal = {Revista de Educación},
	author = {Nieto-Isidro, Susana and Martínez-Abad, Fernando and Rodríguez-Conde, María José},
	year = {2022},
	pages = {35--64},
}

@article{ortega-sanchez_self-perception_2020,
	title = {Self-{Perception} and {Training} {Perceptions} on {Teacher} {Digital} {Competence} ({TDC}) in {Spanish} and {French} {University} {Students}},
	volume = {4},
	issn = {2414-4088},
	doi = {10.3390/mti4040074},
	number = {4},
	journal = {Multimodal Technologies and Interaction},
	author = {Ortega-Sánchez, Delfín and Gómez-Trigueros, Isabel María and Trestini, Marc and Pérez-González, Carlos},
	year = {2020},
	pages = {74},
}

@article{peirats_chacon_competencia_2018,
	title = {Competencia digital en los planes de estudios de universidades públicas españolas},
	volume = {16},
	issn = {1887-4592, 1887-4592},
	doi = {10.4995/redu.2018.8935},
	number = {1},
	journal = {REDU. Revista de Docencia Universitaria},
	author = {Peirats Chacón, J. and Marín Suelves, D. and Granados Saiz, J. and Morote Blanco, D.},
	year = {2018},
	pages = {175--191},
}

@article{perez-navio_university_2021,
	title = {University {Graduate} {Students} and {Digital} {Competence}: {Are} {Future} {Secondary} {School} {Teachers} {Digitally} {Competent}?},
	volume = {13},
	issn = {2071-1050},
	doi = {10.3390/su13158519},
	number = {15},
	journal = {Sustainability},
	author = {Pérez-Navío, Eufrasio and Ocaña-Moral, María Teresa and Martínez-Serrano, María Del Carmen},
	year = {2021},
	pages = {8519},
}

@article{pinto-santos_development_2022,
	title = {Development of teaching digital competence in initial teacher training: {A} systematic review.},
	volume = {14},
	issn = {1309-0348},
	doi = {10.18844/wjet.v14i1.6250},
	number = {1},
	journal = {World Journal on Educational Technology: Current Issues},
	author = {Pinto-Santos, Alba R. and Garcias, Adolfina Pérez and Garcias, Antonia Pérez},
	year = {2022},
	pages = {01--15},
}

@article{portillo_self-perception_2020,
	title = {Self-{Perception} of the {Digital} {Competence} of {Educators} during the {COVID}-19 {Pandemic}: {A} {Cross}-{Analysis} of {Different} {Educational} {Stages}},
	volume = {12},
	issn = {2071-1050},
	doi = {10.3390/su122310128},
	number = {23},
	journal = {Sustainability},
	author = {Portillo, Javier and Garay, Urtza and Tejada, Eneko and Bilbao, Naiara},
	year = {2020},
	pages = {10128},
}

@article{prendes_competencia_2018,
	title = {Competencia digital: una necesidad del profesorado universitario en el siglo {XXI}},
	volume = {18},
	issn = {1578-7680},
	doi = {10.6018/red/56/7},
	number = {56},
	journal = {Revista de Educación a Distancia (RED)},
	author = {Prendes, M. Paz and Gutiérrez, Isabel and Martínez, Francisco},
	year = {2018},
	pages = {1--22},
}

@article{ramirez_martinell_marcos_2015,
	title = {Marcos de referencia de saberes digitales},
	volume = {4},
	issn = {2254-0059},
	doi = {10.21071/edmetic.v4i2.3965},
	number = {2},
	journal = {EDMETIC},
	author = {Ramírez Martinell, Alberto and Morales Rodríguez, Ana Teresa and Olguín Aguilar, Pablo Alejandro},
	year = {2015},
	pages = {112--136},
}

@book{redecker_european_2017,
	address = {Luxembourg},
	title = {European framework for the digital competence of educators {DigCompEdu}},
	isbn = {9789279737183},
	publisher = {Publications Office},
	author = {Redecker, Christine and Punie, Yves},
	year = {2017},
}

@article{moreno_martinez_experiencia_2016-1,
	title = {Experiencia formativa en el uso didáctico de la realidad aumentada con estudiantes del máster de formación del profesorado en educación secundaria en la {Universidad} de {Málaga}},
	issn = {2340-0056, 1130-8656},
	url = {https://revistas.usc.gal/index.php/ie/article/view/3611},
	doi = {10.15304/ie.26.3611},
	abstract = {Dentro de las tecnologías educativas emergentes nos encontramos con la Realidad Aumentada (RA en adelante) como una estrategia metodológica con un gran potencial educativo para la creación y producción de escenarios de aprendizajes interactivos, dinámicos y fuertemente motivadores para los estudiantes. Así, en este trabajo presentamos las conclusiones más significativas de una experiencia formativa desarrollada en la asignatura “Sociedad, Familia y Educación” con 123 estudiantes del Máster de Formación del Profesorado de Educación Secundaria Obligatoria y Bachillerato, Formación Profesional y Enseñanza de Idiomas de las especialidades de Lengua y Literatura, Geografía e Historia, procesos sanitarios y formación y Orientación Laboral de la Universidad de Málaga en el curso académico 2015/2016.La metodología de la investigación de carácter exploratorio y descriptivo fue de corte cuantitativo en su primera fase y cualitativo e interpretativo, en una segunda fase. En este sentido, se utilizó  como instrumento de recogida de datos la aplicación Survey Monkey (https://es.surveymonkey.com/home/), para la elaboración y administración online de un cuestionario pretest que el alumnado debía cumplimentar antes de recibir las sesiones formativas sobre el conocimiento y uso de la realidad aumentada en educación, y un cuestionario postest que los estudiantes contestaban posteriormente a las sesiones formativas.El objetivo de esta experiencia era conocer e identificar las competencias y actitudes hacia la RA de los estudiantes universitarios del máster de formación del profesorado en educación, así como las ventajas que dicha tecnología podía plantear en el ámbito educativo en los diferentes niveles y materias. Y entre los resultados obtenidos tras el desarrollo de las cuatro sesiones formativas para el conocimiento e implementación de herramientas de realidad aumentada mediante el uso de encuestas Pre-test y Pos-test y la elaboración de nubes de conceptos, pudimos constatar que en general los estudiantes tienen una actitud positiva ante las potencialidades didácticas de la RA.Los resultados se obtienen tras los datos recopilados por un lado de la encuesta pretest, antes de llevar a cabo las sesiones formativas de Realidad Aumentada aplicada a la Educación, las cuales se cumplimentaron a lo largo de las dos primeras semanas de noviembre, y por otro lado, de la encuesta postest, puesta a disposición del alumnado a lo largo de las dos primeras semanas de diciembre. El número de estudiantes que participaron en las encuestas es de 87. Y tras el análisis de dichos resultados del estudio de  investigación, podemos corroborar cómo la utilización de aplicaciones relacionadas con las tecnologías emergentes constituyen una práctica adecuada y útil para que los estudiantes puedan desempeñar un papel activo en su proceso formativo y pongan en juego habilidades de aprendizaje de orden superior en la adquisición de destrezas y competencias digitales para la puesta en práctica de herramientas de RA desde un punto de vista didáctico e instrumental.},
	number = {26},
	urldate = {2023-05-24},
	journal = {Innovación educativa},
	author = {Moreno Martínez, Noelia Margarita and Leiva Olivencia, Juan José and López Meneses, Eloy José},
	month = dec,
	year = {2016},
}

@article{rodriguez-muniz_secondary_2021,
	title = {Secondary {Mathematics} {Teachers}’ {Perception} of {Their} {Readiness} for {Emergency} {Remote} {Teaching} during the {COVID}-19 {Pandemic}: {A} {Case} {Study}},
	volume = {11},
	issn = {2227-7102},
	doi = {10.3390/educsci11050228},
	number = {5},
	journal = {Education Sciences},
	author = {Rodríguez-Muñiz, Luis J. and Burón, Diego and Aguilar-González, Álvaro and Muñiz-Rodríguez, Laura},
	year = {2021},
	pages = {228},
}

@article{sanchez-caballe_integrating_2021,
	title = {Integrating {Digital} {Competence} in {Higher} {Education} {Curricula}: {An} {Institutional} {Analysis}},
	volume = {57},
	issn = {2014-8801, 0211-819X},
	doi = {10.5565/rev/educar.1174},
	number = {1},
	journal = {Educar},
	author = {Sánchez-Caballé, Anna and Gisbert-Cervera, Mercè and Esteve-Món, Francesc},
	year = {2021},
	pages = {241--258},
}

@article{alvarez_herrero_formacion_2016,
	title = {La {Formación} en {TIC} del profesorado de {Secundaria} del {Estado} {Español}. {Un} análisis desde la percepción docente.},
	volume = {1},
	issn = {2385-4731, 1135-1438},
	url = {http://revistes.urv.cat/index.php/ute/article/view/981},
	doi = {10.17345/ute.2016.1.981},
	number = {1},
	urldate = {2023-05-24},
	journal = {Universitas Tarraconensis. Revista de Ciències de l'Educació},
	author = {Álvarez Herrero, Juan Francisco},
	month = jun,
	year = {2016},
	pages = {67},
}

@book{noauthor_unesco_2018,
	title = {{UNESCO} {ICT} {Competency} {Framework} for {Teachers}: version 3},
	isbn = {9789231002854},
	shorttitle = {{UNESCO} {ICT} {Competency} {Framework} for {Teachers}},
	year = {2018},
}
