@book{barthes2004,
	address = {São Paulo},
	title = {Aula},
	publisher = {Cultrix},
	author = {Barthes, Roland},
	year = {2004},
}
@misc{clark2010,
	title = {88 {Constellations} for {Wittgenstein} (to {Be} {Played} with the {Left} {Hand})},
	url = {http://www.88constellations.net/88.html},
	urldate = {2018-05-03},
	author = {Clark, David},
	year = {2010},
}
@book{deleuze1997,
	address = {São Paulo},
	title = {Mil platôs: capitalismo e esquizofrenia},
	volume = {1},
	publisher = {Editora 34},
	author = {Deleuze, Gilles and Guattari, Félix},
	year = {1997},
}
@book{deleuze1977,
	address = {Rio de Janeiro},
	title = {Kafka: por uma literatura menor},
	publisher = {Imago},
	author = {Deleuze, Gilles and Guattari, Félix},
	year = {1977},
}
@misc{electronic2010,
	title = {Electronic {Literature} {Organization} – {To} facilitate and promote the writing, publishing, and reading of literature in electronic media},
	author = {ELO},
	url = {https://eliterature.org/},
	urldate = {2018-02-12},
	year = {2010},
}
@book{funkhouser2012,
	address = {New York},
	series = {International texts in critical media aesthetics},
	title = {New directions in digital poetry},
	volume = {1},
	publisher = {Continuum},
	author = {Funkhouser, Chris},
	year = {2012},
}
@misc{gainza2013,
	title = {Escrituras {Electrónicas} en {América} {Latina}. {Producción} {Literaria} en el {Capitalismo} {Informacional}.},
	url = {http://d-scholarship.pitt.edu/16833/},
	urldate = {2021-04-06},
	author = {Gainza, Carolina},
	month = feb,
	year = {2013},
}
@article{garramuno2009,
	title = {La literatura en un campo expansivo: y la indisciplina del comparatismo},
	volume = {1},
	url = {https://periodicos.ufms.br/index.php/cadec/article/view/2190},
	number = {2},
	urldate = {2021-04-06},
	journal = {Caderno de Estudos Culturais},
	author = {Garramuño, Florencia},
	year = {2009},
	pages = {1--11},
}
@book{garramuno2014,
	address = {Rio de Janeiro},
	series = {Entrecríticas},
	title = {Frutos estranhos: sobre a inespecificidade na estética contemporânea},
	language = {por},
	publisher = {Rocco},
	author = {Garramuño, Florencia},
	year = {2014},
}
@book{hayles2009,
	address = {São Paulo},
	title = {Literatura eletrônica: novos horizontes para o literário},
	publisher = {Global},
	author = {Hayles, Katherine Nancy},
	year = {2009},
}
@book{jenkins2009,
	address = {São Paulo},
	title = {Cultura da convergência.},
	publisher = {Aleph},
	author = {Jenkins, Henry},
	year = {2009},
}
@book{perrone-moises2016,
	address = {São Paulo},
	title = {Mutações da literatura no século {XXI}},
	publisher = {Companhia Das Letras},
	author = {Perrone-Moisés, Leyla},
	year = {2016},
}
@book{rettberg2019,
	address = {Cambridge},
	title = {Electronic literature},
	publisher = {Polity Press},
	author = {Rettberg, Scott},
	year = {2019},
}
@article{santaella2012,
	title = {Para compreender a ciberliteratura},
	volume = {8},
	url = {http://www.periodicos.ufsc.br/index.php/textodigital/article/view/27337},
	doi = {10.5007/1807-9288.2012v8n2p229},
	number = {2},
	urldate = {2021-11-04},
	journal = {Texto Digital},
	author = {Santaella, Lucia},
	month = dec,
	year = {2012},
	pages = {229--240},
}
@incollection{silveira2020,
	address = {Belo Horizonte},
	title = {88 {Constellations} for {Wittgenstein} (to {Be} {Played} with the {Left} {Hand}), de {David} {Clark}: análise de um percurso temático por seus hiperlinks},
	booktitle = {Palavra e imagem em deslocamento},
	publisher = {Tradição Planalto},
	author = {Silveira, Alice Garcia and Pereira, Vinícius Carvalho},
	collaborator = {Moreira, Maria Elisa Rodrigues},
	year = {2020},
	pages = {46--64},
}
@incollection{tavares2011,
	address = {Belo Horizonte},
	title = {De arte e de ciência: o golpe decisivo com a mão esquerda},
	booktitle = {Conversações: de artes e de ciências},
	publisher = {Editora UFMG},
	author = {Tavares, Gonçalo Manuel and Hissa, Cássio Eduardo Viana},
	editor = {Hissa, Cássio Eduardo Viana},
	year = {2011},
	pages = {125--150},
}