@incollection{pym1990pre,
    title         = {Pre-editing and the use of simplified writing for MT},
    author        = {Pym, Peter},
    year          = {1990},
    booktitle     = {Translating and the Computer 10: The Translation Environment 10 Years on},
    publisher     = {Aslib},
    address       = {London},
    pages         = {80--95},
    editor        = {Mayorcas, Pamela},
}

@article{gamal2007audiovisual,
    title         = {Audiovisual translation in the Arab world: A changing scene},
    author        = {Gamal, Muhammad},
    year          = {2007},
    journal       = {Translation Watch Quarterly},
    volume        = {3},
    number        = {2},
    pages         = {78--95},
}

@article{gamal2014,
    title         = {Audiovisual translation in the Arab world: Mapping the Field},
    author        = {Gamal, Muhammad},
    year          = {2014},
    journal       = {Arab Media \& Society},
    number        = {19},
    pages         = {1--12},
}

@article{izwaini2015machine,
    title         = {Machine translation in the Arab world: Saudi Arabia as a case study},
    author        = {Izwaini, Sattar},
    year          = {2015},
    journal       = {Trans-Kom. Wissenschaftliche Zeitschrift F{\"u}r Translation Und Kommunikation},
    volume        = {8},
    number        = {2},
    pages         = {382--414},
}

@article{jaber2015landscape,
    title         = {The landscape of translation movement in the Arab world: From the 7th Century until the beginning of the 21st Century},
    author        = {Jaber, Fadi},
    year          = {2015},
    journal       = {Arab World English Journal (AWEJ) Vol},
    volume        = {6},
    number        = {4},
    pages         = {128--140},
}

@inproceedings{wang_translation_2016,
    title         = {Translation {Process} {Management} and {Quality} {Control} {Based} on {SDL} {Trados}--{A} {Case} {Study} of {Energetic} {Materials} at {Extreme} {Conditions} {Translation} {Project}},
    author        = {Wang, Yahui},
    year          = {2016},
    booktitle     = {Proceedings of the 2016 {International} {Conference} on {Education}, {E}-learning and {Management} {Technology}},
    publisher     = {Atlantis Press},
    address       = {Xi'an, China},
    pages         = {255--261},
    doi           = {10.2991/iceemt-16.2016.50},
    url           = {http://www.atlantis-press.com/php/paper-details.php?id=25860017},
}

@article{tomaszkiewicz2018traduction,
    title         = {Traduction automatique dans la formation des traducteurs: une analyse exp{\'e}rimentale de la post-{\'e}dition},
    author        = {Tomaszkiewicz, Teresa},
    year          = {2018},
    journal       = {Studia Romanica Posnaniensia},
    volume        = {45},
    number        = {4},
    pages         = {75--89},
}

@incollection{hiraoka2019pre,
    title         = {Pre-editing plus neural machine translation for subtitling: effective pre-editing rules for subtitling of TED Talks},
    author        = {Hiraoka, Yusuke and Yamada, Masaru},
    year          = {2019},
    booktitle     = {Proceedings of Machine Translation Summit XVII: Research Track},
    publisher     = {IE: European Association for Machine Translation},
    address       = {Dublin},
    pages         = {64--72},
    url           = {https://aclanthology.org/W19-6710},
    editor        = {Forcada, Mikel and Way, Andy and Haddow, Barry and Sennrich, Rico},
}

@article{ehrensberger-dow_traducteur_2019,
    title         = {Le traducteur et la machine: mieux travailler ensemble?},
    author        = {Ehrensberger-Dow, Maureen and Massey, Gary},
    year          = {2019},
    journal       = {Des mots aux actes},
    volume        = {8},
    pages         = {47--62},
    doi           = {10.15122/ISBN.978-2-406-09779-2},
    url           = {https://classiques-garnier.com/doi/garnier?filename=DmaMS03},
    keywords      = {Technologie, Textom\'{e}trie, Traduction sp\'{e}cialis\'{e}e, Traduction assist\'{e}e par ordinateur (TAO), Traduction automatique (TA), Traductologie},
}

@article{karkabou_childrens_2019,
    title         = {\textlang{arabic}{ دبلجة الأفلام الموجهة للأطفال من اللغة الإنجليزية إلى اللغة العربية } (dabljat al aflam al mowjaha lilatfal mina al logha al inglizia ila al logha al arabia Children's movies dubbing from English to Arabic Children's movies dubbing from English to Arabic)},
    author        = {Karkabou, Souad},
    year          = {2019},
    month         = jun,
    journal       = {Insaniyat},
    pages         = {83--84},
    doi           = {10.4000/insaniyat.20826},
    issn          = {1111-2050, 2253-0738},
    url           = {http://journals.openedition.org/insaniyat/20826},
}

@article{marzouk_evaluation_2019,
    title         = {Evaluation of the impact of controlled language on neural machine translation compared to other {MT} architectures},
    author        = {Marzouk, Shaimaa and Hansen-Schirra, Silvia},
    year          = {2019},
    month         = jun,
    journal       = {Machine Translation},
    volume        = {3},
    number        = {33},
    pages         = {179--203},
    doi           = {10.1007/s10590-019-09233-w},
}

@inproceedings{benkov2020neural,
    title         = {Neural Machine Translation as a Novel Approach to Machine Translation},
    author        = {Benkov, Lucia},
    year          = {2020},
    booktitle     = {DIVAI 2020: The 13th International Scientific Conference on Distance Learning in Applied Informatics},
    publisher     = {Wolters Kluwer},
    address       = {\v{S}t\'{u}rovo, SK},
    pages         = {499--508},
    editor        = {Tur\v{c}\'{a}ni, Milan},
}

@article{loock2020no,
    title         = {No more rage against the machine: how the corpus-based identification of machine-translationese can lead to student empowerment},
    author        = {Loock, Rudy},
    year          = {2020},
    journal       = {The Journal of specialised translation},
    volume        = {34},
    pages         = {150--170},
}

@article{zemni2020audiovisual,
    title         = {Audiovisual translation and contextual dictionaries: an exploratory comparative study of Reverso Context and Almaany uses},
    author        = {Zemni, Bahia and Awwad, Wiam and Bounaas, Chaouki},
    year          = {2020},
    journal       = {Asian EFL Journal Research Articles},
    volume        = {27},
    number        = {5.1},
    pages         = {274--309},
}

@incollection{angelone_pre-editing_2020,
    title         = {Pre-{Editing} and {Post}-{Editing}},
    author        = {Guerberof Arenas, Ana},
    year          = {2020},
    booktitle     = {The {Bloomsbury} companion to language industry studies},
    publisher     = {Bloomsbury Academic},
    address       = {London},
    series        = {Bloomsbury companions},
    pages         = {333--360},
    editor        = {Angelone, Erik and Ehrensberger-Dow, Maureen and Massey, Gary},
}

@article{ke_hu_how_2020,
    title         = {How {MT} errors correlate with postediting effort: a new ranking of error types},
    author        = {Ke Hu, Kevin},
    year          = {2020},
    month         = sep,
    journal       = {Asia Pacific Translation and Intercultural Studies},
    volume        = {7},
    number        = {3},
    pages         = {299--309},
    doi           = {10.1080/23306343.2020.1809763},
}

@article{stahlberg_neural_2020,
    title         = {Neural {Machine} {Translation}: {A} {Review}},
    author        = {Stahlberg, Felix},
    year          = {2020},
    journal       = {Journal of Artificial Intelligence Research},
    volume        = {69},
    pages         = {343--418},
    doi           = {10.1613/jair.1.12007},
    url           = {https://jair.org/index.php/jair/article/view/12007},
    urldate       = {2023-07-10},
}

@article{taufik_pre-editing_2020,
    title         = {Pre-{Editing} of {Google} {Neural} {Machine} {Translation}},
    author        = {Taufik, Alvin},
    year          = {2020},
    journal       = {Journal of English Language and Culture},
    volume        = {10},
    number        = {2},
    pages         = {64--74},
    doi           = {10.30813/jelc.v10i2.2137},
    url           = {https://journal.ubm.ac.id/index.php/english-language-culture/article/view/2137},
}

@book{desjardins_when_2021,
    title         = {When {Translation} {Goes} {Digital}: {Case} {Studies} and {Critical} {Reflections}},
    year          = {2021},
    publisher     = {Springer International Publishing},
    address       = {Cham},
    doi           = {10.1007/978-3-030-51761-8},
    editor        = {Desjardins, Ren\'{e}e and Larsonneur, Claire and Lacour, Philippe},
}

@inproceedings{miyata_understanding_2021,
    title         = {Understanding {Pre}-{Editing} for {Black}-{Box} {Neural} {Machine} {Translation}},
    author        = {Miyata, Rei and Fujita, Atsushi},
    year          = {2021},
    booktitle     = {Proceedings of the 16th {Conference} of the {European} {Chapter} of the {Association} for {Computational} {Linguistics}: {Main} {Volume}},
    publisher     = {Association for Computational Linguistics},
    address       = {Online},
    pages         = {1539--1550},
    doi           = {10.18653/v1/2021.eacl-main.132},
    url           = {https://www.virtual2021.eacl.org/paper\_main.636.html},
    editor        = {Merlo, Paola and Tiedemann, Jorg and Tsarfaty, Reut},
}

@article{solyman_synthetic_2021,
    title         = {Synthetic data with neural machine translation for automatic correction in arabic grammar},
    author        = {Solyman, Aiman},
    year          = {2021},
    month         = sep,
    journal       = {Egyptian Informatics Journal},
    volume        = {22},
    number        = {3},
    pages         = {303--315},
    doi           = {10.1016/j.eij.2020.12.001},
    url           = {https://linkinghub.elsevier.com/retrieve/pii/S1110866520301602},
}

@article{bounaas2022,
    title         = {\textlang{arabic}{ لبحث التوثيقي في الترجمة الأدبية: دراسة تطبيقية على ممارسات بعض المترجمين }(al bahth tawthiqi fi al tarjma al adabia: dirasat tatbiqia ala momarasat baad al motarjimin Documentary Research in Literary Translation: An Applied Study of Selected Translators' Practices)},
    author        = {Bounaas, Chaouki and Bedjaqui, Wafa},
    year          = {2022},
    journal       = {Maalim},
    volume        = {13},
    number        = {1},
    pages         = {91--111},
}

@article{ibrokhimovich2022importance,
    title         = {The Importance of Mother Tongue and Children's Literature in Primary School},
    author        = {Ibrokhimovich, Fozilov Jakhongir and others},
    year          = {2022},
    journal       = {Eurasian Journal of Learning and Academic Teaching},
    volume        = {5},
    pages         = {1--3},
}

@article{zemni2022transfert,
    title         = {Transfert des cultur{\`e}mes religieux dans la traduction fran{\c{c}}aise de la Trilogie de Naguib Mahfouz},
    author        = {Zemni, Bahia and Labib, Mona Abdelghani},
    year          = {2022},
    journal       = {Kervan. International Journal of African and Asian Studies},
    volume        = {26},
    number        = {Special Issue},
    pages         = {123--142},
}

@article{afzaal_automated_2022,
    title         = {Automated and {Human} {Interaction} in {Written} {Discourse}: {A} {Contrastive} {Parallel} {Corpus}-based {Investigation} of {Metadiscourse} {Features} in {Machine}-{Human} {Translations}},
    shorttitle    = {Automated and {Human} {Interaction} in {Written} {Discourse}},
    author        = {Afzaal, Muhammad and Imran, Muhammad and Du, Xiangtao and Almusharraf, Norah},
    year          = {2022},
    month         = oct,
    journal       = {SAGE Open},
    volume        = {12},
    number        = {4},
    pages         = {215824402211422},
    doi           = {10.1177/21582440221142210},
    issn          = {2158-2440, 2158-2440},
    url           = {http://journals.sagepub.com/doi/10.1177/21582440221142210},
    urldate       = {2023-07-10},
    language      = {en},
}

@article{balashov_boundaries_2022,
    title         = {The boundaries of meaning: a case study in neural machine translation},
    shorttitle    = {The boundaries of meaning},
    author        = {Balashov, Yuri},
    year          = {2022},
    month         = sep,
    journal       = {Inquiry},
    pages         = {1--34},
    doi           = {10.1080/0020174X.2022.2113429},
    issn          = {0020-174X, 1502-3923},
    url           = {https://www.tandfonline.com/doi/full/10.1080/0020174X.2022.2113429},
}

@article{rivera-trigueros_machine_2022,
    title         = {Machine translation systems and quality assessment: a systematic review},
    author        = {Rivera-Trigueros, Irene},
    year          = {2022},
    month         = jun,
    journal       = {Language Resources and Evaluation},
    volume        = {56},
    number        = {2},
    pages         = {593--619},
    doi           = {10.1007/s10579-021-09537-5},
    url           = {https://link.springer.com/10.1007/s10579-021-09537-5},
}
