
@article{boas_filho_democracia:_2013,
	title = {Democracia: a polissemia de um conceito político fundamental},
	volume = {108},
	url = {https://www.revistas.usp.br/rfdusp/article/view/67999},
	urldate = {2022-04-04},
	journal = {Revista da Faculdade de Direito, Universidade de São Paulo},
	author = {Bôas Filho, O. V.},
	month = nov,
	year = {2013},
	pages = {651--696},
}

@misc{brasil__constituicao_nodate,
	title = {Constituição da {República} {Federativa} do {Brasil}, de 5 de outubro de 1988.},
	year = {1988},
	url = {http://www.planalto.gov.br/ccivil_03/constituicao/constituicao.htm},
	urldate = {2022-04-04},
	author = {Brasil},
}

@misc{brasil__lei_nodate,
	title = {Lei nº 9.394, 20 de dezembro de 1996.},
	year ={1996},
	url = {http://www.planalto.gov.br/ccivil_03/leis/l9394.htm},
	urldate = {2022-04-04},
	author = {Brasil},
}

@misc{brasil__lei_nodate-1,
	title = {Lei nº 10.861, de 14 de abril de 2004.},
	year ={2004},
	url = {http://www.planalto.gov.br/ccivil_03/_ato2004-2006/2004/lei/l10.861.htm},
	urldate = {2022-04-04},
	author = {Brasil},
}

@article{diniz_junior_os_2019,
	title = {Os conselhos escolares como estratégia para o fortalecimento da democracia no espaço da escola},
	volume = {10},
	url = {https://periodicos.ufpe.br/revistas/ADED/article/view/242652},
	doi = {10.51359/2359-1382.2019.242652},
	number = {1},
	urldate = {2022-04-04},
	journal = {Revista de Administração Educacional},
	author = {Diniz Júnior, C. A.  and Cardoso, P. P. S.},
	month = sep,
	year = {2019},
	pages = {69--81},
}

@article{leblanc_proposition_2016,
	title = {Proposition de protocole pour l’analyse des données textuelles : pour une démarche expérimentale en lexicométrie},
	volume = {11},
	url = {https://www.erudit.org/fr/revues/npss/2015-v11-n1-npss02446/1035932ar/},
	doi = {10.7202/1035932ar},
	number = {1},
	urldate = {2022-04-04},
	journal = {Nouvelles perspectives en sciences sociales},
	author = {Leblanc, J.-M.},
	month = apr,
	year = {2016},
	pages = {25--63},
}

@article{marchand_quelques_2013,
	title = {Quelques traces chronologiques de l’exploration textométrique},
	volume = {120},
	url = {http://journals.sagepub.com/doi/10.1177/0759106313497856},
	doi = {10.1177/0759106313497856},
	number = {1},
	urldate = {2022-04-04},
	journal = {Bulletin of Sociological Methodology/Bulletin de Méthodologie Sociologique},
	author = {Marchand, P.},
	month = oct,
	year = {2013},
	pages = {38--46},
}

@book{bardini_alise_1977,
	address = {Lisboa},
	title = {Análise de conteúdo},
	publisher = {Edições 70},
	author = {Bardini, L.},
	year = {1977},
}

@book{dourado_gestao_2003,
	address = {Goiânia},
	title = {Gestão escolar democrática: a perspectiva dos dirigentes escolares da rede municipal de ensino de {Goiânia}/{GO}.},
	publisher = {Alternativa},
	editor = {Dourado, L. F.},
	editortype = {organizer},
	year = {2003},
}

@book{doxsey_metodologia_2002,
	address = {Espírito Santo},
	title = {Metodologia da pesquisa científica},
	publisher = {Escola Superior Aberta do Brasil (ESAB)},
	author = {Doxsey, J. R. and De Riz, J.},
	year = {2002},
}

@incollection{fernandes_construcao_2009,
	address = {Leme},
	title = {A construção da cidadania como instrumento de exercício dos direitos e garantias do indivíduo no estado democrático de direito.},
	booktitle = {Construção da cidadania e constituição},
	publisher = {Editora \& Pensamentos e Letras},
	author = {Fernandes, A. O. F.},
	year = {2009},
	pages = {23--46},
}

@book{freire_educacao_1983,
	address = {Rio de Janeiro},
	edition = {14},
	title = {Educação como prática para a liberdade},
	publisher = {Paz e Terra},
	author = {Freire, P.},
	year = {1983},
}

@book{freire_pedagogia_2000,
	address = {São Paulo},
	edition = {4},
	title = {Pedagogia da indignação: cartas pedagógicas e outros escritos},
	publisher = {UNESP},
	author = {Freire, P.},
	year = {2000},
}

@book{freire_professora_1993,
	address = {São Paulo},
	title = {Professora sim, tia não. {Cartas} a quem ousa ensinar},
	publisher = {Olho d’Água},
	author = {Freire, P.},
	year = {1993},
}

@online{holanda_notitle_2017,
	type = {https://www.obm.org.br/content/uploads/2017/01/Nivel1_grafos_bruno.pdf},
	urldate = {2022-04-13},
	title = {Teoria dos grafos},
	journal = {Olimpíada Brasileira de Matemática},
	author = {Holanda, B.},
	year = {2017},
}

@book{luck_gestao_2006,
	address = {Petrópolis, RJ},
	series = {Cadernos de gestão},
	title = {A gestão participativa na escola},
	publisher = {Vozes},
	author = {Luck, H.},
	year = {2006},
}

@article{oliveira_estudo_2003,
	title = {Estudo das representações sociais através de duas metodologias de análise de dados},
	volume = {11},
	number = {3},
	journal = {Revista de Enfermagem da UERJ},
	author = {Oliveira, D. C. and Teixeira, M. C. T. V. and Fischer, F. M and Amaral, M. A.},
	year = {2003},
	pages = {317--327},
}

@incollection{paro_gestao_1998,
	address = {Perópolis, RJ},
	title = {A gestão da educação ante as exigências de qualidade e produtividade da escola pública},
	booktitle = {A escola cidadã no contexto da globalização},
	publisher = {Ed. Vozes},
	author = {Paro, V. H.},
	year = {1998},
}

@misc{ratinaud_iramuteq_2014,
	title = {IRAMUTEQ: Interface de R pour les Analyses Multidimensionnelles de Textes et de Questionnaires – 0.7 alpha 2},
	url = {http://www.iramuteq.org/},
	urldate = {2022-04-05},
	author = {Ratinaud, P.},
	year = {2014},
}

@article{souza_as_2019,
	title = {As condições de democratização da gestão da escola pública brasileira},
	volume = {27},
	url = {http://www.scielo.br/scielo.php?script=sci_arttext&pid=S0104-40362019000200271&tlng=pt},
	doi = {10.1590/s0104-40362018002601470},
	number = {103},
	urldate = {2022-04-05},
	journal = {Ensaio: Avaliação e Políticas Públicas em Educação},
	author = {Souza, A. R. de},
	month = jun,
	year = {2019},
	pages = {271--290},
}

@article{souza_o_2018,
	title = {O uso do software {IRAMUTEQ} na análise de dados em pesquisas qualitativas},
	volume = {52},
	url = {http://www.scielo.br/scielo.php?script=sci_arttext&pid=S0080-62342018000100444&lng=pt&tlng=pt},
	doi = {10.1590/s1980-220x2017015003353},
	urldate = {2022-04-05},
	pages = {271-290},
	journal = {Revista da Escola de Enfermagem da USP},
	author = {Souza, M. A. R. and Wall, M. L. and Thuler, A. C. de M. C. and Lowen, I. M. V. and Peres, A. M.},
	month = oct,
	year = {2018},
}

@book{pelissier_initiation_2017,
	title = {Initiation à la lexicométrie: approche pédagogique à partir de l’étude d’un corpus avec le logiciel {Iramuteq}},
	publisher = {IDETCOM – Université Toulouse},
	author = {Pélissier, D.},
	year = {2017},
}

@book{pogrebinschi_entre_2010,
	address = {Brasília, DF},
	series = {Pensando o {Direito}},
	title = {Entre representação e participação: as conferências nacionais e o experimentalismo democrático brasileiro},
	publisher = {Ministério da Justiça},
	author = {Pogrebinschi, T.},
	year = {2010},
}

@article{reinert_logiciel_1986,
	title = {Un logiciel d’analyse lexicale: {Alceste}},
	volume = {11},
	number = {4},
	journal = {Cahiers de l’analyse des données},
	author = {Reinert, M.},
	year = {1986},
	pages = {471--484},
}

@article{reinert_methode_1983,
	title = {Une méthode de classification descendante hiérarchique: application à l'analyse lexicale par contexte},
	volume = {8},
	number = {2},
	journal = {Les cahiers de l'analyse des données},
	author = {Reinert, M.},
	year = {1983},
	pages = {187--198},
}

@article{salem_segments_1986,
	title = {Segments répétés et analyse statistique des données textuelles},
	volume = {1},
	number = {2},
	journal = {Histoire \& Mesure},
	author = {Salem, A.},
	year = {1986},
	pages = {5--28},
}

@misc{silva_institutos_2009,
	title = {Institutos {Federais}: lei 11.892, de 29/12/2008, comentários e reflexões},
	author = {Silva, C. J. R.},
	year = {2009},
	publisher = {IFRN},
}

@article{silva_o_2021,
	title = {O software {Iramuteq} como ferramenta metodológica para análise qualitativa nas pesquisas em {Educação} {Profissional} e {Tecnológica}},
	volume = {14},
	number = {2},
	journal = {Tech. Soc.},
	author = {Silva, S. and Ribeiro, E. A. W.},
	month = jun,
	year = {2021},
	pages = {275--284},
}

@article{veiga_escola_2013,
	title = {A escola em debate: gestão, projeto político-pedagógico e avaliação},
	volume = {7},
	number = {12},
	journal = {Revista Retratos da Escola},
	author = {Veiga, I. P. A.},
	month = jun,
	year = {2013},
	pages = {159--166},
}

@phdthesis{lourenco_dos_2019,
	address = {São Paulo},
	type = {Dissertação ({Mestrado} em {Educação}: {História}, {Política}, {Sociedade}) – {Programa} de {Estudos} {Pós}-{Graduados} em {Educação}: {História}, {Política}, {Sociedade}},
	title = {Dos conselhos de classe aos conselhos participativos de classe: o papel na escola pública e a relação com as políticas educacionais que se afirmam democráticas},
	school = {Pontifícia Universidade Católica de São Paulo},
	author = {Lourenço, Z. F.},
	year = {2019},
}

