@incollection{AikhenvaldDixon2001,
    title         = {Introduction},
    author        = {Aikhenvald, Alexandra Y. and Dixon, R. M. W.},
    booktitle     = {Areal diffusion and genetic inheritance: Problems in comparative linguistics},
    location      = {Oxford},
    publisher     = {Oxford University Press},
    pages         = {1--26},
    editor        = {Aikhenvald, Alexandra Y. and Dixon, R. M. W.},
    date          = {2001},
}

@article{alencar2021,
    title         = {Uma gramática computacional de um fragmento do nheengatu / {A} computational grammar for a fragment of Nheengatu},
    author        = {de Alencar, Leonel Figueiredo},
    volume        = {29},
    number        = {3},
    pages         = {1717--1777},
    doi           = {10.17851/2237-2083.29.3.1717-1777},
    date          = {2021},
    journaltitle  = {Revista de Estudos da Linguagem},
    keywords      = {língua geral amazônica (LGA); tupi moderno; predicação qualificativa; construção possessiva; tradução automática; linguística computacional; processamento de linguagem natural; Amazonian Lingua Franca; Modern Tupí; qualifying predication.},
}

@inproceedings{alencar2023-yauti,
    title         = {Yauti: A Tool for Morphosyntactic Analysis of {Nheengatu} within the {Universal Dependencies} Framework},
    author        = {de Alencar, Leonel Figueiredo},
    booktitle     = {Anais do XIV Simpósio Brasileiro de Tecnologia da Informação e da Linguagem Humana},
    location      = {Belo Horizonte/MG},
    publisher     = {Sbc},
    pages         = {135--145},
    doi           = {10.5753/stil.2023.234131},
    url           = {https://sol.sbc.org.br/index.php/stil/article/view/25445},
    date          = {2023},
}

@inproceedings{de-alencar-2024-universal-k,
    title         = {A {U}niversal {D}ependencies Treebank for {N}heengatu},
    author        = {de Alencar, Leonel Figueiredo},
    booktitle     = {Proceedings of the 16th International Conference on Computational Processing of Portuguese - Vol. 2},
    location      = {Santiago de Compostela, Galicia/Spain},
    publisher     = {Association for Computational Linguistics},
    pages         = {37--54},
    url           = {https://aclanthology.org/2024.propor-2.8},
    editor        = {Gamallo, Pablo and Claro, Daniela and Teixeira, António and Real, Livy and Garcia, Marcos and Oliveira, Hugo Gonçalo and Amaro, Raquel},
    date          = {2024-03},
}

@article{ameka1992interjections,
    title         = {Interjections: The Universal Yet Neglected Part of Speech},
    author        = {Ameka, Felix},
    volume        = {18},
    number        = {2},
    pages         = {3},
    date          = {1992},
    journaltitle  = {Journal of Pragmatics},
}

@article{Amorim1928,
    title         = {Lendas em {Nheêngatu e em Portuguez}},
    author        = {de Amorim, Antonio Brandão},
    publisher     = {Imprensa Nacional},
    volume        = {154},
    number        = {100},
    pages         = {9--475},
    note          = {Tomo 100, vol. 154 (2º de 1926)},
    date          = {1928},
    journaltitle  = {Revista do Instituto Historico e Geographico Brasileiro},
}

@thesis{Avila2016,
    title         = {Estudo e prática da tradução da obra infantil \textit{A terra dos meninos pelados}, de Graciliano Ramos, do português para o Nheengatu},
    author        = {Avila, Marcel Twardowsky},
    location      = {São Paulo},
    url           = {https://doi.org/10.11606/D.8.2016.tde-16052016-142700},
    institution   = {Faculdade de Filosofia, Letras e Ciências Humanas, Universidade de São Paulo},
    bookpagination = {sheet},
    date          = {2016-03},
    type          = {mathesis},
}

@thesis{avila2021,
    title         = {Proposta de dicionário nheengatu-português},
    author        = {Avila, Marcel Twardowsky},
    url           = {https://doi.org/10.11606/T.8.2021.tde-10012022-201925},
    institution   = {Faculdade de Filosofia, Letras e Ciências Humanas da Universidade de São Paulo},
    bookpagination = {sheet},
    date          = {2021},
    type          = {phdthesis},
}

@book{fabulas2013,
    title         = {Fábulas de Terra Preta: Uma coletânea bilíngue},
    location      = {Manaus},
    publisher     = {sine nomine},
    editor        = {Bird, Steven and Gelbart, Katie and McAlister, Isaac},
    date          = {2013},
}

@book{novo-testamento-nyengatu,
    title         = {Novo Testamento na língua Nyengatu},
    location      = {Barueri, SP},
    publisher     = {Sociedade Bíblica do Brasil},
    note          = {Primeira edição publicada em 1973},
    editor        = {do Brasil, Missão Novas Tribos},
    date          = {2019},
    edition       = {2nd},
}

@book{casasnovas2006,
    title         = {Noções de língua geral ou nheengatú: gramática, lendas e vocabulário},
    author        = {Casasnovas, Afonso},
    location      = {Manaus},
    publisher     = {Editora da Universidade Federal do Amazonas; Faculdade Salesiana Dom Bosco},
    date          = {2006},
    edition       = {2},
}

@book{costa1909,
    title         = {Carta pastoral de {D. Frederico Costa} bispo do {Amazonas} a seus amados diocesanos},
    author        = {Costa, D. Frederico},
    location      = {Fortaleza},
    publisher     = {Typ. Minerva},
    date          = {1909},
}

@book{cruz2011,
    title         = {Fonologia e gramática do nheengatú: A língua falada pelos povos {B}aré, {W}arekena e {B}aniwa},
    author        = {da Cruz, Alina},
    location      = {Utrecht},
    publisher     = {Lot},
    date          = {2011},
}

@book{cunha2017,
    title         = {Nova gramática do português contemporâneo},
    author        = {Cunha, Celso and Cintra, Lindley},
    location      = {Rio de Janeiro},
    publisher     = {Lexicon},
    date          = {2017},
    edition       = {2},
}

@article{DAngelis-2023,
    title         = {A língua {Nheengatu} e suas ortografias: questões técnicas e de política linguística},
    author        = {D'Angelis, Wilmar da Rocha},
    volume        = {23},
    number        = {00},
    pages         = {1--22},
    date          = {2023-02},
    journaltitle  = {LIAMES: Línguas Indígenas Americanas},
}

@article{DAngelis-2021,
    title         = {Acesso ao mundo digital ou acesso digital ao mundo?},
    author        = {D'Angelis, Wilmar da Rocha and Oliveira, Mateus Coimbra de and Schwade, Michéli Carolíni de Deus Lima},
    volume        = {15},
    pages         = {134--158},
    date          = {2021},
    journaltitle  = {Revista Digital de Políticas Linguísticas},
}

@report{duran2021manual,
    title         = {Manual de Anotação de POS Tags: Orientações para Anotação de Etiquetas Morfossintáticas em Língua Portuguesa, Seguindo as Diretrizes da Abordagem Universal Dependencies (UD)},
    author        = {Duran, Magali Sanches},
    location      = {São Carlos, SP},
    series        = {Relatórios Técnicos},
    number        = {434},
    issn          = {0103-2569},
    institution   = {Universidade de São Paulo, Instituto de Ciências Matemáticas e de Computação},
    date          = {2021-09},
    type          = {techreport},
}

@book{eberhard-simons-fennig2023,
    title         = {Ethnologue: Languages of the World},
    location      = {Dallas},
    publisher     = {SIL International},
    url           = {http://www.ethnologue.com},
    editor        = {Eberhard, David M. and Simons, Gary F. and Fennig, Charles D.},
    date          = {2023},
    edition       = {twenty-sixth},
}

@incollection{evans2000word,
    title         = {Word classes in the world’s languages},
    author        = {Evans, Nicholas},
    booktitle     = {Morphology: An International Handbook on Inflection and Word-Formation},
    location      = {Berlin, New York},
    publisher     = {Walter de Gruyter},
    volume        = {1},
    pages         = {708--732},
    editor        = {Booij, Geert and Lehmann, Christian and Mugdan, Joachim and Kesselheim, Wolfgang and Skopeteas, Stavros},
    date          = {2000},
}

@incollection{Faraco2022,
    title         = {Por que as línguas mudam?},
    author        = {Faraco, Carlos Alberto},
    booktitle     = {O que sabemos sobre a linguagem},
    location      = {São Paulo},
    publisher     = {Parábola},
    editor        = {de Ávila Othero, Gabriel and do Nascimento Flores, Valdir},
    date          = {2022},
}

@book{francis1979manual,
    title         = {Manual of Information to Accompany A Standard Corpus of Present-Day Edited American English, for Use with Digital Computers},
    author        = {Francis, W. Nelson and Kučera, Henry},
    location      = {Providence, RI},
    publisher     = {Brown University},
    url           = {http://clu.uni.no/icame/manuals/BROWN/INDEX.HTM},
    note          = {Primeira edição publicada em 1964.},
    date          = {1979},
    edition       = {3},
}

@book{freire2011,
    title         = {Rio Babel: A história das línguas na {Amazônia}},
    author        = {Freire, José Ribamar Bessa},
    location      = {Rio de Janeiro},
    publisher     = {EdUERJ},
    date          = {2011},
    edition       = {2},
}

@article{Galves2017,
    title         = {Annotating a polysynthetic language: From {P}ortuguese to {K}adiwéu},
    author        = {Galves, Charlotte and Sandalo, Filomena and de Sena, Ticiana A. and Veronesi, Luiz},
    volume        = {59},
    number        = {3},
    pages         = {631--648},
    date          = {2017-12},
    journaltitle  = {Cadernos de Estudos Linguísticos},
}

@article{Gerardi2021,
    title         = {{T}u{L}e{D} (Tupían lexical database): introducing a database of a {S}outh {A}merican language family},
    author        = {Gerardi, Fabrício Ferraz and Reichert, Stanislav and Aragon, Carolina Coelho},
    volume        = {55},
    number        = {4},
    pages         = {997--1015},
    date          = {2021-12},
    journaltitle  = {Language Resources and Evaluation},
}

@thesis{goes2015novo,
    title         = {O Novo Testamento em nyengatu (1973): um capítulo na história das traduções bíblicas para línguas indígenas},
    author        = {Góes Neto, Antônio Fernandes},
    location      = {São Paulo},
    url           = {https://doi.org/10.11606/D.8.2015.tde-15102015-141005},
    institution   = {Faculdade de Filosofia, Letras e Ciências Humanas, Universidade de São Paulo},
    bookpagination = {sheet},
    date          = {2015-06},
    type          = {Dissertação de Mestrado},
}

@incollection{greenberg2000numeral,
    title         = {Numeral},
    author        = {Greenberg, Joseph H.},
    booktitle     = {Morphology: An International Handbook on Inflection and Word-Formation},
    location      = {Berlin, New York},
    publisher     = {Walter de Gruyter},
    volume        = {1},
    pages         = {770--783},
    editor        = {Booij, Geert and Lehmann, Christian and Mugdan, Joachim and Kesselheim, Wolfgang and Skopeteas, Stavros},
    date          = {2000},
}

@book{hirschmann2019korpuslinguistik,
    title         = {Korpuslinguistik: Eine Einführung},
    author        = {Hirschmann, Hagen},
    location      = {Stuttgart},
    publisher     = {J.B. Metzler},
    date          = {2019},
}

@book{ionin2018cardinals,
    title         = {Cardinals: The Syntax and Semantics of Cardinal-Containing Expressions},
    author        = {Ionin, Tania and Matushansky, Ora},
    location      = {Cambridge, Massachusetts},
    publisher     = {The MIT Press},
    date          = {2018},
}

@book{jurafsky2009,
    title         = {Speech and language processing: an introduction to natural language processing, computational linguistics, and speech recognition},
    author        = {Jurafsky, Daniel and Martin, James H.},
    location      = {London},
    publisher     = {Pearson},
    date          = {2009},
    edition       = {2},
}

@article{Lehmann2013-nature,
    title         = {The nature of parts of speech},
    author        = {Lehmann, Christian},
    volume        = {66},
    number        = {2},
    pages         = {141--177},
    date          = {2013},
    journaltitle  = {Sprachtypologie und Universalienforschung},
}

@misc{Lehmann2023-word-classes,
    title         = {Theoretical foundation for word classes},
    author        = {Lehmann, Christian},
    url           = {https://christianlehmann.eu/publ/lehmann_word_classes.pdf},
    date          = {2023},
}

@book{rocha2011gramatica,
    title         = {Gramática normativa da língua portuguesa},
    author        = {Lima, Rocha},
    location      = {Rio de Janeiro},
    publisher     = {José Olympio},
    date          = {2011},
    edition       = {49},
}

@report{lopes2022corpora,
    title         = {Corpora Building Process According to the Universal Dependencies Model: An Experiment for Portuguese},
    author        = {Lopes, Lucelene and Duran, Magali Sanches and das Graças Volpe Nunes, Maria and Pardo, Thiago Alexandre Salgueiro},
    location      = {São Carlos, SP},
    number        = {439},
    institution   = {Universidade de São Paulo, Instituto de Ciências Matemáticas e de Computação},
    date          = {2022-03},
    type          = {techreport},
}

@inproceedings{lopes-pardo-2024-towards-k,
    title         = {Towards Portparser - a highly accurate parsing system for {B}razilian {P}ortuguese following the {U}niversal {D}ependencies framework},
    author        = {Lopes, Lucelene and Pardo, Thiago},
    booktitle     = {Proceedings of the 16th International Conference on Computational Processing of Portuguese},
    location      = {Santiago de Compostela, Galicia/Spain},
    publisher     = {Association for Computational Lingustics},
    pages         = {401--410},
    url           = {https://aclanthology.org/2024.propor-1.41},
    editor        = {Gamallo, Pablo and others},
    date          = {2024-03},
}

@book{macambira1999,
    title         = {Estrutura Morfo-sintática do Português},
    author        = {Macambira, José Rebouças},
    location      = {São Paulo},
    publisher     = {Pioneira},
    date          = {1999},
    edition       = {9},
}

@book{magalhaes1876,
    title         = {O selvagem},
    author        = {de Magalhães, José Vieira Couto},
    location      = {Rio de Janeiro},
    publisher     = {Typographia da Reforma},
    date          = {1876},
}

@misc{UD2024-Syntax,
    title         = {Syntax: General Principles},
    author        = {de Marneffe, Marie-Catherine and others},
    note          = {Acesso em: 18. jul. 2024},
    date          = {2024},
    howpublished  = {\url{https://universaldependencies.org}},
}

@misc{UDValidation2024,
    title         = {UD Validation since release 2.5},
    author        = {de Marneffe, Marie-Catherine and others},
    note          = {Acesso em: 18. jul. 2024},
    date          = {2024},
    howpublished  = {\url{https://universaldependencies.org/validation-rules.html}},
}

@misc{Upos2024,
    title         = {Universal POS tags},
    author        = {de Marneffe, Marie-Catherine and others},
    note          = {Acesso em: 18. jul. 2024},
    date          = {2024},
    howpublished  = {\url{https://universaldependencies.org/u/pos/all.html}},
}

@article{de-marneffe-etal-2021-universal-k,
    title         = {{U}niversal {D}ependencies},
    author        = {de Marneffe, Marie-Catherine and Manning, Christopher D. and Nivre, Joakim and Zeman, Daniel},
    location      = {Cambridge, MA},
    publisher     = {MIT Press},
    volume        = {47},
    number        = {2},
    date          = {2021-06},
    journaltitle  = {Computational Linguistics},
}

@inproceedings{martin-rodriguez-etal-2022-tupian-k,
    title         = {Tupían Language Ressources: Data, Tools, Analyses},
    author        = {Martín Rodríguez, Lorena and others},
    booktitle     = {Proceedings of the 1st Annual Meeting of the ELRA/ISCA Special Interest Group on Under-Resourced Languages},
    location      = {Marseille, France},
    publisher     = {European Language Resources Association},
    pages         = {48--58},
    url           = {https://aclanthology.org/2022.sigul-1.7},
    editor        = {Melero, Maite and Sakti, Sakriani and Soria, Claudia},
    date          = {2022-06},
}

@incollection{moore2014,
    title         = {Historical Development of {N}heengatu ({Língua Geral Amazônica})},
    author        = {Moore, Denny},
    booktitle     = {Iberian Imperialism and Language Evolution in Latin America},
    location      = {Chicago},
    publisher     = {University of Chicago Press},
    pages         = {108--142},
    editor        = {Mufwene, Salikoko S.},
    date          = {2014},
}

@inproceedings{moore-facundes-pires-1994,
    title         = {Nheengatu ({L}íngua {G}eral {A}mazônica), its History, and the Effects of Language Contact},
    author        = {Moore, Denny and Facundes, Sidney and Pires, Nádia},
    booktitle     = {Proceedings of the Meeting of the Society for the Study of the Indigenous languages of the Americas, July 2-4, 1993 and the Hokan-Penutian Workshop, July 3, 1993},
    location      = {Berkeley, CA},
    publisher     = {[University of California]},
    pages         = {93--118},
    url           = {https://escholarship.org/uc/item/7tb981s1},
    date          = {1994},
    keywords      = {18.91 American Indian languages},
}

@book{navarro2016,
    title         = {Curso de {L}íngua {G}eral (nheengatu ou tupi moderno): A língua das origens da civilização amazônica},
    author        = {Navarro, Eduardo de Almeida},
    location      = {São Paulo},
    publisher     = {Centro Angel Rama da Faculdade de Filosofia, Letras e Ciências Humanas da Universidade de São Paulo},
    date          = {2016},
    edition       = {2},
}

@article{navarro-avila-trevisan-2017,
    title         = {O {Nheengatu}, entre a vida e a morte: A tradução literária como possível instrumento de sua revitalização lexical},
    author        = {Navarro, Eduardo de Almeida and Ávila, Marcel Twardowsky and Trevisan, Rodrigo Godinho},
    volume        = {6},
    number        = {2},
    pages         = {9--29},
    date          = {2017},
    journaltitle  = {Revista Letras Raras},
    keywords      = {Nheengatu; Revitalização; Tradução;},
}

@inproceedings{nivre-etal-2016-universal-k,
    title         = {{U}niversal {D}ependencies v1: A Multilingual Treebank Collection},
    author        = {Nivre, Joakim and others},
    booktitle     = {Proceedings of the Tenth International Conference on Language Resources and Evaluation ({LREC}'16)},
    location      = {Portorož, Slovenia},
    publisher     = {European Language Resources Association (ELRA)},
    pages         = {1659--1666},
    url           = {https://aclanthology.org/L16-1262},
    date          = {2016-05},
}

@inproceedings{popel-etal-2017-udapi-k,
    title         = {{U}dapi: Universal {API} for {U}niversal {D}ependencies},
    author        = {Popel, Martin and Žabokrtský, Zdeněk and Vojtek, Martin},
    booktitle     = {Proceedings of the {N}o{D}a{L}i{D}a 2017 Workshop on Universal Dependencies ({UDW} 2017)},
    location      = {Gothenburg, Sweden},
    publisher     = {Association for Computational Linguistics},
    pages         = {96--101},
    url           = {https://aclanthology.org/W17-0412},
    date          = {2017-05},
}

@inproceedings{ainu-2013nlp,
    title         = {NLP for Endangered Languages: Morphology Analysis, Translation Support and Shallow Parsing of Ainu Language},
    author        = {Ptaszynski, Michal and Mukaichi, Kazuki and Momouchi, Yoshio},
    booktitle     = {Proceedings of the 19th Annual Meeting of the Association for Natural Language Processing},
    location      = {Nagoya, Japan},
    pages         = {418--421},
    url           = {https://www.anlp.jp/proceedings/annual_meeting/2013/pdf_dir/P2-5.pdf},
    date          = {2013-03},
}

@article{Robins1966-ROBTDO-13,
    title         = {The Development of the Word Class System of the European Grammatical Tradition},
    author        = {Robins, Robert Henry},
    publisher     = {Springer},
    volume        = {2},
    number        = {1},
    pages         = {3--19},
    date          = {1966},
    journaltitle  = {Foundations of Language},
}

@book{rodrigues1986linguas,
    title         = {Línguas brasileiras: Para o conhecimento das línguas indígenas},
    author        = {Rodrigues, Aryon Dall'Igna},
    location      = {São Paulo},
    publisher     = {Loyola},
    shortauthor   = {Rodrigues},
    date          = {1986},
}

@article{Rodrigues-500-anos,
    title         = {Línguas indígenas: 500 anos de descobertas e perdas},
    author        = {Rodrigues, Aryon Dall'Igna},
    volume        = {9},
    number        = {1},
    pages         = {83--103},
    url           = {https://revistas.pucsp.br/index.php/delta/article/view/45596},
    shortauthor   = {Rodrigues},
    date          = {1993},
    journaltitle  = {DELTA: Documentação e Estudos em Linguística Teórica e Aplicada},
}

@article{rodrigues1996,
    title         = {As línguas gerais sul-americanas},
    author        = {Rodrigues, Aryon Dall'Igna},
    location      = {São Paulo},
    volume        = {4},
    number        = {2},
    pages         = {6--18},
    shortauthor   = {Rodrigues},
    date          = {1996},
    journaltitle  = {Papia},
}

@article{rodrigues-cabral-2011,
    title         = {A contribution to the linguistic history of the {Língua Geral Amazônica}},
    author        = {Rodrigues, Ayron Dall’Igna and Cabral, Ana Suelly Arruda Câmara},
    volume        = {55},
    number        = {2},
    date          = {2011-12},
    journaltitle  = {ALFA: Revista de Linguística},
}

@book{rodrigues1890,
    title         = {Poranduba amazonense ou kochiyma-uara porandub, 1872-1887},
    author        = {Rodrigues, João Barbosa},
    location      = {Rio de Janeiro},
    publisher     = {Typ. de G. Leuzinger \& Filhos},
    date          = {1890},
}

@inproceedings{rueter-etal-2021-apurina-k,
    title         = {{A}purinã {U}niversal {D}ependencies Treebank},
    author        = {Rueter, Jack and others},
    booktitle     = {Proceedings of the First Workshop on Natural Language Processing for Indigenous Languages of the Americas},
    location      = {Online},
    publisher     = {Association for Computational Linguistics},
    pages         = {28--33},
    url           = {https://aclanthology.org/2021.americasnlp-1.4},
    editor        = {Mager, Manuel and others},
    date          = {2021-06},
}

@article{sandalo2023anotando,
    title         = {Anotando sintaticamente Uma língua originária do Brasil: O problema de Anchieta},
    author        = {Sandalo, Maria Filomena Spatti and Galves, Charlotte Marie Chambelland},
    volume        = {65},
    number        = {00},
    date          = {2023},
    journaltitle  = {Cadernos de Estudos Linguísticos},
}

@misc{santorini1990,
    title         = {{P}art of {S}peech {T}agging {G}uidelines for the {P}enn {T}reebank {P}roject},
    author        = {Santorini, Beatrice},
    url           = {https://catalog.ldc.upenn.edu/docs/LDC99T42/tagguid1.pdf},
    date          = {1990},
    edition       = {3},
}

@article{santos2024linguas,
    title         = {Línguas minoritárias e anotações sintáticas de corpora: experiências de pesquisa na iniciação científica},
    author        = {Santos, Luana Luiza and Aragon, Carolina Coelho and Gerardi, Fabrício},
    volume        = {59},
    number        = {1},
    pages         = {1--9},
    date          = {2024},
    journaltitle  = {Letras de hoje},
}

@inproceedings{schuster-manning-2016-enhanced-k,
    title         = {Enhanced {E}nglish {U}niversal {D}ependencies: An Improved Representation for Natural Language Understanding Tasks},
    author        = {Schuster, Sebastian and Manning, Christopher D.},
    booktitle     = {Proceedings of the Tenth International Conference on Language Resources and Evaluation ({LREC}'16)},
    location      = {Portorož, Slovenia},
    publisher     = {European Language Resources Association (ELRA)},
    pages         = {2371--2378},
    url           = {https://aclanthology.org/L16-1376},
    date          = {2016-05},
}

@book{seixas1853,
    title         = {Vocabulario da lingua indigena geral para o uso do {Seminario Episcopal do Pará}},
    author        = {Seixas, Manoel Justiniano de},
    location      = {Pará},
    publisher     = {Typ. de Mattos e Compª.},
    date          = {1853},
}

@inproceedings{simons-etal-2022-assessing-k,
    title         = {Assessing Digital Language Support on a Global Scale},
    author        = {Simons, Gary F. and Thomas, Abbey L. L. and White, Chad K. K.},
    booktitle     = {Proceedings of the 29th International Conference on Computational Linguistics},
    location      = {Gyeongju, Republic of Korea},
    publisher     = {International Committee on Computational Linguistics},
    pages         = {4299--4305},
    url           = {https://aclanthology.org/2022.coling-1.379},
    editor        = {Calzolari, Nicoletta and others},
    date          = {2022-10},
}

@book{storto2019,
    title         = {Línguas indígenas: tradição, universais e diversidade},
    author        = {Storto, Luciana Raccanello},
    location      = {Campinas, SP},
    publisher     = {Mercado de Letras},
    date          = {2019},
}

@article{stradelli1929,
    title         = {Vocabularios da lingua geral portuguez-nheêngatú e nheêngatú-portuguez, precedidos de um esboço de {G}rammatica nheênga-umbuê-sáua mirî e seguidos de contos em lingua geral nheêngatú poranduua},
    author        = {Stradelli, Ermano},
    volume        = {158},
    number        = {104},
    pages         = {9--768},
    date          = {1929},
    journaltitle  = {Revista do Instituto Historico e Geographico Brasileiro},
}

@inproceedings{straka-etal-2016-udpipe-k,
    title         = {{UDP}ipe: Trainable Pipeline for Processing {C}o{NLL}-{U} Files Performing Tokenization, Morphological Analysis, {POS} Tagging and Parsing},
    author        = {Straka, Milan and Hajič, Jan and Straková, Jana},
    booktitle     = {Proceedings of the Tenth International Conference on Language Resources and Evaluation ({LREC}'16)},
    location      = {Portorož, Slovenia},
    publisher     = {European Language Resources Association (ELRA)},
    pages         = {4290--4297},
    url           = {https://aclanthology.org/L16-1680},
    date          = {2016-05},
}

@book{sympson1877,
    title         = {Grammatica da lingua brazilica geral, fallada pelos aborigines das provincias do {Pará e Amazonas}},
    author        = {Sympson, Pedro Luiz},
    location      = {Manaus},
    publisher     = {Typographia do Commercio do Amazonas},
    date          = {1877},
}

@book{tesniere1959elements,
    title         = {Éléments de syntaxe structurale},
    author        = {Tesnière, Lucien},
    location      = {Paris},
    publisher     = {Librairie C. Klincksieck},
    date          = {1959},
}

@thesis{Trevisan2017,
    title         = {Tradução comentada da obra \textit{Le Petit Prince}, de Antoine de Saint-Exupéry, do francês ao nheengatu},
    author        = {Trevisan, Rodrigo Godinho},
    location      = {São Paulo},
    doi           = {10.11606/D.8.2017.tde-07082017-124328},
    url           = {https://doi.org/10.11606/D.8.2017.tde-07082017-124328},
    institution   = {Faculdade de Filosofia, Letras e Ciências Humanas, Universidade de São Paulo},
    bookpagination = {sheet},
    date          = {2017-03},
    type          = {mathesis},
}

@inproceedings{vasquez-etal-2018-toward-k,
    title         = {Toward {U}niversal {D}ependencies for {S}hipibo-Konibo},
    author        = {Vasquez, Alonso and others},
    booktitle     = {Proceedings of the Second Workshop on Universal Dependencies ({UDW} 2018)},
    location      = {Brussels, Belgium},
    publisher     = {Association for Computational Linguistics},
    pages         = {151--161},
    url           = {https://aclanthology.org/W18-6018},
    date          = {2018-11},
}

@article{wilkins1992interjections,
    title         = {Interjections as Deictics},
    author        = {Wilkins, David P.},
    volume        = {18},
    pages         = {119--158},
    date          = {1992},
    journaltitle  = {Journal of Pragmatics},
}

@misc{zeman2024universal,
    title         = {Universal Dependencies 2.14},
    author        = {Zeman, Daniel and others},
    url           = {http://hdl.handle.net/11234/1-5502},
    date          = {2024},
    howpublished  = {LINDAT/CLARIAH-CZ digital library at the Institute of Formal and Applied Linguistics (ÚFAL), Faculty of Mathematics and Physics, Charles University},
}
