@misc{ocde2005,
    title         = {La definición y selección de competencias clave (DeSeCo): Resumen ejecutivo},
    author        = {{Ocde}},
    year          = {2005},
    url           = {https://www.deseco.ch/bfs/deseco/en/index/03/02.parsys.78532.downloadList.94248.DownloadFile.tmp/2005.dscexecutivesummary.sp.pdf},
    note          = {Acceso en: 20 nov. 2024.},
}

@misc{comisioneuropea2006,
    title         = {Recomendación 2006/962/CE del Parlamento Europeo y del Consejo de 18 diciembre de 2006, sobre las competencias clave para el aprendizaje permanente},
    author        = {{Comision Europea}},
    year          = {2006},
    url           = {https://eur-lex.europa.eu/LexUriServ/LexUriServ.do?uri=CELEX%3A32006H0962%3AES%3AHTML},
    howpublished  = {Diario Oficial de la Unión Europea de 30 de diciembre de 2006},
}

@misc{unesco2008,
    title         = {Estándares de competencia en TIC para docentes},
    author        = {{Unesco}},
    year          = {2008},
    url           = {https://eduteka.icesi.edu.co/pdfdir/UNESCOEstandaresDocentes.pdf},
    note          = {Acceso en: 20 nov. 2024.},
}

@article{area2012,
    title         = {La alfabetización informacional y digital: fundamentos pedagógicos para la enseñanza y el aprendizaje competente},
    author        = {Area, Manuel and Guarro, Amador},
    year          = {2012},
    journal       = {Revista Española de Documentación Científica},
    volume        = {46},
    pages         = {74},
    doi           = {10.3989/redc.2012.mono.977},
}

@article{carrera2012,
    title         = {Identificación de la competencia digital del profesor universitario: un estudio exploratorio en el ámbito de las Ciencias Sociales},
    author        = {Carrera, Francesc Xavier and Coiduras, Jordi Lluis},
    year          = {2012},
    journal       = {Revista de Docencia Universitaria},
    volume        = {10},
    number        = {2},
    pages         = {273--298},
    doi           = {10.4995/redu.2012.6108},
}

@article{gutierrez2012,
    title         = {Media Education, Media Literacy and Digital Competence},
    author        = {Gutiérrez, Alfonso and Tyner, Kathleen},
    year          = {2012},
    journal       = {Comunicar},
    number        = {38},
    pages         = {31--39},
    doi           = {10.3916/c38-2012-02-03},
    url           = {https://www.revistacomunicar.com/ojs/index.php/comunicar/article/view/C38-2012-05},
}

@article{ramirez2012,
    title         = {Las actitudes y creencias de los profesores de Secundaria sobre el uso de Internet en sus clases},
    author        = {Ramírez, Elena and Cañedo, Isabel and Clemente, María},
    year          = {2012},
    journal       = {Comunicar},
    number        = {38},
    pages         = {147--155},
    doi           = {10.3916/c38-2012-03-06},
    url           = {https://doi.org/10.3916/C38-2012-03-06},
}

@article{mork2014,
    title         = {Development of Student Teachers’ Digital Competence in Teacher Education: A Literature Review},
    author        = {Mørk, Frederik and Krumsvik, Rune Johan},
    year          = {2014},
    journal       = {Nordic Journal of Digital Literacy},
    volume        = {9},
    number        = {4},
    pages         = {250--280},
    doi           = {10.18261/issn1891-943x-2014-04-03},
    url           = {https://www.idunn.no/doi/full/10.18261/ISSN1891-943X-2014-04-03},
}

@article{alvarez2015,
    title         = {Information literacy grade of Secondary School teachers in Spain. Beliefs and self-perceptions},
    author        = {Alvarez, Juan-Francisco and Gisbert, Merce},
    year          = {2015},
    journal       = {Comunicar},
    volume        = {23},
    number        = {45},
    pages         = {187--194},
    doi           = {10.3916/c45-2015-20},
}

@article{medina2015,
    title         = {Retos y problemáticas de la introducción de la educación mediática en los centros de secundaria},
    author        = {Medina, Alfons and Ballano, Sonia},
    year          = {2015},
    journal       = {Revista de Educación},
    number        = {369},
    pages         = {135--158},
    doi           = {10.4438/1988-592x-re-2015-369-293},
    url           = {https://www.educacionfpydeportes.gob.es/revista-de-educacion/numeros-revista-educacion/numeros-anteriores/2015/369/369-6.html},
}

@book{busquet2017,
    title         = {La investigación en comunicación. ¿Qué debemos saber? ¿Qué pasos debemos seguir?},
    author        = {Busquet, Jordi and Medina, Alfons},
    year          = {2017},
    publisher     = {Editorial UOC},
    address       = {Barcelona},
}

@misc{intef2017,
    title         = {Marco Común de Competencia Digital Docente},
    author        = {{Instituto Nacional de Tecnologías Educativas y Formación del Profesorado (INTEF)}},
    year          = {2017},
    month         = {10},
    note          = {Accessed: 2024-11-20},
}

@misc{redecker2017,
    title         = {European Framework for the Digital Competence of Educators: DigCompEdu},
    author        = {Redecker, Christine and Punie, Yves},
    year          = {2017},
    publisher     = {Publications Office of the European Union},
    address       = {Luxembourg},
    doi           = {10.2760/159770},
    url           = {https://doi.org/10.2760/159770},
}

@incollection{busquet2018,
    title         = {La encrucijada de la educación en la era digital. El reto de las TIC en las escuelas},
    author        = {Busquet, Jordi and Ballano, Sonia and Medina, Alfons and Sastre, Xavier and Esteban, Adria},
    year          = {2018},
    booktitle     = {Entre selfies y whatsapps. Oportunidades y riesgos para la infancia y la adolescencia conectada},
    publisher     = {Gedisa},
    address       = {Barcelona},
    pages         = {209--225},
    editor        = {Jimenez, Estefania and Garmendia, Maialen and Casado, Miguel Angel},
}

@article{castaneda2018,
    title         = {¿Por qué es necesario repensar la competencia docente para el mundo digital?},
    author        = {Castañeda, Linda and Esteve, Francesc and Adell, Jordi},
    year          = {2018},
    journal       = {Revista de Educación a Distancia (RED)},
    number        = {56},
    doi           = {10.6018/red/56/6},
}

@book{fuentecobo2018,
    title         = {La educación mediática en España: Artículos seleccionados},
    year          = {2018},
    publisher     = {Universitas},
    address       = {Madrid},
    editor        = {Fuente-Cobo, Carmen and García-Galera, Carmen and Camilli-Trujillo, Celia Rosa},
}

@misc{generalitat2018,
    title         = {Competència digital docent del professorat de Catalunya},
    author        = {{Generalitat de Catalunya}},
    year          = {2018},
    url           = {https://repositori.educacio.gencat.cat/bitstream/handle/20.500.12694/229/competencia_digital_docent_del_professorat_de_catalunya_2018.pdf?sequence=1},
    note          = {Acceso en: 20 nov. 2024.},
}

@misc{unesco2018,
    title         = {UNESCO ICT Competency Framework for Teachers},
    author        = {{Unesco}},
    year          = {2018},
    url           = {https://unesdoc.unesco.org/ark:/48223/pf0000265721},
    note          = {Acceso en: 20 nov. 2024.},
}

@article{lazaro2019,
    title         = {Assessing Teacher Digital Competence: The Construction of an Instrument for Measuring the Knowledge of Pre-Service Teachers},
    author        = {Lázaro, José Luis and Usart, Mireia and Gisbert, Mercè},
    year          = {2019},
    journal       = {Journal of New Approaches in Educational Research},
    volume        = {8},
    number        = {1},
    pages         = {75--81},
    doi           = {10.7821/naer.2019.1.370},
    url           = {https://link.springer.com/article/10.7821/naer.2019.1.370},
}

@misc{unesco2019,
    title         = {Artificial Intelligence in education: Challenges and opportunities for sustainable development},
    author        = {{Unesco}},
    year          = {2019},
    url           = {https://unesdoc.unesco.org/ark:/48223/pf0000366994},
    note          = {Acceso en: 20 nov. 2024.},
}

@misc{boe2020,
    title         = {Resolución de 2 de julio de 2020, de la Dirección General de Evaluación y Cooperación Territorial, por la que se publica el Acuerdo de la Conferencia Sectorial de Educación sobre el marco de referencia de la competencia digital docente},
    author        = {{Boletin Oficial del Estado}},
    year          = {2020},
    howpublished  = {Boletín Oficial del Estado, 191, 13 de julio de 2020},
}

@article{buckingham2020,
    title         = {Epilogue: Rethinking digital literacy. Media education in the age of digital capitalism},
    author        = {Buckingham, David},
    year          = {2020},
    journal       = {Digital Education Review},
    number        = {37},
    pages         = {230--239},
    doi           = {10.1344/der.2020.37.230-239},
}

@article{caberoalmenara-palacios2020,
    title         = {Marco Europeo de Competencia Digital Docente «DigCompEdu». Traducción y adaptación del cuestionario «DigCompEdu Check-In»},
    author        = {Cabero-Almenara, Julio and Palacios-Rodriguez, Antonio},
    year          = {2020},
    journal       = {Edmetic},
    volume        = {9},
    number        = {1},
    pages         = {213--234},
    doi           = {10.21071/edmetic.v9i1.12462},
}

@article{caberoalmenaraetal2020,
    title         = {Development of the Teacher Digital Competence Validation of DigCompEdu Check-In Questionnaire in the University Context of Andalusia (Spain)},
    author        = {Cabero-Almenara, Julio and Gutierrez-Castillo, Juan Jesus and Palacios-Rodriguez, Antonio and Barroso-Osuna, Julio},
    year          = {2020},
    journal       = {Sustainability},
    volume        = {12},
    number        = {15},
    pages         = {6094},
    doi           = {10.3390/su12156094},
}

@misc{comisioneuropea2020,
    title         = {Plan de Acción de Educación Digital (2021-2027)},
    author        = {{Comision Europea}},
    year          = {2020},
    url           = {https://education.ec.europa.eu/es/focus-topics/digital-education/action-plan},
    note          = {Acceso en: 20 nov. 2024.},
}

@article{domingocoscollola2020,
    title         = {Fomentando la competencia digital docente en la universidad: Percepción de estudiantes y docentes},
    author        = {Domingo-Coscollola, María and Bosco, Alejandra and Carrasco-Segovia, Sara and Sánchez-Valero, Joan-Antón},
    year          = {2020},
    journal       = {Revista de Investigación Educativa},
    volume        = {38},
    number        = {1},
    pages         = {167--182},
    doi           = {10.6018/rie.340551},
    url           = {https://revistas.um.es/rie/article/view/340551},
}

@article{barragan2021,
    title         = {Autopercepción inicial y nivel de competencia digital del profesorado universitario},
    author        = {Barragán, Raquel and Llorente Cejudo, Carmen and Aguilar Gavira, Sonia and Benitez Gavira, Remedios},
    year          = {2021},
    journal       = {Texto Livre},
    volume        = {15},
    pages         = {e36032},
    doi           = {10.35699/1983-3652.2022.36032},
}

@article{colasbravo2021,
    title         = {Sustainability and Digital Teaching Competence in Higher Education},
    author        = {Colas-Bravo, Pilar and Conde-Jimenez, Jesus and Reyes-de-Cózar, Salvador},
    year          = {2021},
    journal       = {Sustainability},
    volume        = {13},
    number        = {22},
    pages         = {12354},
    doi           = {10.3390/su132212354},
}

@article{fernandezbatanero2021,
    title         = {Digital Teaching Competence in Higher Education: A Systematic Review},
    author        = {Fernández-Batanero, José María and Román-Graván, Pedro and Montenegro-Rueda, Marta and López-Meneses, Eloy and Fernández-Cerero, José},
    year          = {2021},
    journal       = {Education Sciences},
    volume        = {11},
    number        = {11},
    pages         = {689},
    doi           = {10.3390/educsci11110689},
    url           = {https://www.mdpi.com/2227-7102/11/11/689},
}

@article{georgereyes2021,
    title         = {Alfabetización digital en la educación. Revisión sistemática de la producción científica en Scopus},
    author        = {George Reyes, Carlos Enrique and Avello-Martínez, Raidell},
    year          = {2021},
    journal       = {Revista de Educación a Distancia},
    volume        = {21},
    number        = {66},
    pages         = {1--21},
    doi           = {10.6018/red.444751},
    url           = {https://revistas.um.es/red/article/view/444751},
}

@article{hernandezortega2021,
    title         = {Gestión educativa del confinamiento por COVID-19: percepción del docente en España},
    author        = {Hernández-Ortega, José and Álvarez-Herrero, Juan-Francisco},
    year          = {2021},
    journal       = {Revista Española de Educación Comparada},
    number        = {38},
    pages         = {129--150},
    doi           = {10.5944/reec.38.2021.29017},
    url           = {https://revistas.uned.es/index.php/REEC/article/view/29017},
}

@article{martinezbravo2021,
    title         = {Meta-marco de la alfabetización digital: análisis comparado de marcos de competencias del Siglo XXI},
    author        = {Martínez Bravo, María Cristina and Sádaba Chalezquer, Charo and Serrano-Puche, Javier},
    year          = {2021},
    journal       = {Revista Latina de Comunicación Social},
    number        = {79},
    pages         = {76--110},
    doi           = {10.4185/rlcs-2021-1508},
    url           = {https://nuevaepoca.revistalatinacs.org/index.php/revista/article/view/1512},
}

@article{zhao2021,
    title         = {Digital competence in higher education research: A systematic literature review},
    author        = {Zhao, Yu and Pinto, Ana María and Sánchez-Gómez, María Cruz},
    year          = {2021},
    journal       = {Computers and Education},
    volume        = {168},
    pages         = {104212},
    doi           = {10.1016/j.compedu.2021.104212},
    url           = {https://doi.org/10.1016/j.compedu.2021.104212},
}

@article{aguaded2022,
    title         = {Paradigm changes and new challenges for media education: Review and science mapping (2000-2021)},
    author        = {Aguaded, Ignacio and Civila, Sabina and Vizcaino-Verdu, Arantxa},
    year          = {2022},
    journal       = {Profesional de la Información},
    volume        = {31},
    number        = {6},
    pages         = {1--14},
    doi           = {10.3145/epi.2022.nov.06},
}

@misc{boe2022a,
    title         = {Resolución de 4 de mayo de 2022, de la Dirección General de Evaluación y Cooperación Territorial, por la que se publica el Acuerdo de la Conferencia Sectorial de Educación, sobre la actualización del marco de referencia de la competencia digital docente},
    author        = {{Boletin Oficial del Estado}},
    year          = {2022},
    url           = {https://www.boe.es/diario_boe/txt.php?id=BOE-A-2022-8042},
    note          = {Acceso en: 18 nov. 2024.},
    howpublished  = {Boletín Oficial del Estado, 116, 16 de mayo de 2022},
}

@misc{boe2022b,
    title         = {Resolución de 1 de julio de 2022 de la Dirección General de Evaluación y Cooperación Territorial, por la que se publica el Acuerdo de la Conferencia Sectorial de Educación sobre la certificación, acreditación y reconocimiento de la competencia digital docente},
    author        = {{Boletin Oficial del Estado}},
    year          = {2022},
    url           = {https://www.boe.es/eli/es/res/2022/07/01/(6)},
    note          = {Acceso en: 18 nov. 2024.},
    howpublished  = {Boletín Oficial del Estado, 166, 12 de julio de 2022},
}

@article{peters2022,
    title         = {Teacher digital competence development in higher education: Overview of systematic reviews},
    author        = {Peters, Mitchell and Ejjaberi, Elasri and Martínez, Jesús and Fabregues, Sergi},
    year          = {2022},
    journal       = {Australasian Journal of Educational Technology},
    volume        = {38},
    number        = {3},
    pages         = {122--139},
    doi           = {10.14742/ajet.7543},
    url           = {https://ajet.org.au/index.php/AJET/article/view/7543},
}

@misc{generalitat2023,
    title         = {Resolución, de 3 de febrero de 2023, per la que se definen las modalidades y procedimientos y los procedimientos de acreditación de la competencia digital docente},
    author        = {{Generalitat de Catalunya}},
    year          = {2023},
    url           = {https://documents.espai.educacio.gencat.cat/IPCNormativa/DisposicionsInternes/20230203-Resolucio-Acreditacio-Comptencia-Digital.pdf},
    note          = {Acceso en: 20 nov. 2024.},
}

@incollection{ballano2024,
    title         = {De la percepción a la evaluación: una mirada crítica de la investigación sobre competencia digital docente en España (2010-2022)},
    author        = {Ballano, Sonia and Medina, Alfons},
    year          = {2024},
    booktitle     = {IA aplicada a la enseñanza y el aprendizaje},
    publisher     = {Dykinson, S.L.},
    address       = {Madrid},
    pages         = {315--340},
    editor        = {Gonzalez Vallejo, Ruben and Badillo, Miguel Ezequiel and Bordignon, Fernando Raul and Navarro Neri, Inaki},
}

@article{barragan2024,
    title         = {La seguridad en Internet como parte de la competencia digital ciudadana: revisión sistemática},
    author        = {Barragán, Raquel and Da Cruz Murta, Luis Manuel},
    year          = {2024},
    journal       = {Texto Livre},
    volume        = {17},
    pages         = {e51787},
    doi           = {10.1590/1983-3652.2024.51787},
}
