@incollection{abbuhl2014,
	edition = {1},
	title = {Experimental research design},
	url = {https://www.cambridge.org/highereducation/books/research-methods-in-linguistics/C786E6A515E3CBF697D7309441A19EE8?chapterId=CBO9781139013734A017#contents},
	urldate = {2021-07-07},
	booktitle = {Research {Methods} in {Linguistics}},
	publisher = {Cambridge University Press},
	author = {Abbuhl, Rebekha and Gass, Susan and Mackey, Alison},
	editor = {Podesva, Robert J. and Sharma, Devyani},
	year = {2013},
	doi = {10.1017/CBO9781139013734.008},
	pages = {116--134},
}
@online{boersma2018,
	title = {Praat: doing {Phonetics} by {Computer}},
	url = {https://www.fon.hum.uva.nl/praat/},
	urldate = {2021-07-07},
	journal = {Version 6.0.37},
	author = {Boersma, Paul and Weenink, David},
	year = {2018},
}
@online{brasilc2021,
	title = {{IBGE} - {Educa} {\textbar} {Jovens}},
	url = {https://educa.ibge.gov.br/jovens/materias-especiais/20787-uso-de-internet-televisao-e-celular-no-brasil.html},
	urldate = {2021-07-07},
	journal = {IBGE Educa Jovens},
	author = {{Brasil}},
	year = {c2021}
}
@online{brasil2012,
	title = {Resolução nº 466, de 12 de dezembro de 2012},
	url = {https://bvsms.saude.gov.br/bvs/saudelegis/cns/2013/res0466_12_12_2012.html#:~:text=VII.,garantir\%20a\%20prote\%C3\%A7\%C3\%A3o\%20dos\%20participantes.&text=4\%20\%2D\%20A\%20revis\%C3\%A3o\%20\%C3\%A9tica\%20dos,associada\%20\%C3\%A0\%20sua\%20an\%C3\%A1lise\%20cient\%C3\%ADfica},
	urldate = {2021-07-07},
	author = {{Brasil, Ministério da Saúde}},
	year = {2012},
}
@article{carlson2014,
	title = {Predicting contrast in sentences with and without focus marking},
	volume = {150},
	url = {https://www.sciencedirect.com/science/article/pii/S0024384114001624},
	doi = {10.1016/j.lingua.2014.07.008},
	urldate = {2021-07-07},
	journal = {Lingua},
	author = {Carlson, Katy},
	month = oct,
	year = {2014},
	pages = {78-91},
}
@article{carlson2018,
	title = {Accents, {Not} {Just} {Prosodic} {Boundaries}, {Influence} {Syntactic} {Attachment}},
	volume = {61},
	url = {https://doi.org/10.1177/0023830917712282},
	doi = {10.1177/0023830917712282},
	number = {2},
	urldate = {2021-07-07},
	journal = {Language and Speech},
	author = {Carlson, Katy and Tyler, Joseph C.},
	month = jun,
	year = {2018},
	pages = {246-276},
}
@online{conselho2012,
	title = {Aprova diretrizes e normas regulamentadoras de pesquisas envolvendo seres humanos. {Resolução} n. 466, de 12 de dezembro de 2012},
	url = {https://www2.ufjf.br/comitedeetica/wp-content/uploads/sites/80/2008/12/Resolu\%C3\%A7\%C3\%A3o-466-12.pdf},
	urldate = {2021-06-07},
	publisher = {Diário Oficial da União},
	author = {{Conselho Nacional de Saúde}},
	year = {2012},
}
@online{dudziak2015,
	title = {Ferramentas de gestão de pesquisa disponíveis para os pesquisadores},
	url = {https://www.aguia.usp.br/noticias/ferramentas-gestao-pesquisa-gratuitas-disponiveis-pesquisadores/},
	urldate = {2021-07-07},
	journal = {AGUIA - Agência USP de Gestão da Informação Acadêmica},
	author = {Dudziak, Elisabeth},
	month = nov,
	year = {2015},
}
@online{drummond,
	title = {Ibex farm},
	url = {https://spellout.net/ibexfarm},
	urldate = {2021-07-07},
	author = {Drummond, Alex},
}
@online{fonseca2019,
	title = {Prosodic effects on attachment in {Brazilian} {Portuguese}},
	url = {https://www.colorado.edu/event/cuny2019/sites/default/files/attached-files/a7_fonseca_etal.pdf},
	author = {Fonseca, Aline A. and Carlson, Katy and Silva, Andressa},
	urldate = {2021-08-19},
	year = {2019},
}
@article{freitasetal2004,
	title = {Pesquisa via {Internet}: características, processo e interface},
	url = {http://www.ufrgs.br/gianti/files/artigos/2004/2004_140_rev_eGIANTI.pdf},
	urldate = {2021-8-19},
	journal = {Revista Eletrônica GIANTI},
	author = {Freitas, Henrique and Janissek-Muniz, Raquel and Andriotti, Fernando K. and Freitas, Pedro and Costa, Ricardo S.},
	year = {2004},
}
@article{freitas+janissekmuniz+moscarola2004,
	title = {Uso da internet no processo de pesquisa e análise de dados},
	url = {http://gianti.ea.ufrgs.br/files/artigos/2004/2004_147_ANEP.pdf},
	urldate = {2021-8-19},
	journal = {Revista Eletrônica GIANTI},
	author = {Freitas, Henrique and Janissek-Muniz, Raquel and Moscarola, Jean},
	year = {2004},
}
@online{forster2002,
	title = {{DMDX} {Display} {Software}},
	url = {http://www.u.arizona.edu/~kforster/dmdx/dmdx.htm},
	urldate = {2021-07-07},
	author = {Forster, Jonathan and Forster, Kenneth},
	year = {2002},
}
@article{galan2000,
	title = {Vers une 4e génération : les études de marché “on-line”},
	volume = {19},
	url = {https://www.editions-ems.fr/revues-editions-ems/decisions-marketing/articlerevue/335-vers-une-4eme-generation-les-etudes-de-marche-on-line.html},
	doi = {10.7193/DM.019.39.52},
	urldate = {2021-07-07},
	journal = {Décisions Marketing},
	author = {Galan, Jean-Philippe and Vernette, Eric},
	month = jan,
	year = {2000},
	pages = {39-52},
}
@incollection{leitao2012,
	address = {São Paulo},
	title = {Psicolinguística experimental: focalizando o processamento da linguagem},
	booktitle = {Manual de {Linguística}},
	publisher = {Contexto},
	author = {Leitão, Márcio},
	editor = {Marmelota, Mário E.},
	year = {2012},
	pages = {217-234},
}
@article{limberger2019,
	title = {Questões metodológicas envolvidas no design de experimentos de processamento de leitura com o uso do software {PsychoPy}},
	volume = {13},
	url = {http://www.seer.ufu.br/index.php/dominiosdelinguagem/article/view/44232},
	doi = {10.14393/DL38-v13n2a2019-9},
	number = {2},
	urldate = {2021-07-07},
	journal = {Domínios de Lingu@gem},
	author = {Limberger, Bernardo Kolling and Biasibetti, Ana Paula},
	month = jul,
	year = {2019},
	pages = {659-689},
}
@book{mann2004,
	address = {London ; Thousand Oaks, Calif},
	series = {New technologies for social research},
	title = {Internet communication and qualitative research: a handbook for researching online},
	publisher = {Sage Publications},
	author = {Mann, Chris and Stewart, Fiona},
	year = {2004},
}
@article{mendes2009,
	title = {A pesquisa online: potencialidades da pesquisa qualitativa no ambiente virtual},
	volume = {2},
	url = {http://arquivohipertextus.epizy.com/volume2/Conrado-Moreira-MENDES.pdf?i=1},
	number = {2},
	urldate = {2021-07-07},
	journal = {Hipertextus},
	author = {Mendes, Conrado M.},
	month = jan,
	year = {2009},
	pages = {1-9},
}
@article{peirce2007,
	title = {{PsychoPy}—{Psychophysics} software in {Python}},
	volume = {162},
	url = {https://www.sciencedirect.com/science/article/pii/S0165027006005772},
	doi = {10.1016/j.jneumeth.2006.11.017},
	number = {1-2},
	urldate = {2021-07-07},
	journal = {Journal of Neuroscience Methods},
	author = {Peirce, Jon. W.},
	month = may,
	year = {2007},
	pages = {8-13},
}
@phdthesis{pizzo2015,
	address = {Amherst},
	type = {Tese ({Doutorado})},
	title = {Investigating {Properties} of {Phonotactic} {Knowledge} {Through} {Web}-{Based} {Experimentation}},
	url = {https://scholarworks.umass.edu/dissertations_2/502},
	urldate = {2021-07-07},
	school = {University of Massachusetts Amherst},
	author = {Pizzo, Presley },
	year = {2015},
	doi = {10.7275/7516391.0},
}
@article{sedarous2020,
	title = {Using audio stimuli in acceptability judgment experiments},
	volume = {14},
	url = {https://onlinelibrary.wiley.com/doi/abs/10.1111/lnc3.12377},
	doi = {10.1111/lnc3.12377},
	number = {8},
	urldate = {2021-07-07},
	journal = {Language and Linguistics Compass},
	author = {Sedarous, Yourdanis and Namboodiripad, Savithry},
	year = {2020}
}
@article{smith1997,
	title = {Casting {The} {Net}: {Surveying} an {Internet} {Population}},
	volume = {3},
	url = {https://academic.oup.com/jcmc/article/4584373},
	doi = {10.1111/j.1083-6101.1997.tb00064.x},
	number = {1},
	urldate = {2021-07-07},
	journal = {Journal of Computer-Mediated Communication},
	author = {Smith, Christine B.},
	year = {1997}
}
@article{tonelli2020,
	title = {Pesquisa em tempo de pandemia},
	volume = {60},
	url = {http://www.scielo.br/scielo.php?script=sci_arttext&pid=S0034-75902020000200082&tlng=pt},
	doi = {10.1590/s0034-759020200201},
	number = {2},
	urldate = {2021-07-07},
	journal = {Revista de Administração de Empresas},
	author = {Tonelli, Maria José and Zambaldi, Felipe},
	month = mar,
	year = {2020},
	pages = {82-83},
}
@online{tutorial,
	title = {Tutorial para {Psychopy} em português},
	url = {https://www.youtube.com/watch?v=W8cpnARvtNw},
	urldate = {2021-07-07},
	year = {2016}
}
@online{universidade,
	title = {O que deve ser analisado pelo {Sistema} {CEP}/{CONEP}?},
	url = {https://cep.prpi.ufg.br/p/10879-o-que-deve-ser-analisado-pelo-sistema-cep-conep},
	author = {{Universidade Federal de Goiás}},
	urldate = {2021-01-02},
	address = {Goiânia},
	year = {c2020}
}
@article{zehr2018,
	title = {{PennController} for {Internet} {Based} {Experiments} ({IBEX})},
	url = {https://osf.io/md832/},
	doi = {10.17605/OSF.IO/MD832},
	urldate = {2021-07-07},
	author = {Zehr, Jérémy and Schwarz, Florian},
	year = {2018},
}
