@online{OpenKnowledgeBrasil,
    title         = {Querido Di{\'a}rio nas Universidades},
    author        = {{Open Knowledge Brasil}},
    year          = {[n.d.]},
    url           = {https://ok.org.br/projetos/qd-universidades/},
    urldate       = {2024-12-04},
}

@online{FORPROEX1987,
    title         = {I Encontro de Pr{\'o}-Reitores de Extens{\~a}o das Universidades P{\'u}blicas Brasileiras},
    author        = {{Forproex}},
    year          = {1987},
    address       = {Bras{\'i}lia},
    url           = {https://www.ufmg.br/proex/renex/images/documentos/1987-I-Encontro-Nacional-do-FORPROEX.pdf},
    urldate       = {2024-12-03},
}

@book{Rope1997,
    title         = {Saberes e Compet{\^e}ncias, o uso de tais no{\c c}{\~o}es na escola e na empresa},
    author        = {Rop{\'e}, Fran{\c c}oise and Tanguy, Lucie},
    year          = {1997},
    publisher     = {Papirus},
    volume        = {4},
    pages         = {207--208},
}

@book{Castells1999,
    title         = {A Sociedade em Rede},
    author        = {Castells, Manuel},
    year          = {1999},
    publisher     = {Paz e Terra},
    address       = {S{\~a}o Paulo},
}

@online{Brasil2001,
    title         = {Lei n{\textordmasculine} 10.172, de 9 de Janeiro de 2001},
    author        = {{Brasil}},
    year          = {2001},
    publisher     = {Presid{\^e}ncia da Rep{\'u}blica},
    url           = {https://www.planalto.gov.br/ccivil_03/leis/leis_2001/l10172.htm},
    urldate       = {2024-12-05},
}

@online{UNESCO2002,
    title         = {Forum on the Impact of Open Courseware for Higher Education in Developing Countries},
    author        = {{Unesco}},
    year          = {2002},
    address       = {Paris},
    url           = {https://unesdoc.unesco.org/ark:/48223/pf0000128515},
    urldate       = {2024-12-04},
}

@book{Benkler2005,
    title         = {Common Wisdom: Peer Production of Educational Materials},
    author        = {Benkler, Yochai},
    year          = {2005},
    publisher     = {Center for Open and Sustainable Learning},
    url           = {https://dash.harvard.edu/handle/1/37077901},
    urldate       = {2024-12-05},
}

@article{Carbonari2007,
    title         = {A extens{\~a}o universit{\'a}ria no {Brasil}, do assistencialismo {\`a} sustentabilidade},
    author        = {Carbonari, Maria Elisa Ehrhardt and Pereira, Adriana Camargo},
    year          = {2007},
    journal       = {Revista de Educa{\c c}{\~a}o},
    volume        = {10},
    number        = {10},
    url           = {http://docente.ifsc.edu.br/marco.aurelio/Material%20Aulas/Especializa%C3%A7%C3%A3o%20Tecnologias%20Educacionais/Sustentabilidade,%20Cidadania%20e%20Educa%C3%A7%C3%A3o/Artigos/2133-8194-1-PB.pdf},
    urldate       = {2024-12-05},
}

@online{Dede2009,
    title         = {Comparing Frameworks for ``21st Century Skills''},
    author        = {Dede, Chris},
    year          = {2009},
    url           = {https://www.dpsgs.org/pdf/Comparing_Frameworks_for.pdf},
    urldate       = {2024-12-05},
}

@article{Ehlers2011,
    title         = {Extending the Territory: From Open Educational Resources to Open Educational Practices},
    author        = {Ehlers, Ulf-Daniel},
    year          = {2011},
    journal       = {Journal of Open Flexible and Distance Learning},
    url           = {https://www.jofdl.nz/index.php/JOFDL/article/view/64},
    urldate       = {2024-12-05},
}

@online{FORPROEX2012a,
    title         = {Pol{\'i}tica Nacional de Extens{\~a}o Universit{\'a}ria},
    author        = {{Forproex}},
    year          = {2012},
    address       = {Manaus-AM},
    url           = {https://www.ufmg.br/proex/renex/images/documentos/2012-07-13-Politica-Nacional-de-Extensao.pdf},
    urldate       = {2024-12-03},
}

@book{Freire2013,
    title         = {Extens{\~a}o ou comunica{\c c}{\~a}o?},
    author        = {Freire, Paulo},
    year          = {2013},
    publisher     = {Editora Paz e Terra},
    address       = {Rio de Janeiro},
}

@article{Paula2013,
    title         = {A extens{\~a}o universit{\'a}ria: hist{\'o}ria, conceito e propostas},
    author        = {Paula, Jo{\~a}o Ant{\^o}nio De},
    year          = {2013},
    journal       = {Interfaces - Revista de Extens{\~a}o da UFMG},
    volume        = {1},
    number        = {1},
    pages         = {5--23},
    url           = {https://periodicos.ufmg.br/index.php/revistainterfaces/article/view/18930},
    urldate       = {2024-12-05},
}

@online{Brasil2014,
    title         = {Lei n{\textordmasculine} 13.005, de 25 de Junho de 2014},
    author        = {{Brasil}},
    year          = {2014},
    publisher     = {Presid{\^e}ncia da Rep{\'u}blica},
    url           = {https://www.planalto.gov.br/ccivil_03/_ato2011-2014/2014/lei/l13005.htm},
    urldate       = {2024-12-05},
}

@article{Oliveira2015,
    title         = {Fases e faces da extens{\~a}o universit{\'a}ria: rotas e concep{\c c}{\~o}es},
    author        = {Oliveira, Fernanda and Goulart, Patr{\'i}cia Martins},
    year          = {2015},
    journal       = {Revista Ci{\^e}ncia em Extens{\~a}o},
    volume        = {11},
    number        = {3},
    pages         = {8--27},
    url           = {https://ojs.unesp.br/index.php/revista_proex/article/view/1225},
    urldate       = {2024-12-05},
}

@article{Zuboff2015,
    title         = {Big other: Surveillance Capitalism and the Prospects of an Information Civilization},
    author        = {Zuboff, Shoshana},
    year          = {2015},
    journal       = {Journal of Information Technology},
    volume        = {30},
    number        = {1},
    pages         = {75--89},
    doi           = {10.1057/jit.2015.5},
    url           = {https://link.springer.com/article/10.1057/jit.2015.5},
    urldate       = {2024-12-05},
}

@online{RENEX2016,
    title         = {Institui{\c c}{\~o}es - Rede Nacional de Extens{\~a}o},
    author        = {{Renex}},
    year          = {2016},
    url           = {https://www.ufmg.br/proex/renex/index.php/apresentacao/instituicoes},
    urldate       = {2024-12-05},
}

@online{UNESCO2016,
    title         = {Educa{\c c}{\~a}o 2030: Declara{\c c}{\~a}o de Incheon e Marco de A{\c c}{\~a}o para a implementa{\c c}{\~a}o do Objetivo de Desenvolvimento Sustent{\'a}vel 4: Assegurar a educa{\c c}{\~a}o inclusiva e equitativa de aprendizagem ao longo da vida para todos},
    author        = {{Unesco}},
    year          = {2016},
    url           = {https://unesdoc.unesco.org/ark:/48223/pf0000245656_por},
    urldate       = {2024-12-05},
}

@online{Zuboff2016,
    title         = {The Secrets of Surveillance Capitalism},
    author        = {Zuboff, Shoshana},
    year          = {2016},
    url           = {https://www.faz.net/aktuell/feuilleton/debatten/the-digital-debate/shoshana-zuboff-secrets-of-surveillance-capitalism-14103616.html},
    urldate       = {2024-12-04},
}

@online{Brasil2018,
    title         = {Resolu{\c c}{\~a}o {CNE/CES} n{\textordmasculine} 7, de 18 de dezembro de 2018},
    author        = {{Brasil}},
    year          = {2018},
    publisher     = {Minist{\'e}rio da Educa{\c c}{\~a}o},
    url           = {http://portal.mec.gov.br/docman/dezembro-2018-pdf/102631-rces007-18/file},
    urldate       = {2024-12-05},
}

@article{Ciampaglia2018,
    title         = {How algorithmic popularity bias hinders or promotes quality},
    author        = {Ciampaglia, G. L. and others},
    year          = {2018},
    journal       = {Scientific Reports},
    volume        = {8},
    number        = {1},
    pages         = {15951},
    doi           = {10.1038/s41598-018-34203-2},
    url           = {https://www.nature.com/articles/s41598-018-34203-2},
    urldate       = {2024-12-05},
}

@book{Dijck2018,
    title         = {The Platform Society: Public Values in a Connective World},
    author        = {Dijck, Jos{\'e} Van and Poell, Thomas and Waal, Martijn De},
    year          = {2018},
    publisher     = {Oxford University Press},
    address       = {New York, NY},
    url           = {https://global.oup.com/academic/product/the-platform-society-9780190889777},
    urldate       = {2024-12-05},
}

@article{Parra2018,
    title         = {Infraestruturas, economia e pol{\'i}tica informacional: o caso do google suite for education},
    author        = {Parra, Henrique and Cruz, Leonardo and Amiel, Tel and Machado, Jorge},
    year          = {2018},
    journal       = {Media{\c c}{\~o}es - Revista de Ci{\^e}ncias Sociais},
    pages         = {63--99},
    doi           = {10.5433/2176-6665.2018v23n1p63},
    url           = {https://ojs.uel.br/revistas/uel/index.php/mediacoes/article/view/32320},
    urldate       = {2024-12-05},
}

@inproceedings{Santos2018,
    title         = {Boaventura de Sousa Santos destrincha o ass{\'e}dio neoliberal {\`a}s universidades},
    author        = {Santos, Boaventura de Sousa},
    year          = {2018},
    booktitle     = {Anais da Confer{\^e}ncia Regional de Educa{\c c}{\~a}o Superior da Am{\'e}rica Latina e o Caribe (CRES 2018)},
    address       = {C{\'o}rdoba},
    url           = {https://www.ihu.unisinos.br/188-noticias/noticias-2018/579979-boaventura-de-sousa-santos-destrincha-o-assedio-neoliberal-as-universidades},
    urldate       = {2024-12-04},
}

@online{FORPROEX2019,
    title         = {Mapeamento da Inser{\c c}{\~a}o da Extens{\~a}o nos Curr{\'i}culos dos Cursos de Gradua{\c c}{\~a}o das Institui{\c c}{\~o}es P{\'u}blicas de Educa{\c c}{\~a}o Superior Brasileiras},
    author        = {{Forproex}},
    year          = {2019},
    url           = {https://www.ufmg.br/proex/renex/images/RELATÃ“RIO_FINAL_MAPEAMENTO_INSERCAO_EXTENSAO_FINAL.pdf},
    urldate       = {2024-12-03},
}

@article{Gomez2019,
    title         = {A Reforma de C{\'o}rdoba e a educa{\c c}{\~a}o superior: institucionaliza{\c c}{\~a}o da extens{\~a}o universit{\'a}ria no Brasil},
    author        = {Gomez, Simone da Rosa Messina and Corte, Marilene Gabriel Dalla and Rosso, Gabriela Paim},
    year          = {2019},
    journal       = {ResearchGate},
    doi           = {10.20396/riesup.v5i0.8653655},
    url           = {https://www.researchgate.net/publication/332008893_A_Reforma_de_Cordoba_e_a_educacao_superior_institucionalizacao_da_extensao_universitaria_no_Brasil},
    urldate       = {2024-12-05},
}

@online{ONU2019,
    title         = {Declara{\c c}{\~a}o Universal dos Direitos Humanos},
    author        = {{Onu}},
    year          = {2019},
    url           = {https://unric.org/pt/declaracao-universal-dos-direitos-humanos/},
    urldate       = {2024-12-05},
}

@online{Brasil2020,
    title         = {Resolu{\c c}{\~a}o {CNE/CES} n{\textordmasculine} 1, de 29 de dezembro de 2020},
    author        = {{Brasil}},
    year          = {2020},
    publisher     = {Minist{\'e}rio da Educa{\c c}{\~a}o},
    url           = {http://portal.mec.gov.br/docman/dezembro-2020-pdf/165761-rcp001-20/file},
    urldate       = {2024-12-05},
}

@article{Jurno2020,
    title         = {Facebook e a plataformiza{\c c}{\~a}o do jornalismo: um olhar para os Instant Articles},
    author        = {Jurno, Amanda Chevtchouk and D'Andr{\'e}a, Carlos Frederico},
    year          = {2020},
    journal       = {Revista Eletr{\^o}nica Internacional de Economia Pol{\'i}tica da Informa{\c c}{\~a}o, da Comunica{\c c}{\~a}o e da Cultura-Eptic},
    volume        = {22},
    number        = {1},
    pages         = {179--196},
    url           = {https://periodicos.ufs.br/eptic/article/view/12084},
    urldate       = {2024-12-05},
}

@article{RamirezMontoya2020,
    title         = {Challenges for Open Education with Educational Innovation: A Systematic Literature Review},
    author        = {Ramirez-Montoya, Maria Soledad},
    year          = {2020},
    journal       = {Sustainability},
    volume        = {12},
    number        = {17},
    pages         = {7053},
    doi           = {10.3390/su12177053},
    url           = {https://www.mdpi.com/2071-1050/12/17/7053},
    urldate       = {2024-12-05},
}

@article{Selwyn2020,
    title         = {Banning mobile phones from classrooms---An opportunity to advance understandings of technology addiction, distraction and cyberbullying},
    author        = {Selwyn, Neil and Aagaard, Jesper},
    year          = {2020},
    journal       = {British Journal of Educational Technology},
    volume        = {52},
    number        = {1},
    pages         = {8--19},
    doi           = {10.1111/bjet.12943},
    url           = {https://bera-journals.onlinelibrary.wiley.com/doi/10.1111/bjet.12943},
    urldate       = {2024-12-05},
}

@article{Varella2020,
    title         = {Negociando autoridades, construindo saberes: a historiografia digital e colaborativa no projeto Teoria da Hist{\'o}ria na Wikip{\'e}dia},
    author        = {Varella, Fl{\'a}via Florentino and Bonaldo, Rodrigo Bragio},
    year          = {2020},
    journal       = {Revista Brasileira de Hist{\'o}ria},
    volume        = {40},
    pages         = {147--170},
    doi           = {10.1590/1806-93472020v40n85-08},
    url           = {https://www.scielo.br/j/rbh/a/FymNV3FxDXSqxFxvJj98hvd/},
    urldate       = {2024-12-05},
}

@incollection{Amadeu2021,
    title         = {A hip{\'o}tese do colonialismo de dados e o neoliberalismo},
    author        = {Amadeu, Sergio},
    year          = {2021},
    booktitle     = {Colonialismo de Dados: Como Opera a Trincheira Algor{\'i}tmica na Guerra Neoliberal},
    publisher     = {Autonomia Liter{\'a}ria},
    address       = {S{\~a}o Paulo, SP},
    url           = {https://autonomialiteraria.com.br/loja/colonialismo-de-dados/},
    urldate       = {2024-12-05},
    editor        = {Amadeu, Sergio and Souza, Joyce},
    edition       = {1},
}

@incollection{Avelino2021,
    title         = {Colonialismo digital: dimens{\~o}es da colonialidade nas grandes plataformas},
    author        = {Avelino, Rodolfo},
    year          = {2021},
    booktitle     = {Colonialismo de Dados: Como Opera a Trincheira Algor{\'i}tmica na Guerra Neoliberal},
    publisher     = {Autonomia Liter{\'a}ria},
    address       = {S{\~a}o Paulo, SP},
    url           = {https://autonomialiteraria.com.br/loja/colonialismo-de-dados/},
    urldate       = {2024-12-05},
    editor        = {Amadeu, Sergio and Souza, Joyce},
    edition       = {1},
}

@incollection{Cassino2021,
    title         = {O sul global e os desafios p{\'o}s-coloniais na era digital},
    author        = {Cassino, Jo{\~a}o Francisco},
    year          = {2021},
    booktitle     = {Colonialismo de dados: Como opera a trincheira algor{\'i}tmica na guerra neoliberal},
    publisher     = {Autonomia Literaria},
    address       = {S{\~a}o Paulo, SP},
    url           = {https://autonomialiteraria.com.br/loja/colonialismo-de-dados/},
    urldate       = {2024-12-05},
    editor        = {Amadeu, Sergio and Souza, Joyce},
}

@incollection{Mian2021,
    title         = {Universidades Federais Brasileiras a servi{\c c}o da l{\'o}gica colonial de explora{\c c}{\~a}o de dados},
    author        = {Mian, Mariella Batarra},
    year          = {2021},
    booktitle     = {Colonialismo de dados: Como opera a trincheira algor{\'i}tmica na guerra neoliberal},
    publisher     = {Autonomia Literaria},
    address       = {S{\~a}o Paulo, SP},
    url           = {https://autonomialiteraria.com.br/loja/colonialismo-de-dados/},
    urldate       = {2024-12-05},
    editor        = {Amadeu, Sergio and Souza, Joyce and Cassino, Jo{\~a}o Francisco},
}

@article{Varella2021,
    title         = {Todos podem ser divulgadores? Wikip{\'e}dia e curadoria digital em Teoria da Hist{\'o}ria},
    author        = {Varella, Fl{\'a}via Florentino and Bonaldo, Rodrigo Bragio},
    year          = {2021},
    journal       = {Estudos Ibero-Americanos},
    volume        = {47},
    number        = {2},
    pages         = {e38806--e38806},
    doi           = {10.15448/1980-864x.2021.2.38806},
    url           = {https://revistas.pucsp.br/index.php/ibero/article/view/38806},
    urldate       = {2024-12-05},
}

@article{Anthonysamy2022,
    title         = {A new digital literacy framework to mitigate misinformation in social media infodemic},
    author        = {Anthonysamy, L. and Sivakumar, P.},
    year          = {2022},
    journal       = {Global Knowledge, Memory and Communication},
    volume        = {73},
    number        = {6/7},
    pages         = {809--827},
    doi           = {10.1108/gkmc-03-2022-0072},
    url           = {https://www.emerald.com/insight/content/doi/10.1108/gkmc-06-2022-0142/full/html},
    urldate       = {2024-12-05},
}

@online{RENEX2023,
    title         = {Censo da Extens{\~a}o - Rede Nacional de Extens{\~a}o},
    author        = {{Renex}},
    year          = {2023},
    url           = {https://www.ufmg.br/proex/renex/index.php/censo-da-extensao-universitaria},
    urldate       = {2024-12-05},
}

@incollection{Segnini2023,
    title         = {Trabalho e educa{\c c}{\~a}o no contexto neoliberal: forma{\c c}{\~a}o do trabalhador em detrimento do cidad{\~a}o, segundo Lucie Tanguy},
    author        = {Segnini, Liliana Petrilli and Venco, Selma Borghi and Beverari, Rafael Fermino},
    year          = {2023},
    booktitle     = {Di{\'a}logos cr{\'i}ticos: o pensamento estrangeiro e a sociologia do trabalho no Brasil},
    publisher     = {Livraria Annablume},
    address       = {S{\~a}o Paulo, SP},
    url           = {https://annablume.com.br/assets/ebooks/dialogos-criticos.pdf},
    urldate       = {2024-12-05},
}

@article{Arrigo2024,
    title         = {Constru{\c c}{\~a}o de um Curso Online Conectivista: a Wikiversidade no Ensino da Sa{\'u}de Auditiva},
    author        = {Arrigo, Adriano J. and others},
    year          = {2024},
    journal       = {EaD em Foco},
    volume        = {14},
    number        = {1},
    pages         = {e2212--e2212},
    doi           = {10.18264/eadf.v14i1.2212},
    url           = {https://eademfoco.cecierj.edu.br/index.php/Revista/article/view/2212},
    urldate       = {2024-12-05},
}

@article{DAlmonte2024,
    title         = {Regulamenta{\c c}{\~a}o das plataformas digitais: entre a soberania digital e o transnacionalismo},
    author        = {D'Almonte, Edson Fernando and Santos, Alanna Oliveira},
    year          = {2024},
    journal       = {E-Comp{\'o}s},
    volume        = {27},
    doi           = {10.30962/ecomps.2876},
    url           = {https://www.e-compos.org.br/e-compos/article/view/2876},
    urldate       = {2024-12-05},
}

@online{Enchentes2024,
    title         = {Enchentes Rio Grande do Sul 2024},
    author        = {{Enchentes Rio Grande do Sul 2024}},
    year          = {2024},
    url           = {https://wiki.openstreetmap.org/wiki/Pt:Enchentes_Rio_Grande_do_Sul_2024},
    urldate       = {2024-12-04},
}

@article{Girardi2024,
    title         = {Wikidata Lab e Humanidades Digitais: pensamento computacional e pr{\'a}tica laboratorial em plataformas colaborativas},
    author        = {Girardi Jr., Lir{\'a}ucio and Peschanski, Jo{\~a}o Alexandre},
    year          = {2024},
    journal       = {Em Quest{\~a}o},
    volume        = {30},
    pages         = {e-132666},
    doi           = {10.1590/1808-5245.30.132666},
    url           = {https://doi.org/10.1590/1808-5245.30.132666},
    urldate       = {2024-12-05},
}

@online{Mahdi2024,
    title         = {Inclus{\~a}o digital para combater a pobreza no Brasil},
    author        = {Mahdi, Shireen},
    year          = {2024},
    url           = {https://www1.folha.uol.com.br/colunas/shireen-mahdi/2024/10/inclusao-digital-para-combater-a-pobreza-no-brasil.shtml},
    urldate       = {2024-12-05},
}

@article{Morata2024,
    title         = {Strategies for crowdsourcing hearing health information: a comparative study of educational programs and volunteer-based campaigns on Wikimedia},
    author        = {Morata, Thais C. and others},
    year          = {2024},
    journal       = {BMC Public Health},
    volume        = {24},
    number        = {1},
    pages         = {2646},
    doi           = {10.1186/s12889-024-20105-8},
    url           = {https://bmcpublichealth.biomedcentral.com/articles/10.1186/s12889-024-20105-8},
    urldate       = {2024-12-05},
}

@online{ONU2024,
    title         = {World Skills Clock},
    author        = {{Onu}},
    year          = {2024},
    url           = {https://skillsclock.io/#interactive},
    urldate       = {2024-12-05},
}

@online{Outreach2024,
    title         = {Outreach Dashboard/UFSC/Teoria da Hist{\'o}ria na Wikip{\'e}dia},
    author        = {{Outreach Dashboard/UFSC/Teoria da Hist{\'o}ria na Wikip{\'e}dia}},
    year          = {2024},
    url           = {https://pt.wikipedia.org/w/index.php?title=WikipÃ©dia:Outreach_Dashboard/UFSC/Teoria_da_HistÃ³ria_na_WikipÃ©dia&oldid=67513253},
    urldate       = {2024-12-04},
}

@online{Souto2024,
    title         = {Web map do evento desastroso de 2024 no Rio Grande do Sul, Brasil},
    author        = {Souto, Raquel Dezid{\'e}rio},
    year          = {2024},
    url           = {http://u.osmfr.org/m/1064045/},
    urldate       = {2024-12-04},
}

@techreport{OECD2024,
    title         = {The OECD Truth Quest Survey: Methodology and findings},
    author        = {{Oecd}},
    year          = {2024},
    series        = {OECD Digital Economy Papers},
    doi           = {10.1787/92a94c0f-en},
    url           = {https://www.oecd-ilibrary.org/science-and-technology/the-oecd-truth-quest-survey_92a94c0f-en},
    urldate       = {2024-12-05},
}
