@article{oller_cloze_1973,
    title         = {Cloze tests of second language proficiency and what they measure},
    author        = {Oller, John W.},
    volume        = {23},
    number        = {1},
    pages         = {105--118},
    doi           = {10.1111/j.1467-1770.1973.tb00100.x},
    url           = {https://onlinelibrary.wiley.com/doi/10.1111/j.1467-1770.1973.tb00100.x},
    date          = {1973-06},
    journaltitle  = {Language Learning. A Journal of Research in Language Studies},
}

@article{alderson_native_1980,
    title         = {Native and nonnative speaker performance on cloze tests},
    author        = {Alderson, J. Charles},
    volume        = {30},
    number        = {1},
    pages         = {59--76},
    doi           = {10.1111/j.1467-1770.1980.tb00151.x},
    url           = {https://onlinelibrary.wiley.com/doi/10.1111/j.1467-1770.1980.tb00151.x},
    urldate       = {2023-08-09},
    language      = {en},
    date          = {1980-06},
    journaltitle  = {Language Learning. A Journal of Research in Language Studies},
}

@article{grundin_cloze_1981,
    title         = {Cloze procedure and comprehension: an exploratory study across three languages},
    author        = {Grundin, Hans U. and Leonard, Brother and Langer, Judith and Pehrsson, Robert and Robinson, H. Alan and Sakamoto, Takahiko},
    volume        = {4},
    number        = {2},
    pages         = {104--122},
    doi           = {10.1111/j.1467-9817.1981.tb00226.x},
    url           = {https://onlinelibrary.wiley.com/doi/10.1111/j.1467-9817.1981.tb00226.x},
    date          = {1981-09},
    journaltitle  = {Journal of Research in Reading},
}

@book{dressler_morphonology_1985,
    title         = {Morphonology, the dynamics of derivation},
    author        = {Dressler, Wolfgang U.},
    location      = {Ann Arbor},
    publisher     = {Karoma Publishers Inc},
    date          = {1985},
    keywords      = {Morphophonemics},
}

@article{jonz_cloze_1991,
    title         = {Cloze item types and second language comprehension},
    author        = {Jonz, Jon},
    volume        = {8},
    number        = {1},
    pages         = {1--22},
    doi           = {10.1177/026553229100800102},
    url           = {http://journals.sagepub.com/doi/10.1177/026553229100800102},
    date          = {1991-06},
    journaltitle  = {Language Testing},
}

@article{dolz_writing_1995,
    title         = {Writing argumentative texts to improve their comprehension},
    author        = {Dolz, Joaquim},
    volume        = {7},
    number        = {2},
    pages         = {65--77},
    doi           = {10.1174/021470395321340448},
    url           = {https://www.tandfonline.com/doi/full/10.1174/021470395321340448},
    date          = {1995-01},
    journaltitle  = {Comunicaci\'{o}n, Lenguaje y Educaci\'{o}n},
}

@incollection{martinbosque1999,
    title         = {Los marcadores del discurso},
    author        = {Mart\'{\i}n Zorraquino, M. A. and Portol\'{e}s L\'{a}zaro, J.},
    booktitle     = {Gramat\'ica descriptiva del espan\~{o}l, 3, Entre oracio\'{n} y discurso. Morfologi\'{a}},
    location      = {Madrid},
    publisher     = {Espasa-Calpe},
    pages         = {4051--4213},
    editor        = {Bosque, I. and Demonte, V.},
    date          = {1999},
}

@incollection{kress2000semiotica,
    title         = {Semi\'{o}tica discursiva},
    author        = {Kress, Gunther and van Leeuwen, Theo and Garc\'{\i}a, Regina Leite},
    booktitle     = {El discurso como estructura y proceso},
    location      = {Barcelona},
    publisher     = {Gedisa},
    pages         = {373--416},
    organization  = {Van Dijk, T. A.},
    date          = {2000},
}

@article{de2002marco,
    title         = {Marco com\'{u}n europeo de referencia para las lenguas: aprendizaje, ense\~{n}anza, evaluaci\'{o}n},
    author        = {{Consejo de Europa}},
    location      = {Madrid},
    publisher     = {MCDE y Anaya},
    date          = {2002},
    journaltitle  = {Centro Virtual Cervantes},
}

@article{echevarria2006ensenar,
    title         = {\textquestiondown{}{}Ense\~{n}ar a leer en la Universidad? Una intervenci\'{o}n para mejorar la comprensi\'{o}n de textos complejos al comienzo de la educaci\'{o}n superior.},
    author        = {Echevarr\'{\i}a Mart\'{\i}nez, Mar\'{\i}a \'{A}ngeles},
    publisher     = {Universidad del Pa\'{\i}s Vasco/Euskal Herriko Unibertsitatea},
    volume        = {11},
    number        = {2},
    pages         = {169--188},
    date          = {2006},
    journaltitle  = {Revista de Psicodid\'{a}ctica},
}

@misc{instituto2006,
    title         = {Plan curricular del Instituto Cervantes: Niveles de referencia para el espa\~{n}ol},
    author        = {Cervantes, Instituto},
    location      = {Madrid},
    publisher     = {Biblioteca Nueva},
    date          = {2006},
}

@book{vidal2007tec,
    title         = {Test de Estrategias de Comprensi\'{o}n (TEC)},
    author        = {Vidal-Abarca, E and Gilabert, R and Mart\'{\i}nez, T and Sell\'{e}s, P and Abad, N and Ferrer, C},
    location      = {Madrid},
    publisher     = {Instituto Calasanz de Ciencias de la Educaci\'{o}n},
    date          = {2007},
}

@article{garate_written_2007,
    title         = {Written argumentative abilities of 4th grade students of {Compulsory} {Secondary} {Education}: {An} integrated educational intervention},
    author        = {G\'{a}rate, Milagros and Melero, M. \'{A}ngeles and Tejerina, Isabel and Echevarr\'{\i}a, Elena and Guti\'{e}rrez, Raquel},
    volume        = {30},
    number        = {4},
    pages         = {589--602},
    doi           = {10.1174/021037007782334346},
    url           = {https://www.tandfonline.com/doi/full/10.1174/021037007782334346},
    date          = {2007-01},
    journaltitle  = {Journal for the Study of Education},
}

@article{escobar2008validez,
    title         = {Validez de contenido y juicio de expertos: una aproximaci\'{o}n a su utilizaci\'{o}n},
    author        = {Escobar-P\'{e}rez, Jazmine and Cuervo-Mart\'{\i}nez, \'{A}ngela},
    volume        = {6},
    number        = {1},
    pages         = {27--36},
    date          = {2008},
    journaltitle  = {Avances en medici\'{o}n},
}

@article{madariagaorbea2010teaching,
    title         = {The teaching of reading comprehension and metacomprehension strategies. A program implemented by teaching staff. A program implemented by teaching staff},
    author        = {Madariaga-Orbea, Jos\'{e} Mar\'{\i}a and Villabeitia, Estibaliz Mart\'{\i}nez},
    volume        = {26},
    number        = {1},
    pages         = {112--122},
    date          = {2010},
    journaltitle  = {Anales de Psicolog\'{\i}a},
}

@book{martinezsanchez2011conectores,
    title         = {Conectores textuales argumentativos: Gu\'{\i}a y actividades did\'{a}cticas para su uso eficaz en ELE},
    author        = {Mart\'{\i}nez-S\'{a}nchez, Roser},
    location      = {Barcelona},
    publisher     = {Octaedro},
    date          = {2011},
}

@article{cisneros-estupinan_como_2012,
    title         = {C\'{o}mo mejorar la capacidad inferencial en estudiantes universitarios},
    author        = {Cisneros-Estupi\~{n}\'{a}n, Mireya and Olave-Arias, Giohanny and Rojas-Garc\'{\i}a, Ilene},
    volume        = {15},
    number        = {1},
    pages         = {45--61},
    doi           = {10.5294/edu.2012.15.1.3},
    url           = {http://educacionyeducadores.unisabana.edu.co/index.php/eye/article/view/2130/2713},
    date          = {2012-04},
    journaltitle  = {Educaci\'{o}n y Educadores},
}

@article{sole_competencia_2012,
    title         = {Competencia lectora y aprendizaje},
    author        = {Sol\'{e}, Isabel},
    volume        = {59},
    pages         = {43--61},
    doi           = {10.35362/rie590456},
    url           = {https://rieoei.org/RIE/article/view/456},
    date          = {2012-05},
    journaltitle  = {Revista Iberoamericana de Educaci\'{o}n},
}

@article{garcia2013validacion,
    title         = {Validaci\'{o}n de un instrumento para medir comprensi\'{o}n lectora en alumnos universitarios mexicanos},
    author        = {Guerra-Garc\'{\i}a, Jorge and Ben\'{\i}tez, Yolanda Guevara},
    publisher     = {Consejo Nacional para la Ense\~{n}anza en Investigaci\'{o}n en Psicolog\'{\i}a AC},
    volume        = {18},
    number        = {2},
    pages         = {277--291},
    date          = {2013},
    journaltitle  = {Ense\~{n}anza e investigaci\'{o}n en Psicologia},
}

@misc{ministerio2013,
    title         = {Programa para la Evaluaci\'{o}n Internacional de las Competencias de los Adultos (PIAAC). Madrid: Secretar\'{\i}a General T\'{e}cnica},
    author        = {{Ministerio de Educaci\'{o}n, Cultura y Deporte}},
    location      = {Espa\~{n}a},
    publisher     = {Subdirecci\'{o}n General de Documentaci\'{o}n y Publicaciones},
    date          = {2013},
}

@article{lopez-escribano_predictive_2013,
    title         = {A predictive study of reading comprehension in third-grade {Spanish} students},
    author        = {Lopez-Escribano, Carmen and Elosua de Juan, Maria Rosa and Gomez-Veiga, Isabel and Garc\'{\i}a-Madruga, J. A.},
    number        = {25},
    pages         = {199--205},
    doi           = {10.7334/psicothema2012.175},
    url           = {https://doi.org/10.7334/psicothema2012.175},
    date          = {2013-02},
    journaltitle  = {Psicothema},
}

@article{soriano-ferrer_instruccion_2013,
    title         = {Instrucci\'{o}n en estrategias de comprensi\'{o}n lectora mediante ense\~{n}anza rec\'{\i}proca: {Efectos} del agrupamiento de los estudiantes.},
    author        = {Soriano-Ferrer, Manuel and S\'{a}nchez-L\'{o}pez, Pilar and Soriano-Ayala, Encarnaci\'{o}n and Nievas-Cazorla, Francisco},
    volume        = {29},
    number        = {3},
    pages         = {848--854},
    doi           = {10.6018/analesps.29.3.158401},
    url           = {https://revistas.um.es/analesps/article/view/analesps.29.3.158401},
    date          = {2013-09},
    journaltitle  = {Anales de Psicolog\'{\i}a / Annals of Psychology},
    keywords      = {instrucci\'{o}n.},
}

@misc{instituto2014,
    title         = {Gu\'{\i}a del examen DELE B2},
    author        = {Cervantes, Instituto},
    location      = {Madrid},
    publisher     = {Instituto Cervantes},
    date          = {2014},
}

@article{larranaga_evaluacion_2015,
    title         = {Evaluaci\'{o}n de las estrategias metacognitivas de comprensi\'{o}n de textos narrativos},
    author        = {Larra\~{n}aga, Elisa and Yubero, Santiago},
    number        = {14},
    pages         = {18--27},
    doi           = {10.18239/ocnos\_2015.14.02},
    url           = {https://www.revistaocnos.com/index.php/ocnos/article/view/ocnos\_2015.14.02},
    date          = {2015-11},
    journaltitle  = {Ocnos. Revista de estudios sobre lectura},
}

@article{alvarez_dificultades_2017,
    title         = {Dificultades de estudiantes universitarios en la comprensi\'{o}n de textos argumentativos},
    author        = {\'{A}lvarez, Guadalupe and Garc\'{\i}a, M\'{o}nica Beatriz},
    volume        = {19},
    number        = {32},
    pages         = {18--30},
    doi           = {10.17081/eduhum.19.32.2529},
    url           = {https://revistas.unisimon.edu.co/index.php/educacion/article/view/2529},
    date          = {2017-01},
    journaltitle  = {Educaci\'{o}n y Humanismo},
    keywords      = {Universidad,comprensi\'{o}n textual,argumentaci\'{o}n,Moodle},
}

@article{guerra-garcia_variables_2017,
    title         = {Variables acad\'{e}micas, comprensi\'{o}n lectora, estrategias y motivaci\'{o}n en estudiantes universitarios},
    author        = {Guerra-Garc\'{\i}a, Jorge and Guevara Ben\'{\i}tez, Carmen Yolanda},
    volume        = {19},
    number        = {2},
    pages         = {78--90},
    doi           = {10.24320/redie.2017.19.2.1125},
    url           = {https://redie.uabc.mx/redie/article/view/1125},
    date          = {2017-04},
    journaltitle  = {Revista Electr\'{o}nica de Investigaci\'{o}n Educativa},
}

@article{felipe_morales_diseno_2018,
    title         = {Dise\~{n}o y validaci\'{o}n de una prueba piloto para la evaluaci\'{o}n de la competencia lectora de estudiantes universitarios},
    author        = {Felipe Morales, Andrea and Villanueva Roa, Juan De Dios},
    number        = {10},
    pages         = {95--117},
    doi           = {10.37132/isl.v0i10.258},
    url           = {http://www.comprensionlectora.es/revistaisl/index.php/revistaISL/article/view/258},
    date          = {2018},
    journaltitle  = {Investigaciones Sobre Lectura},
}

@article{scott_what_2018,
    title         = {The what, when, and how of preservice teachers and literacy across the disciplines: {A} systematic literature review of nearly 50 years of research},
    author        = {Scott, Chyllis E. and McTigue, Erin M. and Miller, Diane M. and Washburn, Erin K.},
    volume        = {73},
    pages         = {1--13},
    doi           = {10.1016/j.tate.2018.03.010},
    url           = {https://linkinghub.elsevier.com/retrieve/pii/S0742051X17310855},
    date          = {2018-07},
    journaltitle  = {Teaching and Teacher Education},
}

@article{caracas_sanchez_evaluacion_2019,
    title         = {La evaluaci\'{o}n de la comprensi\'{o}n lectora en {M\'{e}xico}: {El} caso de las pruebas {EXCALE}, {PLANEA} y {PISA}},
    author        = {Caracas S\'{a}nchez, Bianca P. and Ornelas Hern\'{a}ndez, Mois\'{e}s},
    volume        = {41},
    number        = {164},
    pages         = {8--27},
    doi           = {10.22201/iisue.24486167e.2019.164.59087},
    url           = {http://servicioseditoriales.unam.mx/perfiles\_ojs3308/index.php/perfiles/article/view/59087},
    date          = {2019-04},
    journaltitle  = {Perfiles Educativos},
}

@article{muhlen_how_2019,
    title         = {How to improve argumentation comprehension in university students: experimental test of a training approach},
    author        = {M\"{u}hlen, Sarah von der and Richter, Tobias and Schmid, Sebastian and Berthold, Kirsten},
    volume        = {47},
    number        = {2},
    pages         = {215--237},
    doi           = {10.1007/s11251-018-9471-3},
    url           = {http://link.springer.com/10.1007/s11251-018-9471-3},
    date          = {2019-04},
    journaltitle  = {Instructional Science},
}

@article{robledo_ramon_evaluacion_2019,
    title         = {Evaluaci\'{o}n de la comprensi\'{o}n lectora a partir del an\'{a}lisis de la pr\'{a}ctica del {Profesorado} y la {Interacci\'{o}n} {Docente}-{Estudiante}},
    author        = {Robledo Ram\'{o}n, Patricia and Fidalgo Redondo, Raquel and M\'{o}nica M\'{e}ndez del R\'{\i}o, M\'{o}nica},
    volume        = {384},
    number        = {2},
    pages         = {97--120},
    doi           = {10.4438/1988-592X-RE-2019-384-414},
    url           = {https://doi.org/10.4438/1988-592X-RE-2019-384-414},
    date          = {2019},
    journaltitle  = {Revista de Educaci\'{o}n},
}

@article{gatti2020comprension,
    title         = {Comprensi\'{o}n lectora y estructura textual. Alfabetizaci\'{o}n acad\'{e}mica y lectura cr\'{\i}tica},
    author        = {Gatti, Alberto and Tagliani, Silvia and Monasterio, Irma},
    volume        = {5},
    pages         = {3--16},
    date          = {2020},
    journaltitle  = {Revista de Psicolog\'{\i}a y Psicopedagog\'{\i}a},
}

@misc{ministeriodeeducacion2020,
    title         = {Pisa 2018. Resultados de lectura en Espa\~{n}a},
    author        = {{Ministerio de Educaci\'{o}n y Formaci\'{o}n Profesional}},
    location      = {Madrid},
    publisher     = {Secretar\'{\i}a General T\'{e}cnica. Subdirecci\'{o}n General de Atenci\'{o}n al Ciudadano, Documentaci\'{o}n y Publicaciones},
    date          = {2020},
}

@article{garcia-martin_metodologias_2020,
    title         = {Metodolog\'{\i}as utilizadas por los profesores universitarios en la docencia y evaluaci\'{o}n de la comprensi\'{o}n lectora},
    author        = {Garc\'{\i}a-Mart\'{\i}n, Judit and Garc\'{\i}a-S\'{a}nchez, Jes\'{u}s-Nicasio},
    volume        = {19},
    number        = {3},
    pages         = {55--71},
    doi           = {10.18239/ocnos\_2020.19.3.2378},
    issn          = {2254-9099, 1885-446X},
    url           = {https://www.revistaocnos.com/index.php/ocnos/article/view/170},
    date          = {2020-11},
    journaltitle  = {Ocnos. Revista de estudios sobre lectura},
}

@article{trace_clozing_2020,
    title         = {Clozing the gap: {How} far do cloze items measure?},
    author        = {Trace, Jonathan},
    volume        = {37},
    number        = {2},
    pages         = {235--253},
    doi           = {10.1177/0265532219888617},
    url           = {http://journals.sagepub.com/doi/10.1177/0265532219888617},
    date          = {2020-04},
    journaltitle  = {Language Testing},
}

@thesis{marchante2021,
    title         = {Contribuci\'{o}n al estudio de los conectores discursivos contraargumentativos en espa\~{n}ol, y de su aplicaci\'{o}n metodol\'{o}gica en ELE. (Con referencia a los signos en cambio, por el contrario; sin embargo, no obstante; ahora bien, con todo y eso s\'{\i}, y con aplicaci\'{o}n al m\'{e}todo Nuevo Prisma)},
    author        = {Marchante-Chueca, M. P.},
    url           = {https://zaguan.unizar.es/record/106278\#},
    urldate       = {2023-08-22},
    institution   = {Universidad de Zaragoza},
    date          = {2021},
    type          = {phdthesis},
}

@online{realacademia,
    title         = {Banco de datos (CREA).~Corpus de Referencia del Espa\~{n}ol Actual},
    author        = {{Real Academia Espa\~{n}ola}},
    url           = {https://corpus.rae.es/creanet.html},
    urldate       = {2022-09-15},
    date          = {2021},
}

@book{sadeghi2021assessing,
    title         = {Assessing second language reading: Insights from cloze tests},
    author        = {Sadeghi, Karim},
    location      = {New York},
    publisher     = {Springer},
    date          = {2021},
}

@article{cabrera-pommiez_evaluacion_2021,
    title         = {Evaluaci\'{o}n de la lectura acad\'{e}mica en estudiantes que ingresan a la {Educaci\'{o}n} {Superior}},
    author        = {Cabrera-Pommiez, Marcela and Lara-Inostroza, Francia and Puga-Larra\'{\i}n, Juana},
    volume        = {20},
    number        = {3},
    pages         = {1--18},
    doi           = {10.18239/ocnos\_2021.20.3.2614},
    url           = {https://www.revistaocnos.com/index.php/ocnos/article/view/196},
    date          = {2021-11},
    journaltitle  = {Ocnos. Revista de estudios sobre lectura},
}

@article{canquiz-rincon_planeacion_2021,
    title         = {Planeaci\'{o}n did\'{a}ctica para el desarrollo de la comprensi\'{o}n lectora},
    author        = {Canquiz-Rinc\'{o}n, Liliana and Mayorga-Sulbar\'{a}n, Denis and Sandoval-Fontalvo, Cynthia},
    volume        = {20},
    number        = {2},
    pages         = {96--106},
    doi           = {10.18239/ocnos\_2021.20.2.2404},
    issn          = {2254-9099, 1885-446X},
    url           = {https://www.revistaocnos.com/index.php/ocnos/article/view/183},
    date          = {2021-06},
    journaltitle  = {Ocnos. Revista de estudios sobre lectura},
}

@incollection{felicecalzolari2022proceedings,
    title         = {CEPOC: The Cambridge Exams Publishing Open Cloze dataset},
    author        = {Felice, M and Taslimipoor, S and Andersen, E and Buterry, P},
    booktitle     = {Proceedings of the Thirteenth Language Resources and Evaluation Conference},
    pages         = {4285--4290},
    editor        = {Calzolari, Nicoletta and B\'{e}chet, Fr\'{e}d\'{e}ric and Blache, Philippe and Choukri, Khalid and Cieri, Christopher and Declerck, Thierry and Goggi, Sara and Isahara, Hitoshi and Maegaard, Bente and Mariani, Joseph and others},
    date          = {2022},
}

@article{guerra2022evaluacion,
    title         = {Evaluaci\'{o}n de la comprensi\'{o}n lectora en alumnos universitarios mexicanos de matem\'{a}ticas aplicadas y computaci\'{o}n: Assessment of Reading Comprehension in Mexican University Students' of Applied Mathematics and Computing},
    author        = {Guerra-Garc\'{\i}a, Jorge and D\'{\i}az-Rubio, Zaira Itzel and Guevara-Ben\'{\i}tez, Carmen Yolanda and Corona-Guevara, Alejandra and others},
    volume        = {14},
    number        = {28},
    date          = {2022},
    journaltitle  = {PAPELES},
}

@article{duche_comprension_2022,
    title         = {Comprensi\'{o}n lectora inferencial en estudiantes universitarios},
    author        = {Duche, A. and Montesinos, M. and Medina, A. and Siza, C. H.},
    volume        = {XXVIII},
    pages         = {181--198},
    doi           = {10.31876/rcs.v28i.38831},
    url           = {https://produccioncientificaluz.org/index.php/rcs/article/view/38831},
    date          = {2022-09},
    journaltitle  = {Revista de Ciencias Sociales},
}

@article{martin-macho-harrison_uso_2022,
    title         = {Uso de conectores en la redacci\'{o}n de textos argumentativos: {Comparaci\'{o}n} entre {L1} y {L2}},
    author        = {Mart\'{\i}n-Macho-Harrison, Ana and Faya-Cerqueiro, F\'{a}tima},
    volume        = {21},
    number        = {2},
    doi           = {10.18239/ocnos\_2022.21.2.2882},
    url           = {https://www.revistaocnos.com/index.php/ocnos/article/view/223},
    date          = {2022-07},
    journaltitle  = {Ocnos. Revista de estudios sobre lectura},
}

@article{martin-ruiz_alisis_2022,
    title         = {An\'{a}lisis de la comprensi\'{o}n lectora y sus dificultades en adolescentes},
    author        = {Mart\'{\i}n-Ruiz, Isa\'{\i}as and Gonz\'{a}lez-Valenzuela, Mar\'{\i}a-Jos\'{e}},
    volume        = {38},
    number        = {2},
    pages         = {251--258},
    doi           = {10.6018/analesps.419111},
    url           = {https://revistas.um.es/analesps/article/view/419111},
    date          = {2022-04},
    journaltitle  = {Anales de Psicolog\'{\i}a},
}
