
@article{alderson_native_1980,
	title = {Native and nonnative speaker performance on cloze tests},
	volume = {30},
	url = {https://onlinelibrary.wiley.com/doi/10.1111/j.1467-1770.1980.tb00151.x},
	doi = {10.1111/j.1467-1770.1980.tb00151.x},
	language = {en},
	number = {1},
	urldate = {2023-08-09},
	journal = {Language Learning. A Journal of Research in Language Studies},
	author = {Alderson, J. Charles},
	month = jun,
	year = {1980},
	pages = {59--76},
}

@article{alvarez_dificultades_2017,
	title = {Dificultades de estudiantes universitarios en la comprensión de textos argumentativos},
	volume = {19},
	copyright = {Derechos de autor 2017 EDUCACION Y HUMANISMO},
	url = {https://revistas.unisimon.edu.co/index.php/educacion/article/view/2529},
	doi = {10.17081/eduhum.19.32.2529},
	number = {32},
	journal = {Educación y Humanismo},
	author = {Álvarez, Guadalupe and García, Mónica Beatriz},
	month = jan,
	year = {2017},
	keywords = {Universidad, comprensión textual, argumentación, Moodle},
	pages = {18--30},
}

@article{cabrera-pommiez_evaluacion_2021,
	title = {Evaluación de la lectura académica en estudiantes que ingresan a la {Educación} {Superior}},
	volume = {20},
	url = {https://www.revistaocnos.com/index.php/ocnos/article/view/196},
	doi = {10.18239/ocnos_2021.20.3.2614},
	number = {3},
	journal = {Ocnos. Revista de estudios sobre lectura},
	author = {Cabrera-Pommiez, Marcela and Lara-Inostroza, Francia and Puga-Larraín, Juana},
	month = nov,
	year = {2021},
	pages = {1--18},
}

@article{canquiz-rincon_planeacion_2021,
	title = {Planeación didáctica para el desarrollo de la comprensión lectora},
	volume = {20},
	issn = {2254-9099, 1885-446X},
	url = {https://www.revistaocnos.com/index.php/ocnos/article/view/183},
	doi = {10.18239/ocnos_2021.20.2.2404},
	number = {2},
	journal = {Ocnos. Revista de estudios sobre lectura},
	author = {Canquiz-Rincón, Liliana and Mayorga-Sulbarán, Denis and Sandoval-Fontalvo, Cynthia},
	month = jun,
	year = {2021},
	pages = {96--106},
}

@article{caracas_sanchez_evaluacion_2019,
	title = {La evaluación de la comprensión lectora en {México}: {El} caso de las pruebas {EXCALE}, {PLANEA} y {PISA}},
	volume = {41},
	url = {http://servicioseditoriales.unam.mx/perfiles_ojs3308/index.php/perfiles/article/view/59087},
	doi = {10.22201/iisue.24486167e.2019.164.59087},
	number = {164},
	journal = {Perfiles Educativos},
	author = {Caracas Sánchez, Bianca P. and Ornelas Hernández, Moisés},
	month = apr,
	year = {2019},
	pages = {8--27},
}

@article{cisneros-estupinan_como_2012,
	title = {Cómo mejorar la capacidad inferencial en estudiantes universitarios},
	volume = {15},
	url = {http://educacionyeducadores.unisabana.edu.co/index.php/eye/article/view/2130/2713},
	doi = {10.5294/edu.2012.15.1.3},
	number = {1},
	journal = {Educación y Educadores},
	author = {Cisneros-Estupiñán, Mireya and Olave-Arias, Giohanny and Rojas-García, Ilene},
	month = apr,
	year = {2012},
	pages = {45--61},
}

@article{dolz_writing_1995,
	title = {Writing argumentative texts to improve their comprehension},
	volume = {7},
	url = {https://www.tandfonline.com/doi/full/10.1174/021470395321340448},
	doi = {10.1174/021470395321340448},
	number = {2},
	journal = {Comunicación, Lenguaje y Educación},
	author = {Dolz, Joaquim},
	month = jan,
	year = {1995},
	pages = {65--77},
}

@book{dominguez_garcia_conectores_2007,
	address = {Madrid},
	title = {Conectores discursivos en textos argumentativos breves},
	publisher = {Arco/Libros},
	author = {Domínguez García, Ma Noemí},
	year = {2007},
	keywords = {Spanish language, Connectives, Spanish language, Discourse analysis},
}

@book{dressler_morphonology_1985,
	address = {Ann Arbor},
	title = {Morphonology, the dynamics of derivation},
	publisher = {Karoma Publishers Inc},
	author = {Dressler, Wolfgang U.},
	year = {1985},
	keywords = {Morphophonemics},
}

@article{duche_comprension_2022,
	title = {Comprensión lectora inferencial en estudiantes universitarios},
	volume = {XXVIII},
	url = {https://produccioncientificaluz.org/index.php/rcs/article/view/38831},
	doi = {10.31876/rcs.v28i.38831},
	journal = {Revista  de  Ciencias  Sociales},
	author = {Duche, A. and Montesinos, M. and Medina, A. and Siza, C. H.},
	month = sep,
	year = {2022},
	pages = {181--198},
}

@article{felipe_morales_diseno_2018,
	title = {Diseño y validación de una prueba piloto para la evaluación de la competencia lectora de estudiantes universitarios},
	url = {http://www.comprensionlectora.es/revistaisl/index.php/revistaISL/article/view/258},
	doi = {10.37132/isl.v0i10.258},
	number = {10},
	journal = {Investigaciones Sobre Lectura},
	author = {Felipe Morales, Andrea and Villanueva Roa, Juan De Dios},
	year = {2018},
	pages = {95--117},
}

@article{garate_written_2007,
	title = {Written argumentative abilities of 4th grade students of {Compulsory} {Secondary} {Education}: {An} integrated educational intervention},
	volume = {30},
	url = {https://www.tandfonline.com/doi/full/10.1174/021037007782334346},
	doi = {10.1174/021037007782334346},
	number = {4},
	journal = {Journal for the Study of Education},
	author = {Gárate, Milagros and Melero, M. Ángeles and Tejerina, Isabel and Echevarría, Elena and Gutiérrez, Raquel},
	month = jan,
	year = {2007},
	pages = {589--602},
}

@article{garcia-martin_metodologias_2020,
	title = {Metodologías utilizadas por los profesores universitarios en la docencia y evaluación de la comprensión lectora},
	volume = {19},
	issn = {2254-9099, 1885-446X},
	url = {https://www.revistaocnos.com/index.php/ocnos/article/view/170},
	doi = {10.18239/ocnos_2020.19.3.2378},
	number = {3},
	journal = {Ocnos. Revista de estudios sobre lectura},
	author = {García-Martín, Judit and García-Sánchez, Jesús-Nicasio},
	month = nov,
	year = {2020},
	pages = {55--71},
}

@article{grundin_cloze_1981,
	title = {Cloze procedure and comprehension: an exploratory study across three languages},
	volume = {4},
	url = {https://onlinelibrary.wiley.com/doi/10.1111/j.1467-9817.1981.tb00226.x},
	doi = {10.1111/j.1467-9817.1981.tb00226.x},
	number = {2},
	journal = {Journal of Research in Reading},
	author = {Grundin, Hans U. and Leonard, Brother and Langer, Judith and Pehrsson, Robert and Robinson, H. Alan and Sakamoto, Takahiko},
	month = sep,
	year = {1981},
	pages = {104--122},
}

@article{guerra-garcia_variables_2017,
	title = {Variables académicas, comprensión lectora, estrategias y motivación en estudiantes universitarios},
	volume = {19},
	url = {https://redie.uabc.mx/redie/article/view/1125},
	doi = {10.24320/redie.2017.19.2.1125},
	number = {2},
	journal = {Revista Electrónica de Investigación Educativa},
	author = {Guerra-García, Jorge and Guevara Benítez, Carmen Yolanda},
	month = apr,
	year = {2017},
	pages = {78--90},
}

@article{jonz_cloze_1991,
	title = {Cloze item types and second language comprehension},
	volume = {8},
	url = {http://journals.sagepub.com/doi/10.1177/026553229100800102},
	doi = {10.1177/026553229100800102},
	number = {1},
	journal = {Language Testing},
	author = {Jonz, Jon},
	month = jun,
	year = {1991},
	pages = {1--22},
}

@article{larranaga_evaluacion_2015,
	title = {Evaluación de las estrategias metacognitivas de comprensión de textos narrativos},
	url = {https://www.revistaocnos.com/index.php/ocnos/article/view/ocnos_2015.14.02},
	doi = {10.18239/ocnos_2015.14.02},
	number = {14},
	journal = {Ocnos. Revista de estudios sobre lectura},
	author = {Larrañaga, Elisa and Yubero, Santiago},
	month = nov,
	year = {2015},
	pages = {18--27},
}

@article{lopez-escribano_predictive_2013,
	title = {A predictive study of reading comprehension in third-grade {Spanish} students},
	url = {https://doi.org/10.7334/psicothema2012.175},
	doi = {10.7334/psicothema2012.175},
	number = {25},
	journal = {Psicothema},
	author = {Lopez-Escribano, Carmen and Elosua de Juan, Maria Rosa and Gomez-Veiga, Isabel and García-Madruga, J. A. },
	month = feb,
	year = {2013},
	pages = {199--205},
}

@article{martin-macho-harrison_uso_2022,
	title = {Uso de conectores en la redacción de textos argumentativos: {Comparación} entre {L1} y {L2}},
	volume = {21},
	url = {https://www.revistaocnos.com/index.php/ocnos/article/view/223},
	doi = {10.18239/ocnos_2022.21.2.2882},
	number = {2},
	journal = {Ocnos. Revista de estudios sobre lectura},
	author = {Martín-Macho-Harrison, Ana and Faya-Cerqueiro, Fátima},
	month = jul,
	year = {2022},
}

@article{martin-ruiz_alisis_2022,
	title = {Análisis de la comprensión lectora y sus dificultades en adolescentes},
	volume = {38},
	url = {https://revistas.um.es/analesps/article/view/419111},
	doi = {10.6018/analesps.419111},
	number = {2},
	journal = {Anales de Psicología},
	author = {Martín-Ruiz, Isaías and González-Valenzuela, María-José},
	month = apr,
	year = {2022},
	pages = {251--258},
}

@article{muhlen_how_2019,
	title = {How to improve argumentation comprehension in university students: experimental test of a training approach},
	volume = {47},
	url = {http://link.springer.com/10.1007/s11251-018-9471-3},
	doi = {10.1007/s11251-018-9471-3},
	number = {2},
	journal = {Instructional Science},
	author = {Mühlen, Sarah von der and Richter, Tobias and Schmid, Sebastian and Berthold, Kirsten},
	month = apr,
	year = {2019},
	pages = {215--237},
}

@article{oller_cloze_1973,
	title = {Cloze tests of second language proficiency and what they measure},
	volume = {23},
	url = {https://onlinelibrary.wiley.com/doi/10.1111/j.1467-1770.1973.tb00100.x},
	doi = {10.1111/j.1467-1770.1973.tb00100.x},
	number = {1},
	journal = {Language Learning.  A Journal of Research in Language Studies},
	author = {Oller, John W.},
	month = jun,
	year = {1973},
	pages = {105--118},
}

@article{robledo_ramon_evaluacion_2019,
	title = {Evaluación de la comprensión lectora a partir del análisis de la práctica del {Profesorado} y la {Interacción} {Docente}-{Estudiante}},
	volume = {384},
	url = {https://doi.org/10.4438/1988-592X-RE-2019-384-414},
	doi = {10.4438/1988-592X-RE-2019-384-414},
	number = {2},
	journal = {Revista de Educación},
	author = {Robledo Ramón, Patricia and Fidalgo Redondo, Raquel and Mónica Méndez del Río, Mónica},
	year = {2019},
	pages = {97--120},
}

@article{scott_what_2018,
	title = {The what, when, and how of preservice teachers and literacy across the disciplines: {A} systematic literature review of nearly 50 years of research},
	volume = {73},
	url = {https://linkinghub.elsevier.com/retrieve/pii/S0742051X17310855},
	doi = {10.1016/j.tate.2018.03.010},
	journal = {Teaching and Teacher Education},
	author = {Scott, Chyllis E. and McTigue, Erin M. and Miller, Diane M. and Washburn, Erin K.},
	month = jul,
	year = {2018},
	pages = {1--13},
}

@article{sole_competencia_2012,
	title = {Competencia lectora y aprendizaje},
	volume = {59},
	url = {https://rieoei.org/RIE/article/view/456},
	doi = {10.35362/rie590456},
	journal = {Revista Iberoamericana de Educación},
	author = {Solé, Isabel},
	month = may,
	year = {2012},
	pages = {43--61},
}

@article{soriano-ferrer_instruccion_2013,
	title = {Instrucción en estrategias de comprensión lectora mediante enseñanza recíproca: {Efectos} del agrupamiento de los estudiantes.},
	volume = {29},
	copyright = {Derechos de autor},
	url = {https://revistas.um.es/analesps/article/view/analesps.29.3.158401},
	doi = {10.6018/analesps.29.3.158401},
	number = {3},
	journal = {Anales de Psicología / Annals of Psychology},
	author = {Soriano-Ferrer, Manuel  and Sánchez-López, Pilar and Soriano-Ayala, Encarnación and Nievas-Cazorla, Francisco},
	month = sep,
	year = {2013},
	keywords = {instrucción.},
	pages = {848--854},
}

@article{trace_clozing_2020,
	title = {Clozing the gap: {How} far do cloze items measure?},
	volume = {37},
	url = {http://journals.sagepub.com/doi/10.1177/0265532219888617},
	doi = {10.1177/0265532219888617},
	number = {2},
	journal = {Language Testing},
	author = {Trace, Jonathan},
	month = apr,
	year = {2020},
	pages = {235--253},
}
