@incollection{martin2009,
  doi = {10.31819/9783964566126-010},
  url = {https://doi.org/10.31819/9783964566126-010},
  year = {2009},
  month = dec,
  publisher = {Vervuert Verlagsgesellschaft},
  pages = {191--236},
  author = {Yolanda {Congosto Martín} and Miguel Angel {Quesada Pacheco}},
  title = {Los Americanismos en los Diccionarios Académicos (1726-2001): la aportación de Humberto López Morales},
  booktitle = {Estudios de lengua espa{\~{n}}ola},
  editor = {María V. {Camacho Taboada} and José Javier {Rodríguez Toro} and Juana {Santana Marrero}},
  address = {Madrid/Frankfurt/Main}
}

@Article{mejias2002,
author = {E. {Domínguez Mejías}},
title = {Los anglicismos en el Diccionario de la RAE (2001)},
journal = {Panacea},
year = {2002},
volume = {3},
number = {8},
pages = {27--33},
url = {https://www.tremedica.org/wp-content/uploads/n8_Panacea8_Junio2002.pdf},
urldate = {2020-08-15}
}

@Book{capuz1998,
author = {Juan {Gómez Capuz}},
title = {El préstamo lingüístico: conceptos, problemas y métodos},
publisher = {Servicio de publicaciones de la Universitat de València},
address = {Valencia},
year = {1998}
}

@Book{capuz2000,
author = {Juan {Gómez Capuz}},
title = {Anglicismos léxicos en el español coloquial},
publisher = {Servicio de Publicaciones de la Universidad de Cádiz},
address = {Cádiz},
year = {2000}
}

@Article{capuz2009,
author = {Juan {Gómez Capuz}},
title = {El tratamiento del préstamo linguístico y el calco en los libros de texto de bachillerato y en la obras divulgativas},
journal = {Tonos. Revista electrónica de estudios filológicos},
year = {2009},
number = {17},
url = {https://www.um.es/tonosdigital/znum17/secciones/tritonos-1-librosdetexto.htm},
urldate = {2019-07-02}
}

@inbook{morales2006,
  chapter = {América en el Diccionario Académico 1992-2001},
  title = {Lengua, historia e identidad: perspectiva espanola e hispanoamericana},
  author = {H. {López Morales}},
  editor = {Wolfgang Dahmen and G. Holtus and J. Kramer and M. Metzeltin and W. Schweickard and O. Winkelmann},
  isbn = {9783823361329},
  lccn = {2006402788},
  series = {Romanistisches Kolloquium},
  url = {https://books.google.com.br/books?id=355hII5nniUC},
  year = {2006},
  publisher={Gunter Narr Verlag},
  pages = {191--202}
}


@InBook{lorenzo1987,
  author = {E. Lorenzo},
  chapter = {Anglicismos en la prensa},
  title = {Primera Reunión de Academias de la Lengua Española sobre El Lenguaje y los Medios de Comunicación},
  publisher = {Comisión permanente de la Asociación de Academias de la lengua española},
  address = {Madrid: Real Academia Española},
  year = {1987},
  pages = {71--79}
}

@Book{Lorenzo1996,
  author = {E. Lorenzo},
  title = {Anglicismos hispánicos},
  address = {Madrid},
  publisher = {Gredos},
  year = {1996} 
}

@Book{medina1996,
author = {J. {Medina López}},
title = {El anglicismo en el español actual},
address = {Madrid},
publisher = {Arco Libros},
year = {1996}
}

@Book{moreno2018,
author = {Francisco {Moreno Fernández}},
title = {Diccionario de anglicismos del español estadounidense},
publisher = {Instituto Cervantes at Harvard University},
year = {2018}
}

@Article{moreno2018b,
author = {Francisco {Moreno Fernández} and A. {Moreno Sandoval}},
title = {Configuración lingüística de anglicismos procedentes de Twitter en el español estadounidense},
journal = {Revista Signos},
year = {2018},
volume = {51},
number = {98},
pages = {382--409},
url = {http://www.revistasignos.cl/index.php/signos/article/view/248},
urldate = {2020-08-15}
}

@InProceedings{navarro2006,
author = {Fernando Navarro},
title = {La anglización del español: mucho más allá de bypass, piercing, test, airbag, container y spa},
booktitle = {Traducción: Contacto y contagio. Actas del {III} Congreso Internacional El español, lengua de traducción},
editor = {Luis González and Pollux Hernúñez},
address = {Puebla (México)},
pages = {213--232},
year = {2006},
url = {https://dialnet.unirioja.es/servlet/articulo?codigo=7464772},
urldate = {2020-10-15}
}


@InProceedings{pedrero2007,
author = {Amalia Pedrero González},
title = {Tipología de los anglicismos léxicos en el {DRAE}},
booktitle = {Actas del VI Congreso de Lingüística General (Santiago de Compostela, 3-7 de mayo de 2004)},
address = {Madrid},
publisher = {Arco/Libros},
pages = {2677--2687},
year = {2007},
editor = {P. Cano López},
}


@Book{pratt1980,
author = {C. Pratt},
title = {El anglicismo en el español peninsular contemporáneo},
address = {Madrid},
publisher = {Gredos},
year = {1980}
}

% Real Academia Española

@Book{riquelme1998,
author = {Jesucristo Riquelme},
title = {Los angli(ci)smos: anglismos y anglicismos, huéspedes de la lengua},
publisher = {Editorial Aguaclara},
address = {Alicante},
year = {1998}
}

@Article{rodriguez2013,
author = {Félix {Rodríguez González}},
title = {Pseudoanglicismos en español actual. Revisión crítica y tratamiento lexicográfico},
journal = {Revista Española de Lingüística},
year = {2013},
volume = {1},
number = {43},
pages = {123--168},
url = {http://revista.sel.edu.es/index.php/revista/article/view/102},
urldate = {2020-10-15}
}

@Book{rodriguez2017,
author = {Félix {Rodríguez González}},
title = {Gran diccionario de anglicismos},
publisher = {Arco/Libros},
address = {Madrid},
year = {2017}
}

@article{rodriguez2018,
  doi = {10.1515/les-2018-0021},
  url = {https://doi.org/10.1515/les-2018-0021},
  urldate = {2020-10-15},
  year = {2018},
  month = oct,
  publisher = {Walter de Gruyter {GmbH}},
  volume = {63},
  number = {2},
  pages = {350--373},
  author = {Félix {Rodríguez González}},
  title = {Aspectos ortográficos del anglicismo},
  journal = {Lebende Sprachen}
}

@Article{rodriguez2019,
author = {Félix {Rodríguez González}},
title = {El género de los anglicismos. Panorama y revisión crítica},
journal = {Boletín de la Real Academia Española},
year = {2019},
number = {319},
pages = {193--257},
url = {http://revistas.rae.es/brae/article/view/297},
urldate = {2020-10-15}
}

@Book{rodriguez1997,
author = {Félix {Rodríguez González} and A. {Lillo Buades}},
title = {Nuevo diccionario de anglicismos},
publisher = {Gredos},
address = {Madrid},
year = {1997}
}

@article{RodrguezMedina2000,
  doi = {10.12795/ph.2000.v14.i01.08},
  url = {https://doi.org/10.12795/ph.2000.v14.i01.08},
  year = {2000},
  publisher = {Editorial Universidad de Sevilla},
  volume = {1},
  number = {14},
  pages = {99--112},
  author = {María Jesús {Rodríguez Medina}},
  title = {El anglicismo en espa{\~{n}}ol: revisi{\'{o}}n cr{\'{\i}}tica del estado de la cuesti{\'{o}}n},
  journal = {Philologia Hispalensis}
}

@Article{salavador1994,
author = {Francisco Salvador},
title = {Incidencia del anglicismo en el habla culta de América y España},
journal = {Anuario de Letras},
year = {1994},
number = {32},
pages = {321--332},
url = {https://revistas-filologicas.unam.mx/anuario-letras/index.php/al/article/view/736},
urldate = {2020-10-14}
}

@misc{schmidt2015,
  doi = {10.22028/D291-23645},
  url = {https://publikationen.sulb.uni-saarland.de/handle/20.500.11880/23701},
  urldate = {2020-10-15},
  author = {Selina Schmidt and Stefan Diemer},
  title = {Comments on Anglicisms in Spanish and their reception},
  publisher = {Universit\"{a}t des Saarlandes},
  year = {2015},
  pages = {8--16}
}

@Article{amador2014,
author = {María {Vázquez Amador}},
title = {Los anglicismos en la lengua española a través de la prensa de la primera mitad del siglo {XIX}},
journal = {Revista de Investigación Lingüística},
year = {2014},
number = {17},
pages = {221--224},
url = {https://revistas.um.es/ril/article/view/224031},
urldate = {2020-10-15}
}

@Article{amador2015,
author = {María {Vázquez Amador}},
title = {El tratamiento de un corpus de anglicismos de la prensa mexicana del siglo XX en los diccionarios de la {RAE}},
journal = {Anuario de Letras. Lingüística y Filología},
year = {2015},
volume = {2},
number = {3},
pages = {273--311},
url = {https://revistas-filologicas.unam.mx/anuario-letras/index.php/al/article/view/1337},
urldate = {2020-10-15}
}

@book{real2014diccionario,
  title={Diccionario de la lengua espa{\~n}ola},
  author={{Real Academia Espa{\~n}ola} and {Asociaci{\'o}n de Academias de la Lengua Espa{\~n}ola}},
  isbn={9788467041897},
  lccn={2015404060},
  series={Diccionario de la lengua espa{\~n}ola},
  url={https://books.google.com.br/books?id=VNqGoAEACAAJ},
  year={2014},
  publisher={Real Academia Espa{\~n}ola}
}
@book{real2001diccionario,
  title={Diccionario de la lengua espa{\~n}ola},
  author={Real Academia Espa{\~n}ola},
  number={v. 1},
  isbn={9788423968237},
  lccn={93124183},
  series={Diccionario de la lengua espa{\~n}ola},
  url={https://books.google.com.br/books?id=LXsdAQAAIAAJ},
  year={2001},
  publisher={Espasa Calpe}
}
