@book{petticrew,
    title         = {Systematic reviews in the social sciences},
    author        = {Mark Petticrew},
    year          = {2006},
    publisher     = {Blackwell},
    address       = {Oxford},
    subtitle      = {A practical guide},
}

@article{Wieringa2006,
    title         = {Requirements engineering paper classification and evaluation criteria},
    author        = {Wieringa, Roel and Maiden, Neil and Mead, Nancy and Rolland, Colette},
    year          = {2006},
    journal       = {Requirements Engineering},
    volume        = {11},
    number        = {1},
    pages         = {102--107},
    doi           = {10.1007/s00766-005-0021-6},
    issn          = {1432-010x},
    url           = {https://doi.org/10.1007/s00766-005-0021-6},
    subtitle      = {a proposal and a discussion},
}

@book{Petticrew2006,
    title         = {Systematic Reviews in the Social Sciences: A Practical Guide},
    author        = {Petticrew,  Mark and Roberts,  Helen},
    year          = {2006},
    month         = jan,
    publisher     = {Wiley},
    doi           = {10.1002/9780470754887},
    isbn          = {9780470754887},
    url           = {http://dx.doi.org/10.1002/9780470754887},
}

@techreport{Kitchenham2007,
    title         = {Guidelines for performing Systematic Literature Reviews in Software Engineering},
    author        = {Barbara Kitchenham and Stuart Charters},
    year          = {2007},
    month         = {7},
    day           = {9},
    address       = {Durham, UK},
    number        = {Ebse-2007-01},
    url           = {http://www.dur.ac.uk/ebse/resources/EBSE-2007-01.pdf},
    institution   = {School of Computer Science and Mathematics, Keele University and Department of Computer Science, University of Durham},
}

@inproceedings{Petersen2008SystematicMapping,
    title         = {Systematic Mapping Studies in Software Engineering},
    author        = {Kai Petersen and Robert Feldt and Shahid Mujtaba and Michael Mattsson},
    year          = {2008},
    month         = jun,
    booktitle     = {12th International Conference on Evaluation and Assessment in Software Engineering (EASE)},
    address       = {Bari, Italia},
    doi           = {10.14236/ewic/EASE2008.8},
    type          = {Presentación de congreso},
}

@article{PETERSEN20151,
    title         = {Guidelines for conducting systematic mapping studies in software engineering},
    author        = {Kai Petersen and Sairam Vakkalanka and Ludwik Kuzniarz},
    year          = {2015},
    journal       = {Information and Software Technology},
    volume        = {64},
    pages         = {1--18},
    doi           = {10.1016/j.infsof.2015.03.007},
    issn          = {0950-5849},
    url           = {https://www.sciencedirect.com/science/article/pii/S0950584915000646},
    subtitle      = {An update},
}

@article{schallmo2017,
    title         = {Digital Transformation of Business Models — Best Practice, Enablers, and Roadmap},
    author        = {Schallmo, Daniel and Williams, Christopher A. and Boardman, Luke},
    year          = {2017},
    journal       = {International Journal of Innovation Management},
    volume        = {21},
    number        = {08},
    pages         = {1740014},
    doi           = {10.1142/s136391961740014x},
    url           = {https://doi.org/10.1142/S136391961740014X},
    eprint        = {https://doi.org/10.1142/S136391961740014X},
}

@book{katz2018capital,
    title         = {Capital humano para la transformación digital en América Latina},
    author        = {Katz, Raúl L.},
    year          = {2018},
    publisher     = {Cepal},
    address       = {México, D.F.},
    series        = {Serie Desarrollo Productivo},
    number        = {219},
    url           = {https://hdl.handle.net/11362/43529},
    date          = {2018-04-24},
}

@misc{fernandez-martínzez2019,
    title         = {Modelo de madurez digital para universidades (MD4U)},
    author        = {Fernández Martínez, Antonio and Llorens Largo, Faraón and Molina-Carmona, Rafael},
    year          = {2019},
    pages         = {1--16},
    url           = {http://hdl.handle.net/10045/99031},
}

@article{mergel2019,
    title         = {Defining digital transformation},
    author        = {Ines Mergel and Noella Edelmann and Nathalie Haug},
    year          = {2019},
    journal       = {Government Information Quarterly},
    volume        = {36},
    number        = {4},
    pages         = {101385},
    doi           = {10.1016/j.giq.2019.06.002},
    issn          = {0740-624x},
    url           = {https://www.sciencedirect.com/science/article/pii/S0740624X18304131},
    subtitle      = {Results from expert interviews},
}

@inbook{OECD2019Italy,
    title         = {Digital transformation and capabilities},
    author        = {{OECD and European Union}},
    year          = {2019},
    booktitle     = {Supporting Entrepreneurship and Innovation in Higher Education in Italy},
    publisher     = {OECD Publishing},
    address       = {Paris},
    series        = {OECD Skills Studies},
    pages         = {125--145},
    doi           = {10.1787/43e88f48-en},
    bookauthor    = {OECD and European Union},
}

@article{benavides2020-castro,
    title         = {Digital Transformation in Higher Education Institutions: A Systematic Literature Review},
    author        = {Benavides, Lina María Castro and Tamayo Arias, Johnny Alexander and Arango Serna, Martín Darío and Branch Bedoya, John William and Burgos, Daniel},
    year          = {2020},
    journal       = {Sensors},
    volume        = {20},
    number        = {11},
    pages         = {1--22},
    doi           = {10.3390/s20113291},
    issn          = {1424-8220},
    url           = {https://www.mdpi.com/1424-8220/20/11/3291},
    article-number = {3291},
    pubmedid      = {32526998},
}

@article{grajek2020,
    title         = {A Grand Strategy for Grand Challenges},
    author        = {Susan Grajek and D. Christopher Brooks},
    year          = {2020},
    journal       = {EduCause Review},
    volume        = {55},
    number        = {3},
    pages         = {11--22},
    url           = {https://er.educause.edu/-/media/files/articles/2020/8/er20_31w.pdf?la=en&hash=36D93D3E73E925BDBF9C2C0690822EE00822E3C8},
    editor        = {Susan Grajek and D. Christopher Brooks},
    subtitle      = {A New Approach through Digital Transformation},
}

@book{UN2020EGovernmentSurvey,
    title         = {United Nations E-Government Survey 2020},
    author        = {{United Nations}},
    year          = {2020},
    publisher     = {United Nations},
    url           = {https://www.un-ilibrary.org/content/books/9789210051453},
    subtitle      = {Digital Government in the Decade of Action for Sustainable Development (With addendum on COVID-19 Response)},
}

@article{Rivas2020Innovadores,
    title         = {¿Cómo preparan los innovadores disruptivos a los estudiantes de hoy para ser la fuerza laboral del mañana?: La revolución del e-learning de Global Alumni},
    author        = {Rivas, Pablo},
    year          = {2020},
    publisher     = {Banco Interamericano de Desarrollo},
    doi           = {10.18235/0004779},
    url           = {http://dx.doi.org/10.18235/0004779},
}

@article{aditya2021,
    title         = {Categories for Barriers to Digital Transformation in Higher Education: An Analysis Based on Literature},
    author        = {Bayu Rima Aditya and Ridi Ferdiana and Sri Suning Kusumawardani},
    year          = {2021},
    journal       = {International Journal of Information and Education Technology},
    volume        = {11},
    number        = {12},
    pages         = {658--664},
}

@techreport{arias-ortiz2021a,
    title         = {El futuro del trabajo en América Latina y el Caribe},
    author        = {Arias Ortiz, Elena and Yyannu Cruz-Aguayo and María Fernanda Prada},
    year          = {2021},
    doi           = {10.18235/0003878},
    url           = {http://dx.doi.org/10.18235/0003878},
    subtitle      = {¿cuáles son las tendencias en educación postsecundaria?},
    institution   = {Banco Interamericano para el Desarrollo},
}

@techreport{arias-ortiz2021b,
    title         = {Hacia una educación 4.0: 10 módulos para la implementación de modelos híbridos},
    author        = {Elena Arias Ortiz and Ximena Dueñas and Gregory Elacqua and Cecilia Giambruno and María Mercedes Mateo-Berganza Díaz and Marcelo Pérez Alfaro},
    year          = {2021},
    number        = {Idb-tn-02267},
    doi           = {10.18235/0003703},
    url           = {http://dx.doi.org/10.18235/0003703},
    institution   = {Banco Interamericano de Desarrollo},
}

@article{bikse2021,
    title         = {The Development of Digital Transformation and Relevant Competencies for Employees in the Context of the Impact of the COVID-19 Pandemic in Latvia},
    author        = {Bikse, Veronika and Lusena-Ezera, Inese and Rivza, Peteris and Rivza, Baiba},
    year          = {2021},
    journal       = {Sustainability},
    volume        = {13},
    number        = {16},
    pages         = {1--17},
    doi           = {10.3390/su13169233},
    issn          = {2071-1050},
    url           = {https://www.mdpi.com/2071-1050/13/16/9233},
    article-number = {9233},
}

@article{cerdá-suárez2021,
    title         = {A Systemic Perspective for Understanding Digital Transformation in Higher Education},
    author        = {Cerdá Suárez, Luis Manuel and Núñez-Valdés, Karen and Quirós y Alpera, Susana},
    year          = {2021},
    journal       = {Sustainability},
    volume        = {13},
    number        = {23},
    pages         = {1--19},
    doi           = {10.3390/su132312956},
    issn          = {2071-1050},
    url           = {https://www.mdpi.com/2071-1050/13/23/12956},
    subtitle      = {Overview and Subregional Context in Latin America as Evidence},
    article-number = {12956},
}

@article{delgado-fernández2020,
    title         = {Taxonomía de Transformación Digital},
    author        = {Delgado Fernández, Tatiana},
    year          = {2021},
    month         = {10},
    journal       = {Revista Cubana de Transformación Digital},
    volume        = {1},
    number        = {1},
    pages         = {4–23},
    url           = {https://rctd.uic.cu/rctd/article/view/62},
}

@book{gomez2021,
    title         = {UNIVERSITIC 2020. Análisis de la madurez digital de las Universidades Españolas},
    year          = {2021},
    publisher     = {Crue Universidades Españolas},
    address       = {Madrid},
    url           = {https://tic.crue.org/publicaciones/universitic-2020/},
    editor        = {Juan Gómez},
}

@book{llorens2021udigital,
    title         = {UDigital 2020. Estudio de la madurez digital en sistemas universitarios iberoamericanos},
    author        = {Llorens Largo, Faraón and Fernández Martínez, Antonio and Rodríguez Elizondo, Tomás and Cadena Vela, Susana and Franco Reboreda, Carlos Alberto},
    year          = {2021},
    publisher     = {MetaRed and Universia},
    address       = {Madrid},
}

@book{OECD2021Hungary,
    title         = {Supporting the Digital Transformation of Higher Education in Hungary},
    author        = {Oecd},
    year          = {2021},
    publisher     = {OECD Publishing},
    address       = {Paris},
    series        = {Higher Education},
    doi           = {10.1787/d30ab43f-en},
}

@inbook{OECD2021Latvia,
    title         = {Key future uncertainties in digital transformation and potential implications for Latvia},
    author        = {Oecd},
    year          = {2021},
    booktitle     = {Going Digital in Latvia},
    publisher     = {OECD Publishing},
    address       = {Paris},
    series        = {OECD Reviews of Digital Transformation},
    pages         = {31--51},
    doi           = {10.1787/8eec1828-en},
    bookauthor    = {Oecd},
}

@book{PonceLopez2021EstadoTIC,
    title         = {Estado actual de las tecnologías de la información y comunicación en las Instituciones de educación superior en México},
    author        = {Ponce López, José Luis},
    year          = {2021},
    publisher     = {Asociación Nacional de Universidades e Instituciones de Educación Superior},
    address       = {México},
    url           = {https://estudio-tic.anuies.mx/Estado_actual_TIC_sencillo_2021_media.pdf},
    subtitle      = {estudio 2021},
}

@techreport{unesco2022,
    title         = {Inteligencia artificial y transformación digital},
    author        = {Balbo di Vinadio, Tommaso and Van Noordt, Colin and Vargas Alvarez del Castillo, Carlos and Avila, Renata},
    year          = {2022},
    pages         = {79},
    subtitle      = {competencias para funcionarios públicos},
    institution   = {UNESCO and Broadband Commission for Sustainable Development. Working Group on AI Capacity Building and International Telecommunication Union},
    language      = {Spanish},
    type          = {programme and meeting document},
}

@techreport{cruz-aguayo2022,
    title         = {Hacia una transformación digital del sector educativo},
    author        = {Cruz-Aguayo, Yyannu and Mateo-Berganza Díaz, María Mercedes and Xhardez, Verónica and Ramallo, Viviana and De Marco, Celeste},
    year          = {2022},
    number        = {Idb-tn-02409},
    institution   = {Banco Interamericano de Desarrollo},
    subtitle      = {aprendizajes de la virtualización de emergencia},
}

@book{trucco2022educacion,
    title         = {Educación en tiempos de pandemia},
    author        = {Trucco, Daniela and Huepe, Mariana and Palma, Amalia},
    year          = {2022},
    location      = {Santiago},
    publisher     = {Cepal},
    series        = {Serie Políticas Sociales},
    number        = {243},
    url           = {https://hdl.handle.net/11362/48204},
    subtitle      = {Una oportunidad para transformar los sistemas educativos en América Latina y el Caribe},
    date          = {2022-10-07},
}

@book{unesco2022talent,
    title         = {Talent ecosystem for digital transformation: insight report on ICT in higher education and TVET in the Middle East and Pakistan},
    author        = {Velásquez, Adriana M. and Martínez, Rodrigo and Palma, Amalia},
    year          = {2022},
    publisher     = {UNESCO IITE/Huawei Technologies},
    address       = {Moscow, Russia},
    series        = {Serie Políticas Sociales},
    number        = {233},
    pages         = {143},
    doi           = {10.54675/zybk4691},
    isbn          = {978-5-6046449-3-5},
    url           = {https://hdl.handle.net/11362/45901},
    editor        = {Knyazeva, Svetlana and Jumani, Nabi Bux and Kapelyushnik, Denis and Pushkareva, Ekaterina},
    subtitle      = {reflexiones sobre desafíos y oportunidades para la política social en América Latina},
}

@book{Velasquez2020Revolucion,
  author       = {Velásquez, Adriana M. and Martínez, Rodrigo and Palma, Amalia},
  title        = {Revolución tecnológica e inclusión social},
  subtitle = {reflexiones sobre desafíos y oportunidades para la política social en América Latina},
  year         = {2020},  publisher    = {CEPAL},
  address      = {Santiago},
  series       = {Serie Políticas Sociales},
  number       = {233},
  url          = {https://hdl.handle.net/11362/45901},
  doi          = {10.54675/ZYBK4691}
}

@book{CEPAL2022EncrucijadaEducacion,
    title         = {La encrucijada de la educación en América Latina y el Caribe},
    author        = {UNESCO and CEPAL and UNICEF},
    year          = {2022},
    publisher     = {UNESCO and CEPAL and UNICEF},
    address       = {Santiago},
    isbn          = {9789233001961},
    url           = {https://hdl.handle.net/11362/48153},
    subtitle      = {Informe regional de monitoreo ODS4-Educación 2030},
    language      = {Spanish},
}

@inbook{OECD2022DominicanRepublic,
    title         = {Achieving digital transformation for inclusive and sustainable development in the Dominican Republic},
    author        = {Oecd},
    year          = {2022},
    booktitle     = {Multi-dimensional Review of the Dominican Republic: Towards Greater Well-being for All},
    publisher     = {OECD Publishing},
    address       = {Paris},
    series        = {OECD Development Pathways},
    pages         = {249--287},
    doi           = {10.1787/560c12bf-en},
    bookauthor    = {Oecd},
}

@mis{balbo,
    title         = {Inteligencia artificial y transformación digital: competencias para funcionarios públicos},
    author        = {Balbo di Vinadio, Tommaso and Van Noordt, Colin and Vargas Alvarez del Castillo, Carlos and Avila, Renata and others},
    year          = {2022},
    publisher     = {Unesco},
    url           = {https://unesdoc.unesco.org/ark:/48223/pf0000383325_spa/PDF/383325spa.pdf.multi},
    institution   = {Unesco},
}

@article{knyazeva2022talent,
    title         = {Talent ecosystem for digital transformation: insight report on ICT in higher education and TVET in the Middle East and Pakistan},
    author        = {Knyazeva, Svetlana and Jumani, Nabi Bux and Kapelyushnik, Denis and Pushkareva, Ekaterina and others},
    year          = {2022},
    publisher     = {UNESCO: United Nations Educational, Scientific and Cultural Organisation},
}

@book{Alexander2023,
    title         = {Digital inclusion in Caribbean digital transformation frameworks and initiatives},
    author        = {Dale Alexander and Lika Døhl and Kwesi Prescod},
    year          = {2023},
    publisher     = {Comisión Económica para América Latina y el Caribe},
    series        = {Studies and Perspectives Series (The Caribbean)},
    number        = {112},
    subtitle      = {a review},
    collection    = {Studies and Perspectives – ECLAC Subregional Headquarters for The Caribbean},
}

@book{hendrickson2023study,
    title         = {A Study on Challenges and Opportunities in Financing Sustainable Development Goals 4 and 9 in Three Caribbean Countries},
    author        = {Hendrickson, Michael},
    year          = {2023},
    publisher     = {Eclac},
    address       = {Port-of-Spain},
    series        = {Studies and Perspectives Series (The Caribbean)},
    number        = {120},
    url           = {https://hdl.handle.net/11362/49056},
    subtitle      = {An Exploratory Analysis},
    date          = {2023-08-16},
}

@article{lamprou2023role,
    title         = {The Role of International Organizations in Shaping the Educational Policy for Higher Education and the First Historically Identified Evaluation Efforts of the Greek Academy of Somatic Education, in the 20th Century},
    author        = {Lamprou, Chris and Foteinos, Dimitrios and Nomikos, Nikitas and Terzi, Kondylo},
    year          = {2023},
    journal       = {Journal of Education and Development},
    publisher     = {July Press},
    address       = {Singapore},
    volume        = {7},
    number        = {4},
    pages         = {1384},
    doi           = {10.20849/jed.v7i4.1384},
    issn          = {2529-7996},
}

@incollection{maldonado-maldonado2023,
    title         = {Chapter 30: The role and influence of international organizations on higher education governance},
    author        = {Alma Maldonado-Maldonado and Rene-Manuel Delgado},
    year          = {2023},
    booktitle     = {Handbook on Higher Education Management and Governance},
    publisher     = {Edward Elgar Publishing},
    address       = {Cheltenham, UK},
    pages         = {449--467},
    doi           = {10.4337/9781800888074.00046},
    isbn          = {9781800888074},
    url           = {https://www.elgaronline.com/view/book/9781800888074/book-part-9781800888074-46.xml},
}

@book{Mares2023Transformacion,
    title         = {Transformación digital en las Administraciones Públicas Educativas en Iberoamérica: análisis y perspectivas},
    author        = {Marés, Laura and Garzón, Magdalena and Roggi, Inés and Sagol, Cecilia},
    year          = {2023},
    publisher     = {CAF - Banco de Desarrollo de América Latina y el Caribe},
    address       = {Distrito Capital},
    pages         = {1--155},
    url           = {https://scioteca.caf.com/handle/123456789/2115},
}

@incollection{martens2023,
    title         = {481The Expansion of Education in and Across International Organizations},
    author        = {Martens, Kerstin and Niemann, Dennis and Krogmann, David},
    year          = {2023},
    month         = {01},
    booktitle     = {The Oxford Handbook of Education and Globalization},
    publisher     = {Oxford University Press},
    address       = {Oxford},
    doi           = {10.1093/oxfordhb/9780197570685.013.17},
    isbn          = {9780197570685},
    eprint        = {https://academic.oup.com/book/0/chapter/421534844/chapter-ag-pdf/57067925/book\_52504\_section\_421534844.ag.pdf},
}

@misc{OEI2023TransformacionDigital,
    title         = {Transformación digital en Iberoamérica},
    author        = {{Organización de Estados Iberoamericanos}},
    year          = {2023},
    url           = {https://oei.int/oficinas/argentina/publicaciones/transformacion-digital-en-iberoamerica-una-herramienta-para-la-economia-del-conocimiento},
    subtitle      = {Una herramienta para la economía del conocimiento},
}

@misc{UNESCO2023EnhancingTVET,
    title         = {Enhancing TVET through digital transformation in developing countries},
    author        = {Unesco},
    year          = {2023},
    publisher     = {Unesco},
    url           = {https://unesco.org},
}

@misc{UNESCO2023TransformingEducation,
    title         = {Transforming education together: the Global Education Coalition in action},
    author        = {Unesco},
    year          = {2023},
    publisher     = {Unesco},
    url           = {https://unesco.org},
}

@article{yavuz2023,
    title         = {An Investigation of Digital Transformation Activities of Higher Education in Türkiye},
    author        = {Yavuz, Mehmet and Kayalı, Bünyami and Karaman, Selçuk},
    year          = {2023},
    journal       = {Participatory Educational Research},
    publisher     = {Özgen KORKMAZ},
    volume        = {10},
    number        = {4},
    pages         = {237--255},
    doi           = {10.17275/per.23.69.10.4},
    keywords      = {higher education, technology, digitization, digital transformation},
}

@article{Wang2024,
    title         = {Education reform and change driven by digital technology: a bibliometric study from a global perspective},
    author        = {Wang, Chengliang and Chen, Xiaojiao and Yu, Teng and Liu, Yidan and Jing, Yuhui},
    year          = {2024},
    journal       = {Humanities and Social Sciences Communications},
    volume        = {11},
    number        = {1},
    pages         = {1--17},
    doi           = {10.1057/s41599-024-02717-y},
    issn          = {2662-9992},
    url           = {https://doi.org/10.1057/s41599-024-02717-y},
}

@book{LustosaRosario2021,
  title = {Higher Education Digital Transformation in Latin America and the Caribbean},
  DOI = {10.18235/0003829},
  institution = {Inter-American Development Bank},
  author = {Lustosa Rosario,  Ana Carolina and Yaacov,  Bar Ben and Franco Segura,  Cecilia and Arias Ortiz,  Elena and Heredero,  Elena and Botero,  Juanita and Brothers,  Patrick and Payva,  Thiago and Spies,  Maria},
  year = {2021},
  month = dec
}
