@book{montessori1937metodo,
    title         = {El Método de la Pedagogía Científica},
    author        = {Montessori, Maria},
    year          = {1937},
    publisher     = {Editorial Araluce},
    address       = {Barcelona},
}

@incollection{neves2004language,
    title         = {Language Awareness through Training in Subtitling},
    author        = {Neves, Josélia},
    year          = {2004},
    booktitle     = {Topics in Audiovisual Translation},
    publisher     = {Benjamins Translation Library},
    address       = {Philadelphia and Amsterdam},
    pages         = {127--140},
    editor        = {Orero, Pilar},
}

@incollection{pla2007,
    title         = {María Montessori: el Método de la Pedagogía Científica},
    author        = {Pla, María and Cano, Elena and Lorenzo, Nuria},
    year          = {2007},
    booktitle     = {El legado pedagógico del siglo XX para la escuela del siglo XXI},
    publisher     = {Graó},
    address       = {Barcelona},
    pages         = {69--94},
    editor        = {Trilla, Jaume (coord.)},
    edition       = {4a. ed.},
}

@book{diaz-cintas2009new,
    title         = {New Trends in Audiovisual Translation},
    year          = {2009},
    publisher     = {Multilingual Matters},
    address       = {Bristol},
    editor        = {Díaz-Cintas, Jorge},
}

@phdthesis{talavan2009aplicaciones,
    title         = {Aplicaciones de la traducción audiovisual para mejorar la comprensión oral del inglés},
    author        = {Talaván, Noa},
    year          = {2009},
    address       = {Madrid},
    school        = {Uned},
    type          = {Doctoral dissertation},
}

@incollection{talavan2010audiovisual,
    title         = {Audiovisual Translation and Foreign Language Learning. The Case of Subtitling},
    author        = {Talaván, Noa},
    year          = {2010},
    booktitle     = {Modos y Formas de la Comunicación Humana Vol. 2},
    publisher     = {Universidad de Castilla-La Mancha},
    address       = {Cuenca},
    pages         = {1313--1320},
    editor        = {Caballero Rodríguez, María Rosario and Pinar Sanz, María Jesús},
}

@article{murray2011montessori,
    title         = {Montessori Elementary Philosophy},
    author        = {Murray, Angela K.},
    year          = {2011},
    journal       = {Montessori Life},
    volume        = {23},
    number        = {1},
    pages         = {22--33},
}

@article{diaz-cintas2012subtitulos,
    title         = {Los subtítulos y la subtitulación en la clase de lengua extranjera},
    author        = {Díaz-Cintas, Jorge},
    year          = {2012},
    journal       = {Abehache: Revista da Associação Brasileira de Hispanistas},
    volume        = {2},
    number        = {3},
    pages         = {95--114},
}

@article{moreno2012pedagogia,
    title         = {La pedagogía científica en María Montessori},
    author        = {Moreno Romero, Olivero de Jesús},
    year          = {2012},
    journal       = {Hojas y Hablas},
    volume        = {9},
    pages         = {59--67},
    url           = {https://dialnet.unirioja.es/servlet/articulo?codigo=6628806},
}

@article{lillard2013playful,
    title         = {Playful Learning and Montessori Education},
    author        = {Lillard, Angeline S.},
    year          = {2013},
    journal       = {Namta Journal},
    volume        = {38},
    number        = {2},
    pages         = {137--174},
}

@inproceedings{Baos2015LearningFL,
    title         = {Learning foreign languages with ClipFlair},
    author        = {Roc{\'i}o Ba{\~n}os and Stavroula Sokoli},
    year          = {2015},
    url           = {https://api.semanticscholar.org/CorpusID:143384975},
    subtitle      = {Using captioning and revoicing activities to increase students’ motivation and engagement},
}

@incollection{banos2015clipflair,
    title         = {Learning foreign languages with ClipFlair: Using captioning and revoicing activities to increase students’ motivation and engagement},
    author        = {Baños, Rocío and Sokoli, Stavroula},
    year          = {2015},
    booktitle     = {10 years of the LLAS elearning symposium: Case studies in good practice},
    publisher     = {Research-publishing.net},
    address       = {Dublin},
    pages         = {203--213},
    doi           = {10.14705/rpnet.2015.000280},
    editor        = {Borthwick, Kate and Corradini, Elena and Dickens, Alison},
}

@incollection{talavan2015first,
    title         = {First Insights into the Combination of Dubbing and Subtitling as L2 Didactic Tools},
    author        = {Talaván, Noa and Ávila-Cabrera, José Javier},
    year          = {2015},
    booktitle     = {Subtitles and Language Learning},
    publisher     = {Peter Lang},
    address       = {Berna},
    pages         = {149--172},
    editor        = {Gambier, Yves and Caimi, Annamaria and Mariotti, Cristina},
}

@article{gonzalez-vera2016audiovisual,
    title         = {Audiovisual Materials},
    author        = {González-Vera, Pilar and Hornero Corisco, Ana María},
    year          = {2016},
    journal       = {Language Value},
    volume        = {8},
    pages         = {1--25},
    subtitle      = {A Way to Reinforce Listening Skills in Primary School Teacher Education},
}

@incollection{ibanez2016audiodescription,
    title         = {Using Audio Description to Improve FLL Students’ Oral Competence in MALL},
    author        = {Ibáñez Moreno, Ana and Vermeulen, Anna and Jordano, María},
    year          = {2016},
    booktitle     = {New Perspectives on Teaching and Working with Languages in the Digital Era},
    publisher     = {Research-publishing.net},
    address       = {Dublin},
    pages         = {245--256},
    doi           = {10.14705/rpnet.2016.tislid2014.438},
    url           = {http://dx.doi.org/10.14705/rpnet.2016.tislid2014.438},
    subtitle      = {Methodological Preliminaries},
    editor        = {Pareja-Lora, Antonio and Calle-Martínez, Cristina and Rodríguez-Arancón, Pilar},
}

@article{ÁlvarezSánchez_2017,
    title         = {Una imagen vale más que mil palabras},
    author        = {Álvarez Sánchez, Patricia},
    year          = {2017},
    month         = {4},
    pages         = {16–32},
    doi           = {10.24310/REDIT.2017.v0i11.3813},
    url           = {https://revistas.uma.es/index.php/redit/article/view/2},
    subtitle      = {: La subtitulación como recurso didáctico en el aprendizaje de lenguas},
}

@article{Carreres03072017,
    title         = {Translation in Spanish language teaching: the fifth skill/La traducción en la enseñanza del español: la quinta destreza},
    author        = {Ángeles Carreres and Micaela Muñoz-Calvo and María Noriega-Sánchez},
    year          = {2017},
    journal       = {Journal of Spanish Language Teaching},
    publisher     = {Routledge},
    volume        = {4},
    number        = {2},
    pages         = {99--109},
    doi           = {10.1080/23247797.2017.1419030},
    url           = {https://doi.org/10.1080/23247797.2017.1419030},
    eprint        = {https://doi.org/10.1080/23247797.2017.1419030},
}

@article{Colina03072017,
    title         = {Translation in Spanish language teaching},
    author        = {Sonia Colina and Barbara A. Lafford},
    year          = {2017},
    journal       = {Journal of Spanish Language Teaching},
    publisher     = {Routledge},
    volume        = {4},
    number        = {2},
    pages         = {110--123},
    doi           = {10.1080/23247797.2017.1407127},
    url           = {https://doi.org/10.1080/23247797.2017.1407127},
    subtitle      = {the integration of a “fifth skill” in the second language curriculum},
    eprint        = {https://doi.org/10.1080/23247797.2017.1407127},
}

@article{ghaffari2017montessori,
    title         = {Montessori and Conventional Teaching Methods in Learning English as a Second/Foreign Language},
    author        = {Ghaffari, Maryam and Kashkouli, Sara Mohammadi and Sadighi, Firooz},
    year          = {2017},
    journal       = {Journal of Applied Linguistics and Language Research},
    volume        = {4},
    number        = {5},
    pages         = {209--218},
    issn          = {2376-760x},
    url           = {http://www.jallr.com},
    subtitle      = {An Overview},
}

@article{marshall2017montessori,
    title         = {Montessori Education: A Review of the Evidence Base},
    author        = {Marshall, Chloë},
    year          = {2017},
    journal       = {npj Science of Learning},
    volume        = {2},
    pages         = {11},
    doi           = {10.1038/s41539-017-0012-7},
    url           = {https://doi.org/10.1038/s41539-017-0012-7},
}

@article{alonso-perez2018,
    title         = {Teaching foreign languages through audiovisual translation resources: teachers' perspectives},
    author        = {Alonso-Perez, Rosa and Sanchez Requena, Alicia},
    year          = {2018},
    journal       = {Applied Language Learning},
    publisher     = {Defense Language Institute Foreign Language Center},
    volume        = {28},
    number        = {2},
    pages         = {1--24},
    issn          = {2164-0912},
    url           = {http://www.dliflc.edu/wp-content/uploads/2018/07/Applied-Language-Learning-28-2.pdf},
}

@book{chaume2018audiovisual,
    title         = {Audiovisual Translation: Theories, Methods, and Issues},
    author        = {Chaume, Frederic},
    year          = {2018},
    publisher     = {Routledge},
    address       = {London},
}

@article{lertola2018translation,
    title         = {From Translation to Audiovisual Translation in Foreign Language Learning},
    author        = {Lertola, Jennifer},
    year          = {2018},
    journal       = {Trans},
    volume        = {22},
    pages         = {185--202},
}

@article{BELTRAMELLO_2019,
    title         = {Exploring the Combination of Subtitling and Revoicing Tasks},
    author        = {Beltramello, Anastasia},
    year          = {2019},
    month         = {4},
    journal       = {International Journal of Language, Translation and Intercultural Communication},
    volume        = {8},
    pages         = {93–109},
    doi           = {10.12681/ijltic.20279},
    url           = {https://ejournals.epublishing.ekt.gr/index.php/latic/article/view/20279},
    subtitle      = {A Proposal for Maximising Learning Opportunities in the Italian Language Classroom},
}

@article{denervaud2019,
    title         = {Beyond executive functions, creativity skills benefit academic outcomes: Insights from Montessori education},
    author        = {Denervaud, Solange AND Knebel, Jean-François AND Hagmann, Patric AND Gentaz, Edouard},
    year          = {2019},
    month         = {11},
    journal       = {Plos One},
    publisher     = {Public Library of Science},
    volume        = {14},
    number        = {11},
    pages         = {1--13},
    doi           = {10.1371/journal.pone.0225319},
    url           = {https://doi.org/10.1371/journal.pone.0225319},
}

@book{lertola2019audiovisual,
    title         = {Audiovisual Translation in the Foreign Language Classroom: Applications in the Teaching of English and Other Foreign Languages},
    author        = {Lertola, Jennifer},
    year          = {2019},
    publisher     = {Research-publishing.net},
    address       = {Dublin},
}

@article{talavan2019traduccion,
    title         = {La Traducción Audiovisual como Recurso Didáctico para Mejorar la Comprensión Audiovisual en Lengua Extranjera},
    author        = {Talaván, Noa},
    year          = {2019},
    journal       = {Doblele},
    volume        = {5},
    pages         = {85--97},
    doi           = {https://doi.org/10.5565/rev/doblele.59},
}

@article{soler2020,
    title         = {Subtitling and dubbing as teaching resources for learning English as a foreign language using software},
    author        = {Soler Pardo, Belem},
    year          = {2020},
    journal       = {Lenguaje y textos},
    volume        = {51},
    pages         = {41--56},
    doi           = {10.4995/lyt.2020.12690},
}

@article{lomloe2020,
    title         = {Ley Orgánica 3/2020, de 29 de diciembre, por la que se modifica la Ley Orgánica 2/2006, de 3 de mayo, de Educación},
    author        = {{Lomloe}},
    year          = {2020},
    journal       = {Boletín Oficial del Estado},
    volume        = {340},
    pages         = {122868--122953},
    url           = {https://www.boe.es/boe/dias/2020/12/30/pdfs/BOE-A-2020-17264.pdf},
    date          = {2020-12-30},
}

@article{fernandez-costeles2021,
    title         = {Audiovisual translation in primary education. Students’ perceptions of the didactic possibilities of subtitling and dubbing in foreign language learning},
    author        = {Fernández-Costales, Alberto},
    year          = {2021},
    journal       = {Meta},
    publisher     = {Les Presses de l’Université de Montréal},
    volume        = {66},
    number        = {2},
    pages         = {280--300},
    doi           = {https://doi.org/10.7202/1083179ar},
}

@article{Bobadilla-Pérez_CarballodeSantiago_2022,
    title         = {Estudio de la Traducción Audiovisual como recurso en el aula de lengua extranjera: revisión de la literatura y propuestas de intervención},
    author        = {Bobadilla-Pérez, María and Carballo de Santiago, Ramón Jesús},
    year          = {2022},
    month         = {1},
    journal       = {Porta Linguarum Revista Interuniversitaria de Didáctica de las Lenguas Extranjeras},
    pages         = {81–96},
    doi           = {10.30827/portalin.vi.22307},
    url           = {https://revistaseug.ugr.es/index.php/portalin/article/view/22307},
    place         = {Granada, Spain},
}

@article{talavan2022audiovisual,
    title         = {Audiovisual Translation as a Didactic Resource in Foreign Language Education. A Methodological Proposal},
    author        = {Talaván, Noa and Lertola, Jennifer},
    year          = {2022},
    journal       = {Encuentro Journal},
    volume        = {30},
    pages         = {23--39},
}

@article{fernandez-costales2023tradilex,
    title         = {Didactic audiovisual translation in language teaching: Results from TRADILEX},
    author        = {Fernández-Costales, Alberto and Talaván, Noa and Tinedo, Antonio Jesús},
    year          = {2023},
    journal       = {Comunicar},
    volume        = {77},
    pages         = {21--32},
    doi           = {10.3916/c77-2023-02},
    subtitle      = {Traducción audiovisual didáctica en enseñanza de lenguas: Resultados del proyecto TRADILEX},
}

@article{rodríguez-Arancón2023,
    title         = {Developing L2 Intercultural Competence in an Online Context through Didactic Audiovisual Translation},
    author        = {Rodríguez-Arancón, Pilar},
    year          = {2023},
    journal       = {Languages},
    volume        = {8},
    number        = {3},
    doi           = {10.3390/languages8030160},
    issn          = {2226-471x},
    url           = {https://www.mdpi.com/2226-471X/8/3/160},
    article-number = {160},
}

@book{talavan2023didactic,
    title         = {Didactic Audiovisual Translation and Foreign Language Education},
    author        = {Talaván, Noa and Lertola, Jennifer and Fernández-Costales, Alberto},
    year          = {2023},
    publisher     = {Routledge},
    address       = {Oxford},
}

@article{talavan2024,
    title         = {Subtitling short films to improve writing and translation skills},
    author        = {Talaván, Noa and Rodríguez-Arancón, Pilar},
    year          = {2024},
    journal       = {Revista Española de Lingüística Aplicada/Spanish Journal of Applied Linguistics},
    publisher     = {John Benjamins},
    volume        = {37},
    number        = {1},
    pages         = {57--82},
    doi           = {https://doi.org/10.1075/resla.21032.tal},
    url           = {https://www.jbe-platform.com/content/journals/10.1075/resla.21032.tal},
}
