@incollection{mogorronHuerta2012,
    title         = {Explotación informática de una base de datos multilingüe de unidades fraseológicas},
    author        = {Mogorrón Huerta, P.},
    year          = {2012},
    booktitle     = {Unidades fraseológicas y TIC},
    publisher     = {Instituto Cervantes},
    editor        = {María Isabel González Rey},
}

@incollection{sevillaMunoz2012,
    title         = {Utilización de recursos en línea en la enseñanza/aprendizaje de traducción de unidades fraseológicas},
    author        = {Sevilla Muñoz, M.},
    year          = {2012},
    booktitle     = {Unidades fraseológicas y TIC},
    publisher     = {Instituto Cervantes},
    editor        = {María Isabel González Rey},
}

@incollection{corpas2013,
    title         = {Detección, descripción y contraste de las unidades fraseológicas mediante tecnologías lingüísticas},
    author        = {Corpas Pastor, G.},
    year          = {2013},
    booktitle     = {Fraseopragmática},
    pages         = {335--374},
    editor        = {Inés Olza Moreno and Elvira Manero Richard},
}

@incollection{CifuentesFerez2015,
    title         = {Herramientas en línea para la traducción de {UF}:},
    author        = {Cifuentes-Férez, P.},
    year          = {2015},
    booktitle     = {Enfoques actuales para la traducción fraseológica y paremiológica: ámbitos, recursos y modalidades},
    publisher     = {Centro Virtual Cervantes},
    pages         = {97--110},
    subtitle      = {diccionarios monolingües y bilingües},
    editor        = {Germán Conde Tarrío and Pedro Mogorrón Huerta and David Prieto García-Seco},
}

@article{olallaSoler2015,
    title         = {Traducción y tecnología:},
    author        = {Olalla-Soler, C. and Vert Bolaños, O.},
    year          = {2015},
    journal       = {Tradumàtica},
    number        = {13},
    pages         = {623--641},
    subtitle      = {herramientas del proceso traductor como actividad profesional. El punto de vista de los estudiantes},
}

@phdthesis{sarachoArnaiz2015,
    title         = {La fraseología del español},
    author        = {Marta Saracho Arnáiz},
    year          = {2015},
    address       = {Santiago de Compostela},
    subtitle      = {Una propuesta de didactización para la clase de ELE basada en los somatismos},
    school        = {Departamento de Lengua Española, Facultad de Filología, Universidad de Santiago de Compostela},
    type          = {Doctoral dissertation},
}

@inproceedings{gutierrezArtacho2016,
    title         = {Incorporación de las nuevas tecnologías de la innovación y un modelo didáctico adaptado a la formación en Traducción e Interpretación},
    author        = {Gutiérrez Artacho, J. and Olvera Lobo, M. D. and Hunt Gómez, C. I.},
    year          = {2016},
    booktitle     = {III Congreso Internacional Virtual innovación pedagógica y praxis educativa: {INNOVAGOGÍA} 2016},
    pages         = {1030--1039},
    editor        = {Eloy López Meneses and David Cobos Sanchiz and Antonio Hilario Martín Padilla and Laura Molina García and Alicia Jaén Martínez},
}

@incollection{fantinuoli2017a,
    title         = {Computer-assisted interpreting:},
    author        = {Fantinuoli, C.},
    year          = {2017},
    booktitle     = {Trends in E-tools and resources for translators and interpreters},
    pages         = {153--174},
    subtitle      = {Challenges and future perspectives},
}

@article{fantinuoli2017b,
    title         = {Computer-assisted preparation in conference interpreting},
    author        = {Fantinuoli, C.},
    year          = {2017},
    journal       = {Translation \& Interpreting: The International Journal of Translation and Interpreting Research},
    volume        = {9},
    number        = {2},
    pages         = {24--37},
}

@article{piccioni2017,
    title         = {Competencia traductora y recursos informáticos},
    author        = {Piccioni, S. and Pontrandolfo, G.},
    year          = {2017},
    journal       = {Revista de Lingüística y Lenguas Aplicadas},
    volume        = {12},
    pages         = {87--101},
    subtitle      = {Por qué las tecnologías no sustituyen la formación en traducción},
}

@article{mellinger2019,
    title         = {Tecnologías de interpretación asistida por ordenador y cognición de intérpretes: una perspectiva orientada hacia el producto y el proceso},
    author        = {Mellinger, Christopher D.},
    year          = {2019},
    journal       = {Revista Tradumàtica: tecnologies de la traducció},
    number        = {17},
    pages         = {33--44},
}

@article{mezcua2019,
    title         = {Competencia digital y TICs en interpretación:},
    author        = {Mezcua, A. R.},
    year          = {2019},
    journal       = {Edmetic},
    volume        = {8},
    number        = {1},
    pages         = {55--71},
    subtitle      = {{\guillemotleft}renovarse o morir{\guillemotright}},
}

@article{alotaibi2020,
    title         = {Computer-Assisted Translation Tools},
    author        = {Alotaibi, Hind M.},
    year          = {2020},
    journal       = {Applied Sciences},
    volume        = {10},
    number        = {18},
    pages         = {62--95},
    subtitle      = {An Evaluation of Their Usability among Arab Translators},
}

@article{corpasPastor2020,
    title         = {Language Technology for Interpreters:},
    author        = {Corpas Pastor, G.},
    year          = {2020},
    journal       = {Translating and the Computer},
    volume        = {42},
    pages         = {36--48},
    subtitle      = {the {VIP} project},
}

@article{gabarrónperez2020,
    title         = {Tecnología para la Enseñanza y el Aprendizaje de Lenguas Extranjeras:},
    author        = {Gabarrón Pérez, Ángel and Pino Rodríguez, Ana María and Salvadores Merino, Carlos and Trujillo Sáez, Fernando},
    year          = {2020},
    journal       = {Pragmalingüística},
    volume        = {28},
    pages         = {238--254},
    subtitle      = {La Enseñanza de Lenguas Asistida por Ordenador. Pasado, presente y futuro},
}

@incollection{kim2020,
    title         = {The Analysis on Commercial and Open Source Software Speech Recognition Technology},
    author        = {Kim, Jong-Bae and Kweon, Hye-Jeong},
    year          = {2020},
    booktitle     = {Computational Science/Intelligence and Applied Informatics},
    pages         = {1--15},
    editor        = {Lee, Roger},
}

@incollection{novozhilova2020,
    title         = {{SMART} Technologies in Translation:},
    author        = {Novozhilova, A. A. and Korolkova, S. A. and Mityagina, V. A. and Naumova, A. P.},
    year          = {2020},
    booktitle     = {``{Smart} Technologies'' for Society, State and Economy},
    publisher     = {Springer International Publishing},
    address       = {Cham},
    pages         = {228--237},
    editor        = {Popkova, E. G. and Sergi, B. S.},
    subtitle      = {Globalization as a Factor of Progress},
}

@article{perez2020,
    title         = {Tecnología para la Enseñanza y el Aprendizaje de Lenguas Extranjeras},
    author        = {Pérez, Á. G. and Rodríguez, A. M. P. and Merino, C. S. and Sáez, F. T.},
    year          = {2020},
    journal       = {Pragmalingüística},
    number        = {28},
    pages         = {238--254},
    subtitle      = {La Enseñanza de Lenguas Asistida por Ordenador. Pasado, presente y futuro},
}

@article{alcaidemartinez2021,
    title         = {Crítica de {Postigo Pinazo} (2020):},
    author        = {Alcaide Martínez, M.},
    year          = {2021},
    journal       = {Babel},
    publisher     = {John Benjamins},
    volume        = {67},
    number        = {2},
    pages         = {245--248},
    doi           = {10.1075/babel.00216.mar},
    issn          = {0521-9744},
    url           = {https://www.jbe-platform.com/content/journals/10.1075/babel.00216.mar},
    subtitle      = {La interpretación en un mundo cambiante: nuevos escenarios, tecnologías, retos formativos y grupos vulnerables},
}

@incollection{corpaspastorgaber2021,
    title         = {Extracción de fraseología para intérpretes a partir de corpus comparables compilados mediante reconocimiento automático del habla},
    author        = {Corpas Pastor, G. and Gaber, M.},
    year          = {2021},
    booktitle     = {Sistemas fraseológicos en contraste: enfoques computacionales y de corpus},
    pages         = {271--289},
    editor        = {Corpas Pastor, Gloria and Bautista Zambrana, María Rosario and Hidalgo Ternero, Carlos Manuel},
}

@article{defrancqfantinuoli2021,
    title         = {Automatic speech recognition in the booth:},
    author        = {Defrancq, B. and Fantinuoli, C.},
    year          = {2021},
    journal       = {Target},
    volume        = {33},
    number        = {1},
    pages         = {73--102},
    subtitle      = {Assessment of system performance, interpreters’ performances and interactions in the context of numbers},
}

@article{koponen2021,
    title         = {Introduction to the {Dossier} {Issue} {Studying} human-computer interaction in translation and interpreting:},
    author        = {Koponen, M. and Nunes Vieira, L. and Spinol, N.},
    year          = {2021},
    journal       = {Tradumàtica},
    number        = {19},
    pages         = {66--74},
    subtitle      = {software and applications},
}

@article{li2021,
    title         = {A Comparative Analysis of Korean and Chinese Studies on the Technological Turn in Interpreting},
    author        = {Li, C. A.},
    year          = {2021},
    journal       = {The Journal of Translation Studies},
    volume        = {22},
    number        = {3},
    pages         = {221--253},
}

@article{tao2021end,
    title         = {End-to-End Audiovisual Speech Recognition System With Multitask Learning},
    author        = {F. Tao and C. Busso},
    year          = {2021},
    journal       = {IEEE Transactions on Multimedia},
    volume        = {23},
    pages         = {1--11},
    doi           = {10.1109/tmm.2020.2975922},
}

@incollection{corpasPastor2022,
    title         = {Interpreting Tomorrow? How to Build a Computer-Assisted Glossary of Phraseological Units},
    author        = {Corpas Pastor, Gloria},
    year          = {2022},
    booktitle     = {Computational and Corpus-Based Phraseology},
    publisher     = {Springer International Publishing},
    address       = {Cham},
    pages         = {62--77},
    isbn          = {978-3-031-15925-1},
    editor        = {Corpas Pastor, Gloria and Mitkov, Ruslan},
    subtitle      = {in (Almost) No Time},
}

@book{rockwell2022,
    title         = {Hermeneutica},
    author        = {Rockwell, G. and Sinclair, S.},
    year          = {2022},
    publisher     = {MIT Press},
    subtitle      = {Computer-assisted interpretation in the humanities},
}

@article{ramirezRodriguez2022,
    title         = {Fraseologismos en el aula de ELE},
    author        = {Ramírez Rodríguez, P.},
    year          = {2022},
    journal       = {Revista Tradumàtica: Traducció i Tecnologies de la Informació i la Comunicació},
    number        = {20},
    pages         = {77--95},
    subtitle      = {La problemática de la traducción automática},
}

@article{corpaspastorrubio2023,
    title         = {Fraseología computacional y de corpus aplicadas al español},
    author        = {Corpas Pastor, G. and Rubio, E. G.},
    year          = {2023},
    journal       = {Romanica Olomucensia},
    volume        = {1},
    pages         = {1--8},
}

@article{erbsen2023,
    title         = {Is all Russian news the same? Framing in Russian news media generated by the Yandex news algorithm for the United States, Estonia, and Russia},
    author        = {Heidi Erbsen and Siim Põldre},
    year          = {2023},
    journal       = {Journalism},
    volume        = {24},
    number        = {8},
    pages         = {1789--1816},
    doi           = {10.1177/14648849211069237},
}

@phdthesis{gaber2023a,
    title         = {Soluciones tecnológicas para intérpretes:},
    author        = {Gaber, M.},
    year          = {2023},
    note          = {Technological solutions for interpreters: automatic speech recognition and remote interpreting},
    subtitle      = {reconocimiento automático del habla e interpretación remota},
    school        = {Universidad de Málaga},
}

@article{gaber2023b,
    title         = {Cómo dominar la fraseología y automatizar el proceso de documentación},
    author        = {Gaber, M.},
    year          = {2023},
    journal       = {Romanica Olomucensia},
    volume        = {35},
    number        = {1},
    pages         = {55--70},
    subtitle      = {una solución tecnológica para la formación de intérpretes en la combinación español<> árabe},
}

@article{guo2023,
    title         = {Computer-Assisted Interpreting Tools:},
    author        = {Guo, M. and Han, L. and Anacleto, M. T.},
    year          = {2023},
    journal       = {Theory and Practice in Language Studies},
    volume        = {13},
    number        = {1},
    pages         = {89--99},
    subtitle      = {Status Quo and Future Trends},
}

@article{jibreel2023,
    title         = {Online Machine Translation Efficiency in Translating Fixed Expressions Between English and Arabic:},
    author        = {Jibreel, I.},
    year          = {2023},
    journal       = {Theory and Practice in Language Studies},
    volume        = {13},
    number        = {5},
    pages         = {1148--1158},
    subtitle      = {Proverbs as a Case-in-Point},
}

@article{ramirezRodriguez2023,
    title         = {La fraseología a partir de las TIC},
    author        = {Ramírez Rodríguez, P.},
    year          = {2023},
    journal       = {Archivum: Revista de la Facultad de Filosofía y Letras},
    number        = {73},
    pages         = {359--384},
    subtitle      = {Propuesta metodológica en el aula de RLE},
}

@article{shadievLiu2023,
    title         = {Review of research on applications of speech recognition technology to assist language learning},
    author        = {Shadiev, R. and Liu, J.},
    year          = {2023},
    journal       = {ReCALL},
    volume        = {35},
    number        = {1},
    pages         = {74--88},
}

@article{ortigoza2024,
    title         = {Desentrañando el lenguaje},
    author        = {Ortigoza, M. S. and Morillo-Montoya, R. and Monpué, G.},
    year          = {2024},
    journal       = {Revista Científica Saperes Universitas},
    volume        = {7},
    number        = {1},
    pages         = {30--47},
    subtitle      = {impacto de la PNL en la era de la inteligencia artificial},
}

@article{ramirezRodriguez2024,
    title         = {La TAV como recurso didáctico digital},
    author        = {Ramírez Rodríguez, P.},
    year          = {2024},
    journal       = {Transfer: Revista electrónica sobre Estudios de Traducción e Interculturalidad / e-Journal on Translation and Intercultural Studies},
    volume        = {19},
    number        = {1-2},
    pages         = {112--138},
    subtitle      = {El caso de las paremias en ruso},
}

@article{valeroGarces2024,
    title         = {Análisis de aperturas en interpretación telefónica: estudio de caso},
    author        = {Valero-Garcés, C.},
    year          = {2024},
    journal       = {Cadernos de Tradução},
    volume        = {44},
    pages         = {1--19},
}
