
@article{anderson_design-based_2012,
	title = {Design-{Based} {Research}:{A} {Decade} of {Progress} in {Education} {Research}?},
	volume = {41},
	issn = {0013-189X},
	shorttitle = {Design-{Based} {Research}},
	url = {https://www.jstor.org/stable/41413081},
	number = {1},
	urldate = {2023-11-23},
	journal = {Educational Researcher},
	author = {Anderson, Terry and Shattuck, Julie},
	year = {2012},
	pages = {16--25},
}

@book{bernstein_pedagogy_2000,
	address = {Boston},
	title = {Pedagogy, {Simbolic} {Control}, and {Identity}: theory, research, critique},
	publisher = {Rowman Littlefield Publishers},
	author = {Bernstein, Basil},
	year = {2000},
}

@misc{brasil_chamada_2019,
	title = {Chamada {Pública} {MCTIC}/{CNPq} {Nº} 05/2019 – {Programa} {Ciência} na {Escola}},
	publisher = {Brasília},
	author = {{Brasil}},
	year = {2019},
}

@phdthesis{antonella_recontextualizacao_2023,
	address = {Araguaína},
	type = {Doutorado ({Doutorado} em {Linguística} e {Literatura})},
	title = {Recontextualização conceitual e terminológica de categorias do sistema de transitividade para a abordagem da educação científica},
	school = {Universidade Federal do Norte do Tocantins},
	author = {Antonella, Kiahra},
	year = {2024},
}

@book{berry_terminology_2010,
	address = {Bern ; New York},
	series = {Linguistic insights: studies in language and communication},
	title = {Terminology in {English} language teaching: nature and use},
	isbn = {9783034300131},
	shorttitle = {Terminology in {English} language teaching},
	number = {v. 93},
	publisher = {Peter Lang},
	author = {Berry, Roger},
	year = {2010},
	keywords = {English language, Study and teaching, Vocabulary, Study and teaching},
}

@book{eggins_introduction_2004,
	address = {London},
	title = {An {Introduction} to {Systemic} {Functional} {Linguistics}},
	publisher = {Continuum},
	author = {Eggins, Suzanne},
	year = {2004},
}

@article{franchi_criatividade_1987,
	title = {Criatividade e gramática},
	volume = {9},
	copyright = {Copyright (c) 2019 Trabalhos em Linguística Aplicada},
	issn = {2175-764X},
	url = {https://periodicos.sbu.unicamp.br/ojs/index.php/tla/article/view/8639037},
	number = {1},
	urldate = {2023-11-23},
	journal = {Trabalhos em Linguística Aplicada},
	author = {Franchi, Carlos},
	year = {1987},
	pages = {5--45},
}

@article{freitas_educacao_2022,
	title = {Educação científica do professor em formação inicial: uma experiência a partir da curricularização da prática},
	volume = {9},
	issn = {2359-0041},
	url = {https://periodicos.unemat.br/index.php/relva/article/view/10683},
	doi = {10.30681/relva.v9i2.10683},
	number = {2},
	journal = {Revista de Educação do Vale do Arinos - RELVA},
	author = {Freitas, Mirella de Oliveira},
	month = dec,
	year = {2022},
	pages = {78--96},
}

@article{gee_bons_2009,
	title = {Bons videogames e boa aprendizagem},
	volume = {27},
	issn = {0102-5473},
	url = {http://educa.fcc.org.br/scielo.php?script=sci_abstract&pid=S0102-54732009000100009&lng=pt&nrm=iso&tlng=pt},
	number = {01},
	urldate = {2023-11-23},
	journal = {Perspectiva},
	author = {Gee, James Paul},
	month = jul,
	year = {2009},
	pages = {167--178},
}

@book{halliday_hallidays_2014,
	address = {London},
	title = {Halliday’s {Introduction} to {Functional} {Grammar}},
	publisher = {Routledge},
	author = {Halliday, Michael Alexander K. and Matthiessen, Christian Matthias I. M.},
	year = {2014},
}

@incollection{halliday_grammar_2000,
	address = {Amersterdam},
	title = {Grammar and daily life: cocurrence and complementarity},
	booktitle = {Functional approaches to language, culture and cognition: papers in honor of {Sydney} {M}. {Lamb}},
	publisher = {John Benjamins Publishing Company},
	author = {Halliday, Michael Alexander K.},
	editor = {Lockwood, David G. and Fries, Peter H. and Copeland James, E.},
	year = {2000},
	pages = {221--237},
}

@incollection{hasan_literacy_1996,
	address = {London},
	title = {Literacy, every talk and society},
	booktitle = {Literacy in {Society}},
	publisher = {Longman},
	author = {Hasan, Ruqaiya},
	editor = {Hasan, Ruqaiya and Williams, Geoff},
	year = {1996},
	pages = {376--424},
}

@article{magalhaes_formacao_2023,
	title = {Formação docente na perspectiva do letramento científico: práticas com artigos, notícias de divulgação científica e podcasts},
	volume = {1},
	copyright = {Creative Commons Attribution 4.0 International, Open Access},
	issn = {2358-5870},
	url = {https://zenodo.org/record/8021665},
	doi = {10.5281/ZENODO.8021665},
	urldate = {2023-11-23},
	journal = {23},
	author = {Magalhães, Tânia Guedes},
	month = jun,
	year = {2023},
	keywords = {Letramento Científico, Formação de Professores,, Ensino de Língua Portuguesa, Gêneros textuais},
	pages = {82--102},
}

@incollection{mendonca_alise_2006,
	address = { São Paulo},
	title = {Análise linguística no ensino médio:  um novo olhar, um outro objeto},
	booktitle = {Português no ensino médio e formação do professor},
	publisher = {Parábola Editorial},
	author = {Mendonça, Márcia},
	editor = {Bunzen, Clécio and Mendonça, Márcia and Kleiman, Angela},
	year = {2006},
}

@book{prensky_aprendizagem_2012,
	address = {São Paulo},
	title = {Aprendizagem baseada em jogos digitais},
	publisher = {Editora Senac},
	author = {Prensky, Marc},
	year = {2012},
}

@book{preti_discurso_1999,
	address = {São Paulo},
	series = {Projetos paralelos},
	title = {Discurso oral culto},
	isbn = {9788598292649},
	language = {por},
	number = {2},
	publisher = {Universidade de São Paulo},
	author = {Preti, Dino},
	year = {1999},
}

@phdthesis{ribeiro_producao_2021,
	address = {Porto Nacional},
	type = {Dissertação de {Mestrado} ({Mestrado} em {Letras})},
	title = {Produção de jogos didáticos digitais para conscientização gramatical: aspectos dinâmicos e protocolo de atuação},
	school = {Universidade Federal do Tocantins},
	author = {Ribeiro, Michael A.},
	year = {2021},
}

@article{ribeiro_professores_2021,
	title = {Professores como protagonistas na produção de jogo: aspectos dinâmicos e protocolo de atuação},
	volume = {52},
	copyright = {Copyright (c) 2021 Revista da Anpoll},
	issn = {1982-7830},
	shorttitle = {Professores como protagonistas na produção de jogo},
	url = {https://revistadaanpoll.emnuvens.com.br/revista/article/view/1537},
	doi = {10.18309/ranpoll.v52i2.1537},
	number = {2},
	urldate = {2023-11-23},
	journal = {Revista da Anpoll},
	author = {Ribeiro, Michael Araujo and Silva, Wagner Rodrigues},
	month = nov,
	year = {2021},
	keywords = {Educação Científica, Material Didático, Gramática, Formação de Professor},
	pages = {62--89},
}

@article{santos_construcao_2021,
	address = {Palmas},
	journal = {Relatório {Final} de {Iniciação} {Científica}},
	title = {Construção de saberes para estudo da gramática em projeto colaborativo com escola e universidade},
	publisher = {Universidade Federal do Tocantins},
    address={Palmas},
	author = {Santos, Susanna},
	year = {2021},
}

@article{santos_educacao_2007,
	title = {Educação científica na perspectiva de letramento como prática social: funções, princípios e desafios},
	volume = {12},
	issn = {1413-2478},
	shorttitle = {Educação científica na perspectiva de letramento como prática social},
	url = {http://www.scielo.br/scielo.php?script=sci_arttext&pid=S1413-24782007000300007&lng=pt&tlng=pt},
	doi = {10.1590/S1413-24782007000300007},
	number = {36},
	urldate = {2023-11-23},
	journal = {Revista Brasileira de Educação},
	author = {Santos, Wildson Luiz Pereira dos},
	month = dec,
	year = {2007},
	pages = {474--492},
}

@incollection{signorini_apresentacao_2007,
	address = {Campinas},
	title = {Apresentação},
	booktitle = {Significados da inovação no ensino de {Língua} {Portuguesa} e na formação de professores},
	publisher = {Mercado de Letras},
	author = {Signorini, Inês},
	editor = {Signorini, Inês},
	year = {2007},
	pages = {7--15},
}

@book{silva_estudo_2011,
	address = {Maringá},
	title = {Estudo da gramática no texto: demandas para o ensino e a formação do professor de língua materna},
	publisher = {Eduem},
	author = {Silva, Wagner R.},
	year = {2011},
}


@article{silva_letramento_2016,
	title = {Letramento científico na formação inicial do professor},
	volume = {6},
	number = {especial},
	journal = {Práticas de Linguagem},
	author = {Silva, Wagner R.},
	year = {2016},
	pages = {8--23},
}

@article{silva_educacao_2020a,
	title = {Educação científica como estratégia pedagógica e investigativa de resistência},
	volume = {59},
	issn = {2175-764X},
	url = {http://www.scielo.br/scielo.php?script=sci_arttext&pid=S0103-18132020000302278&tlng=pt},
	doi = {10.1590/01031813829221620201106},
	number = {3},
	urldate = {2023-11-23},
	journal = {Trabalhos em Linguística Aplicada},
	author = {Silva, Wagner R.},
	pages = {2278--2308},
	year = {2020}
}

@article{silva_educacao_2020b,
	title = {Conveniência da ciência na política brasileira de alfabetização},
	volume = {15},
	issn = {1980-0614, 1980-0614},
	url = {https://revistas.ufpr.br/revistax/article/view/76142},
	doi = {10.5380/rvx.v15i4.76142},
	number = {4},
	urldate = {2023-11-23},
	journal = {Revista X},
	author = {Silva, Wagner R.},
	pages = {60},
	year = {2020}
}

@incollection{silva_letramento_2021,
	address = {Campinas},
	title = {Letramento ou literacia: ameaças da cientificidade},
	booktitle = {Contribuições sociais da {Linguística} {Aplicada}: uma homenagem a {Inês} {Signorini}},
	publisher = {Pontes Editores},
	author = {Silva, Wagner R.},
	editor = {Silva, Wagner R.},
	year = {2021},
	pages = {111--162},
}

@article{silva_construcao_2021,
	title = {Construção de imagens pela gramática: uma proposta de jogo},
	volume = {17},
	issn = {2238-975X, 1808-835X},
	shorttitle = {Construção de imagens pela gramática},
	url = {https://revistas.ufrj.br/index.php/rl/article/view/42659},
	doi = {10.31513/linguistica.2021.v17n2a42659},
	number = {2},
	urldate = {2023-11-23},
	journal = {Revista Linguíʃtica},
	author = {Silva, Wagner R. and Ferreira, Roseane and Guimarães, Elton Vieira and Mendes, Jaquelene and Antonella, Kiahra and Fidelis, Andreia Cristina},
	month = jun,
	year = {2021},
	pages = {84--107},
}

@article{silva_educacao_2023,
	title = {{EDUCAÇÃO} {CIENTÍFICA} {NA} {LINGUÍSTICA} {APLICADA}: {CONTRIBUIÇÕES} {PARA} {O} {ENSINO} {BÁSICO}},
	volume = {62},
	issn = {2175-764X},
	shorttitle = {Educação científica na linguística aplicada: contribuições para o ensino básico},
	url = {http://www.scielo.br/scielo.php?script=sci_arttext&pid=S0103-18132023000100158&tlng=pt},
	doi = {10.1590/010318138671566v6212023},
	number = {1},
	urldate = {2023-11-23},
	journal = {Trabalhos em Linguística Aplicada},
	author = {Silva, Wagner R. and Mendes, Jaquelene},
	month = jan,
	year = {2023},
	pages = {158--177},
}

@article{silva_desafios_2023,
	title = {Desafios do trabalho colaborativo num projeto interdisciplinar de pesquisa científica},
	volume = {23},
	copyright = {Creative Commons Attribution 4.0 International, Open Access},
	url = {https://zenodo.org/record/8021677},
	doi = {10.5281/ZENODO.8021677},
	number = {1},
	urldate = {2023-11-23},
	journal = {Leia Escola},
	author = {Silva, Wagner R. and Santos, Susanna Soares and Antonella, Kiahra},
	month = jun,
	year = {2023},
	keywords = {Ensino de Língua,, Material didático, Interação},
	pages = {103--127},
}

@article{silva_construcao_2019,
	title = {Construção paradigmática do ensino de português como língua materna},
	volume = {1},
	issn = {1982-6850, 1982-6850},
	url = {https://periodicos.ufpe.br/revistas/EUTOMIA/article/view/240212},
	doi = {10.51359/1982-6850.2019.240212},
	number = {23},
	urldate = {2023-11-23},
	journal = {Eutomia},
	author = {Silva, Wagner Rodrigues and Silveira, Raimunda Araújo Da and Reis, Aylizara Pinheiro Dos},
	month = nov,
	year = {2019},
	pages = {108},
}

@book{soares_alfabetizacao_2003,
	address = {São Paulo},
	title = {Alfabetização e letramento},
	publisher = {Editora Contexto},
	author = {Soares, Magda},
	year = {2003},
}

@book{vigotski_construco_2001,
	address = {São Paulo},
	title = {A construção do pensamento e da linguagem},
	isbn = {9788533613614},
	publisher = {Martins Fontes},
	author = {Vigotski, Lev S.},
	translator = {Bezerra, Paulo},
	year = {2001},
}
