@article{arroyo-almaraz2018,
	title = {La eficacia en la comunicación de las {ONGD}. {El} uso de {Facebook} en campañas de emergencia},
	url = {http://www.revistalatinacs.org/073paper/1281/40es.html},
	doi = {10.4185/RLCS-2018-1281},
	number = {73},
	urldate = {2021-07-21},
	journal = {Revista Latina de Comunicación Social},
	author = {Arroyo-Almaraz, I and Calle Mendoza, S and Van Wyk, C},
	year = {2018},
	pages = {765-789},
}
@article{cameronetal2013,
	title = {Social {Media} and {Organ} {Donor} {Registration}: {The} {Facebook} {Effect}: {Facebook} {Organ} {Donor} {Initiative}},
	volume = {13},
	url = {https://onlinelibrary.wiley.com/doi/10.1111/ajt.12312},
	doi = {10.1111/ajt.12312},
	number = {8},
	urldate = {2021-07-21},
	journal = {American Journal of Transplantation},
	author = {Cameron, A. M. and Massie, A. B. and Alexander, C. E. and Stewart, B. and Montgomery, R. A. and Benavides, N. R. and Fleming, G. D. and Segev, D. L.},
	month = aug,
	year = {2013},
	pages = {2059-2065},
}
@article{cameron2015,
	title = {Social {Media} and {Organ} {Donation}: {The} {Facebook} {Effect}},
	volume = {36},
	url = {http://www.tandfonline.com/doi/full/10.1080/01947648.2015.1049916},
	doi = {10.1080/01947648.2015.1049916},
	number = {1},
	urldate = {2021-07-21},
	journal = {Journal of Legal Medicine},
	author = {Cameron, Andrew M.},
	month = jan,
	year = {2015},
	pages = {39-44},
}
@online{castells2002,
	title = {Internet y la sociedad red},
	url = {https://www.uoc.edu/web/cat/articles/castells/castellsmain2.html},
	urldate = {2021-07-21},
	journal = {Portal de la Universidad Oberta de Catalunya},
	author = {Castells, Manuel},
	year = {2002},
}
@article{conejero2014,
	title = {Valor público: {Una} aproximación conceptual},
	number = {3},
	journal = {3 ciencias },
	author = {Conejero, Enrique},
	year = {2014},
	pages = {30-41},
}
@article{de_alba2004,
	title = {El {Método} {ALCESTE} y su {Aplicación} als {Estudio} de las {Representaciones} {Sociales} del {Espacio} {Urbano}: {El} {Caso} de la {Ciudad} de {México} },
	volume = {13},
	url = {https://psr.iscte-iul.pt/index.php/PSR/article/view/357},
	urldate = {2021-07-21},
	journal = {Papers on Social Representations},
	author = {De Alba, Martha},
	year = {2004},
	pages = {1.1--1.20},
}
@article{dos_santos2019,
	title = {Knowledge, attitudes and beliefs towards organ donation and transplantation in social media networks},
	journal = {AXIOMA},
	author = {Dos Santos, Sueny and Fernández, María José and Vallejo, Javier},
	year = {2019},
	pages = {18-24},
}
@article{dos_santos2020,
	title = {Promoting organ donation on the {Twitter} platform: an exploratory analysis in {Ecuador}},
	number = {33},
	journal = {Revista Ibérica de Sistemas e Tecnologias de Informação},
	author = {Dos Santos, Sueny and Cevallos Martínez, Gabriel Francisco},
	year = {2020},
	pages = {351-360},
}
@online{diccionario2015,
	title = {¿{Qué} es el engagement?. },
	journal = {DICCIONARIO DE MARKETING DIGITAL},
	author = {Cyberclick},
	url = {https://www.cyberclick.es/numerical-blog/para-que-sirve-y-que-es-el-engagement},
	urldate = {2021-07-30},
	year = {2015},
}
@online{elcomercio2020,
	title = {¿{Cuáles} son las redes sociales preferidas por los ecuatorianos?},
	url = {https://www.elcomercio.com/tendencias/redes-sociales-preferidas-ecuador-tecnologia.html},
	urldate = {2021-07-21},
	journal = {El Comercio},
	author = {Rodriguez, Andrea},
	year = {2020},
}
@misc{godt,
	title = {{GODT} {Global} {Observatory} on {Donation} and {Transplantation}},
	url = {http://www.transplant-observatory.org/},
	urldate = {2020-11-06},
	journal = {GODT},
	author = {{GODT}},
	year = {2016}
}
@misc{greenemeier2012,
	title = {Insides {Trading}: {What} {Impact} {Will} {Facebook} {Have} on {Organ} {Donations}?},
	url = {https://www.scientificamerican.com/article/facebook-organ-donation/},
	urldate = {2021-01-18},
	journal = {Scientific American},
	author = {Greenemeier, Larry},
	month = may,
	year = {2012},
}
@article{henderson2017,
	title = {Social media and organ donation: {Ethically} navigating the next frontier},
	volume = {17},
	doi = {10.1111/ajt.14444},
	number = {11},
	journal = {American Journal of Transplantation},
	author = {Henderson, M. L. and Clayville, K. A. and Fisher, J. S. and Kuntz, K. K. and Mysel, H. and Purnell, T. S. and Schaffer, R. L. and Sherman, L. A. and Willock, E. P. and Gordon, E. J.},
	month = nov,
	year = {2017},
	pages = {2803-2809},
}
@article{mallen2013,
	title = {Participación en {Facebook}:accesibilidad, compromiso y empoderamiento},
	copyright = {Derechos de autor 2019 Versión: Estudios de Comunicación},
	url = {https://versionojs.xoc.uam.mx/index.php/version/article/view/551},
	number = {31},
	urldate = {2021-07-21},
	journal = {Versión. Estudios de Comunicación y Política},
	author = {Mallen, Jorge},
	month = mar,
	year = {2013},
	pages = {9-32},
}
@book{miller2017,
	address = {New York},
	title = {Building a storybrand: clarify your message so customers will listen},
	publisher = {HarperCollins Leadership, an imprint of HarperCollins},
	author = {Miller, Donald},
	year = {2017},
}
@article{morales_del_rio2019,
	title = {Uso de software lexical: una revisión comparativa},
	volume = {13},
	url = {https://riico.net/index.php/riico/article/view/1794},
	urldate = {2021-07-21},
	journal = {Repositorio de la Red Internacional de Investigadores en Competitividad},
	author = {Morales del Río, Cecilia},
	year = {2019},
	pages = {221-244},
}
@online{optn,
	url = {https://optn.transplant.hrsa.gov/},
	urldate = {2021-07-21},
	journal = {Organ Procurement and Transplantation Network},
	title = {Organ Procurement and Transplantation Network},
	author = {{Health Resources and Services Administration}},
	year = {2020}
}
@article{pedroza2019,
	title = {Donación de Órganos en  {Sur} {América} {Comportamiento} {Actual}},
	volume = {2},
	url = {http://45.238.216.13/ojs/index.php/RUCSALUD/article/view/1478},
	number = {3},
	urldate = {2021-07-22},
	journal = {UNIANDES Ciencias de la Salud},
	author = {Pedroza, Xiomara and Paredes Fernández, Verónica and Tenesaca Allaica, Janeth and López, Adriana and López Mayorga, Oscar and Ramos Acosta, Vanessa},
	year = {2019},
	pages = {240-264},
}
@misc{ruiz_bueno2016,
	address = {Barcelona},
	title = {Aproximaciones automáticas en el tratamiento de datos textuales},
	url = {http://diposit.ub.edu/dspace/bitstream/2445/68983/1/Tratamiento_Autom\%C3\%A1tico_Datos_textuales.pdf},
	urldate = {2021-07-22},
	author = {Ruiz Bueno, Antoni},
	year = {2016},
}
@article{salathe2011,
	title = {Assessing {Vaccination} {Sentiments} with {Online} {Social} {Media}: {Implications} for {Infectious} {Disease} {Dynamics} and {Control}},
	volume = {7},
	url = {https://dx.plos.org/10.1371/journal.pcbi.1002199},
	doi = {10.1371/journal.pcbi.1002199},
	number = {10},
	urldate = {2021-07-22},
	journal = {PLoS Computational Biology},
	author = {Salathé, Marcel and Khandelwal, Shashank},
	editor = {Meyers, Lauren Ancel},
	month = oct,
	year = {2011},
	pages = {e1002199},
}
@online{unos2017,
	title = {Data and {Transplant} {Statistics} {\textbar} {Organ} {Donation} {Data}},
	url = {https://unos.org/data/},
	urldate = {2020-11-06},
	journal = {UNOS},
	author = {{UNOS}},
	year = {2017},
}
@article{vandewater2011,
	title = {Media, {Social} {Networking}, and {Pediatric} {Obesity}},
	volume = {58},
	url = {https://linkinghub.elsevier.com/retrieve/pii/S0031395511001167},
	doi = {10.1016/j.pcl.2011.09.012},
	number = {6},
	urldate = {2021-07-22},
	journal = {Pediatric Clinics of North America},
	author = {Vandewater, Elizabeth A. and Denis, Laurence M.},
	month = dec,
	year = {2011},
	pages = {1509-1519},
}
@misc{molinaneira2017,
	address = {Barcelona},
	title = {Tutorial para el análisis de textos con el software IRAMUTEQ},
	school = {Universidad de Barcelona},
	author = {Molina Neira, Antoni},
	year = {2017},
}
@book{levy2010,
	address = {São Paulo (SP)},
	edition = {3ª edição},
	title = {Cibercultura},
	publisher = {Editora 34},
	author = {Lévy, Pierre},
	month = jan,
	year = {2010},
}
@article{luxton2012,
	title = {Social {Media} and {Suicide}: {A} {Public} {Health} {Perspective}},
	volume = {102},
	url = {http://ajph.aphapublications.org/doi/10.2105/AJPH.2011.300608},
	doi = {10.2105/AJPH.2011.300608},
	number = {S2},
	urldate = {2021-07-23},
	journal = {American Journal of Public Health},
	author = {Luxton, David D. and June, Jennifer D. and Fairall, Jonathan M.},
	month = may,
	year = {2012},
	pages = {S195--S200},
}
@article{maldonado2019,
	title = {El efecto de las {TIC} y redes sociales en estudiantes universitarios},
	volume = {22},
	url = {http://revistas.uned.es/index.php/ried/article/view/23178},
	doi = {10.5944/ried.22.2.23178},
	number = {2},
	urldate = {2021-07-23},
	journal = {RIED. Revista Iberoamericana de Educación a Distancia},
	author = {Maldonado, Guadalupe Aurora and García, Janet and Sampedro-Requena, Begoña Esther},
	month = jul,
	year = {2019},
	pages = {153-176},
}
@misc{indot2011,
	title = {Ley {Orgánica} de {Donación} y {Trasplante} de {Órganos}, {Tejidos} y {Células} {Publicas}},
	url = {http://www.donaciontrasplante.gob.ec/indot/wp-content/uploads/downloads/2013/11/ley_y_reglamento_a_la_ley_organica_de_donacion_y_trasplantes.pdf},
	urldate = {2021-07-23},
	author = {INDOT},
	month = mar,
	year = {2011},
	pages = {1-20},
}
%CISCO. Cisco Visual Networking Index ( VNI ) and VNI Service Adoption Cisco Visual Networking Index ( VNI ) Global service adoption and IP traffic growth. 2016
@online{cisco2016,
	title = {{Cisco Visual Networking Index (VNI) and VNI Service Adoption Cisco Visual Networking Index (VNI) Global service adoption and IP traffic growth}},
	author = {CISCO},
	url = {https://www.cisco.com/c/dam/global/ko_kr/assets/pdf/2016-VNI-Complete-Forecast-PT.pdf},
	urldate = {2021-07-30},
	year = {2016},
}

@online{inec2020,
	title = {Instituto {Nacional} de {Estadísticas} y {Censos}},
	url = {https://www.ecuadorencifras.gob.ec/proyecciones-poblacionales/},
	urldate = {2021-07-27},
	journal = {Instituto Nacional de Estadística y Censos},
	author = {{INEC}},
	year = {2020},
}
@online{inegi2020,
	title = { {Instituto} {Nacional} de {Estadística}, {Geografía} e {Informática}},
	url = {https://www.inegi.org.mx/temas/estructura/},
	urldate = {2021-07-27},
	journal = { Instituto Nacional de Estadística, Geografía e Informática},
	author = {{INEGI}},
	year = {2020},
}
@misc{shots2012,
	title = {The '{Facebook} {Effect}' {On} {Organ} {Donation}},
	url = {https://www.npr.org/sections/health-shots/2012/09/18/161358304/the-facebook-effect-on-organ-donation},
	urldate = {2021-07-27},
	journal = {NPR.org},
	author = {{SHOTS}},
	year = {2012},
}
