}
@article{bond2019,
	title = {Facilitating {Student} {Engagement} {Through} {Educational} {Technology}: {Towards} a {Conceptual} {Framework}},
	volume = {2019},
	url = {http://jime.open.ac.uk/articles/10.5334/jime.528/},
	doi = {10.5334/jime.528},
	number = {1},
	urldate = {2021-11-09},
	journal = {Journal of Interactive Media in Education},
	author = {Bond, Melissa and Bedenlier, Svenja},
	month = sep,
	year = {2019},
	pages = {1-14},
}
@article{botelho2002,
	title = {Literaturas branca e cinzenta: uma revisão conceitual},
	volume = {44},
	number = {3},
	journal = {Ciência da Informação},
	author = {Botelho, Rafael and Oliveira, Cristina},
	year = {2017},
	pages = {98-106},
}
@article{deng2020,
	title = {Learner engagement in {MOOCs}: {Scale} development and validation},
	volume = {51},
	url = {https://onlinelibrary.wiley.com/doi/10.1111/bjet.12810},
	doi = {10.1111/bjet.12810},
	number = {1},
	urldate = {2021-11-09},
	journal = {British Journal of Educational Technology},
	author = {Deng, Ruiqi and Benckendorff, Pierre and Gannaway, Deanne},
	month = jan,
	year = {2020},
	pages = {245--262},
}
@online{dimensions2021,
	title = {About {Dimensions}},
	url = {https://www.dimensions.ai/products/free/},
	urldate = {2021-06-30},
	journal = {Dimensions},
	author = {{Dimensions}},
	year = {2021},
}
@article{dixson2015,
	title = {Measuring {Student} {Engagement} in the {Online} {Course}: {The} {Online} {Student} {Engagement} {Scale} ({OSE})},
	volume = {19},
	url = {https://olj.onlinelearningconsortium.org/index.php/olj/article/view/561},
	doi = {10.24059/olj.v19i4.561},
	number = {4},
	urldate = {2021-11-09},
	journal = {Online Learning},
	author = {Dixson, Marcia D.},
	month = jul,
	year = {2015},
}
@article{ergun2020,
	title = {Exploring the {Predictive} {Role} of {E}-{Learning} {Readiness} and {E}-{Learning} {Style} on {Student} {Engagement}},
	volume = {12},
	url = {https://openpraxis.org/index.php/OpenPraxis/article/view/1072},
	doi = {10.5944/openpraxis.12.2.1072},
	number = {2},
	urldate = {2021-11-09},
	journal = {Open Praxis},
	author = {Ergün, Esin and Kurnaz Adibatmaz, Fatma Betül},
	month = jun,
	year = {2020},
	pages = {175},
}
@article{heidari2021,
	title = {The role of digital informal learning in the relationship between students’ digital competence and academic engagement during the COVID--19 pandemic},
	volume = {37},
	url = {https://onlinelibrary.wiley.com/doi/10.1111/jcal.12553},
	doi = {10.1111/jcal.12553},
	number = {4},
	urldate = {2021-11-09},
	journal = {Journal of Computer Assisted Learning},
	author = {Heidari, Elham and Mehrvarz, Mahboobe and Marzooghi, Rahmatallah and Stoyanov, Slavi},
	month = aug,
	year = {2021},
	pages = {1154--1166},
}
@book{horn2015,
	address = {Porto Alegre},
	title = {Blended: usando a inovação disruptiva para aprimorar a educação},
	publisher = {Penso},
	author = {Horn, Michael and Staker, Heather},
	translator = {{Maria Cristina Gularte Monteiro}},
	year = {2015},
}
@article{hu2012,
	title = {Examining the role of learning engagement in technology-mediated learning and its effects on learning effectiveness and satisfaction},
	volume = {53},
	url = {https://linkinghub.elsevier.com/retrieve/pii/S016792361200125X},
	doi = {10.1016/j.dss.2012.05.014},
	number = {4},
	urldate = {2021-11-09},
	journal = {Decision Support Systems},
	author = {Hu, Paul Jen-Hwa and Hui, Wendy},
	month = nov,
	year = {2012},
	pages = {782--792},
}
@inproceedings{hu2017,
	address = {Hong Kong},
	title = {Student {Engagement} in {Online} {Learning}: {A} {Review}},
	booktitle = {{INTERNATIONAL} {SYMPOSIUM} {ON} {EDUCATIONAL} {TECHNOLOGY} ({ISET})},
	publisher = {IEEE},
	author = {Hu, Min and Li, Hao},
	year = {2017},
	pages = {39--43},
}
@incollection{irala2020,
	address = {Porto Alegre},
	title = {As múltiplas abordagens sobre engajamento de estudantes: um estudo descritivo a partir da {Plataforma} {SciELO}},
	booktitle = {Engagement acadêmico no ensino superior: proposições e perspectivas em tempos de covid-19},
	publisher = {Editora da UCSPA},
	author = {Irala, Valesca and Oliveira, Gerson},
	collaborator = {Rigo, Rosa Maria and Moreira, José António and Dias-Trindade, Sara},
	year = {2020},
}
@article{kuh2009,
	title = {The national survey of student engagement: {Conceptual} and empirical foundations},
	volume = {2009},
	url = {https://onlinelibrary.wiley.com/doi/10.1002/ir.283},
	doi = {10.1002/ir.283},
	number = {141},
	urldate = {2021-11-09},
	journal = {New Directions for Institutional Research},
	author = {Kuh, George D.},
	month = dec,
	year = {2009},
	pages = {5--20},
}
@article{luan2020,
	title = {Exploring the role of online {EFL} learners’ perceived social support in their learning engagement: a structural equation model},
	url = {https://www.tandfonline.com/doi/full/10.1080/10494820.2020.1855211},
	doi = {10.1080/10494820.2020.1855211},
	urldate = {2021-11-09},
	journal = {Interactive Learning Environments},
	author = {Luan, Lin and Hong, Jon-Chao and Cao, Miao and Dong, Yan and Hou, Xiaoju},
	month = dec,
	year = {2020},
	pages = {1--12},
}
@article{nasir2020,
	title = {Modifying the {Student} {Course} {Engagement} {Questionnaire} for {Use} with {Online} {Courses}},
	volume = {17},
	url = {https://eric.ed.gov/?id=EJ1241583},
	number = {1},
	urldate = {2021-11-09},
	journal = {Journal of Educators Online},
	author = {Nasir, Mohd Azrin Mohd and Janikowski, Timothy and Guyker, Wendy and Wang, Chia Chiang},
	month = jan,
	year = {2020},
}
@incollection{peters2020,
	address = {Adelaide},
	title = {Scoping {Reviews} (2020 version)},
	url = {https://synthesismanual.jbi.global},
	urldate = {2021-06-30},
	booktitle = {{JBI} {Manual} for {Evidence} {Synthesis}},
	publisher = {JBI},
	author = {Peters, Micah D.J. and Marnie, Casey and Tricco, Andrea C. and Pollock, Danielle and Munn, Zachary and Alexander, Lyndsay and McInerney, Patricia and Godfrey, Christina M. and Khalil, Hanan},
	editor = {Aromataris, E. and Munn, Z.},
	month = oct,
	year = {2020},
}
@article{pickering2019,
	title = {Exploring the {Dimensions} of {Medical} {Student} {Engagement} with {Technology}-{Enhanced} {Learning} {Resources} and {Assessing} the {Impact} on {Assessment} {Outcomes}},
	volume = {12},
	url = {https://onlinelibrary.wiley.com/doi/10.1002/ase.1810},
	doi = {10.1002/ase.1810},
	number = {2},
	urldate = {2021-11-09},
	journal = {Anatomical Sciences Education},
	author = {Pickering, James D. and Swinnerton, Bronwen J.},
	month = mar,
	year = {2019},
	pages = {117--128},
}
@article{pye2018,
	title = {Investigating different patterns of student engagement with blended learning environments in {Australian} business education: {Implications} for design and practice},
	volume = {22},
	url = {http://journal.acs.org.au/index.php/ajis/article/view/1578},
	doi = {10.3127/ajis.v22i0.1578},
	urldate = {2021-11-09},
	journal = {Australasian Journal of Information Systems},
	author = {Pye, Graeme and Holt, Dale and Salzman, Scott},
	month = mar,
	year = {2018},
}
@article{rajabalee2021,
	title = {Learner satisfaction, engagement and performances in an online module: {Implications} for institutional e-learning policy},
	volume = {26},
	url = {https://link.springer.com/10.1007/s10639-020-10375-1},
	doi = {10.1007/s10639-020-10375-1},
	number = {3},
	urldate = {2021-11-09},
	journal = {Education and Information Technologies},
	author = {Rajabalee, Yousra Banoor and Santally, Mohammad Issack},
	month = may,
	year = {2021},
	pages = {2623--2656},
}
@article{redmond2018,
	title = {An {Online} {Engagement} {Framework} for {Higher} {Education}},
	volume = {22},
	copyright = {Copyright (c) 2018 Petrea Redmond, Amanda Heffernan, Lindy Abawi, Alice Brown, Robyn Henderson},
	url = {https://olj.onlinelearningconsortium.org/index.php/olj/article/view/1175},
	doi = {10.24059/olj.v22i1.1175},
	number = {1},
	urldate = {2021-11-09},
	journal = {Online Learning},
	author = {Redmond, Petrea and Heffernan, Amanda and Abawi, Lindy and Brown, Alice and Henderson, Robyn},
	month = mar,
	year = {2018},
	pages = {183--204},
}
@incollection{rigo2018,
	address = {Porto Alegre},
	title = {Engagement acadêmico: retrospectiva histórica (diferentes níveis, distintas consequências e responsabilidades)},
	booktitle = {Promovendo o engagement estudantil na {Educação} {Superior}},
	publisher = {Edipucrs},
	author = {Rigo, Rosa Maria and Corte Vitória, Maria Inês and Moreira, J. Antônio},
	collaborator = {Rigo, Rosa Maria and Corte Vitória, Maria Inês and Moreira, José Antônio},
	year = {2018},
}
@article{shah2021,
	title = {Aprendizaje en línea durante la pandemia de {COVID}-19: aplicación de la teoría de la autodeterminación en la ‘nueva normalidad’},
	volume = {26},
	url = {https://www.ncbi.nlm.nih.gov/pmc/articles/PMC7901284/},
	doi = {10.1016/j.psicod.2020.12.004},
	number = {2},
	urldate = {2021-11-09},
	journal = {Revista de Psicodidáctica},
	author = {Shah, Sobia Shafaq and Shah, Asif Ali and Memon, Farzana and Kemal, Atika Ahmad and Soomro, Arjumand},
	year = {2021},
	pages = {169--178},
}
@article{sun2012,
	title = {Situational interest, computer self-efficacy and self-regulation: {Their} impact on student engagement in distance education: {Student} engagement in distance education},
	volume = {43},
	url = {https://onlinelibrary.wiley.com/doi/10.1111/j.1467-8535.2010.01157.x},
	doi = {10.1111/j.1467-8535.2010.01157.x},
	number = {2},
	urldate = {2021-11-09},
	journal = {British Journal of Educational Technology},
	author = {Sun, Jerry Chih-Yuan and Rueda, Robert},
	month = mar,
	year = {2012},
	pages = {191--204},
}
@article{thelwall2018,
	title = {Dimensions: {A} competitor to {Scopus} and the {Web} of {Science}?},
	volume = {12},
	url = {https://linkinghub.elsevier.com/retrieve/pii/S175115771830066X},
	doi = {10.1016/j.joi.2018.03.006},
	number = {2},
	urldate = {2021-11-09},
	journal = {Journal of Informetrics},
	author = {Thelwall, Mike},
	month = may,
	year = {2018},
	pages = {430--435},
}
@article{walker2021,
	title = {Student and instructor perceptions of engagement after the rapid online transition of teaching due to {COVID}‐19},
	volume = {50},
	url = {https://onlinelibrary.wiley.com/doi/10.1002/nse2.20038},
	doi = {10.1002/nse2.20038},
	number = {1},
	urldate = {2021-11-09},
	journal = {Natural Sciences Education},
	author = {Walker, Kristen A. and Koralesky, Katherine E.},
	month = jan,
	year = {2021},
}
@article{wang2021,
	title = {How {Does} {Digital} {Competence} {Preserve} {University} {Students}’ {Psychological} {Well}-{Being} {During} the {Pandemic}? {An} {Investigation} {From} {Self}-{Determined} {Theory}},
	volume = {12},
	url = {https://www.frontiersin.org/article/10.3389/fpsyg.2021.652594},
	doi = {10.3389/fpsyg.2021.652594},
	urldate = {2021-11-09},
	journal = {Frontiers in Psychology},
	author = {Wang, Xinghua and Zhang, Ruixue and Wang, Zhuo and Li, Tiantian},
	year = {2021},
	pages = {1--13},
}

@article{schaufeli2006,
	title = {The {Measurement} of {Work} {Engagement} {With} a {Short} {Questionnaire}: {A} {Cross}-{National} {Study}},
	volume = {66},
	url = {https://doi.org/10.1177/0013164405282471},
	doi = {10.1177/0013164405282471},
	number = {4},
	urldate = {2021-06-13},
	journal = {Educational and Psychological Measurement},
	author = {Schaufeli, Wilmar B. and Bakker, Arnold B. and Salanova, Marisa},
	month = aug,
	year = {2006},
	keywords = {work engagement, measurement, burnout, Utrecht Work Engagement Scale (UWES)},
	pages = {701--716},
}
@article{tricco2018,
	title = {{PRISMA} {Extension} for {Scoping} {Reviews} ({PRISMA}-{ScR}): {Checklist} and {Explanation}},
	volume = {169},
	url = {https://www.acpjournals.org/doi/10.7326/M18-0850},
	doi = {10.7326/M18-0850},
	number = {7},
	urldate = {2021-06-16},
	journal = {Annals of Internal Medicine},
	author = {Tricco, Andrea C. and Lillie, Erin and Zarin, Wasifa and O'Brien, Kelly K. and Colquhoun, Heather and Levac, Danielle and Moher, David and Peters, Micah D.J. and Horsley, Tanya and Weeks, Laura and Hempel, Susanne and Akl, Elie A. and Chang, Christine and McGowan, Jessie and Stewart, Lesley and Hartling, Lisa and Aldcroft, Adrian and Wilson, Michael G. and Garritty, Chantelle and Lewin, Simon and Godfrey, Christina M. and Macdonald, Marilyn T. and Langlois, Etienne V. and Soares-Weiser, Karla and Moriarty, Jo and Clifford, Tammy and Tunçalp, Özge and Straus, Sharon E.},
	month = oct,
	year = {2018},
	pages = {467--473},
}
@article{fontana2015,
	title = {Measuring self-regulated learning in the workplace: {Measuring} {SRL} in the workplace},
	volume = {19},
	url = {https://onlinelibrary.wiley.com/doi/10.1111/ijtd.12046},
	doi = {10.1111/ijtd.12046},
	number = {1},
	urldate = {2021-06-14},
	journal = {International Journal of Training and Development},
	author = {Fontana, Rosa Pia and Milligan, Colin and Littlejohn, Allison and Margaryan, Anoush},
	month = mar,
	year = {2015},
	pages = {32--52},
}
@article{milligan2016,
	title = {How health professionals regulate their learning in massive open online courses},
	volume = {31},
	url = {https://www.sciencedirect.com/science/article/pii/S1096751616300483},
	doi = {10.1016/j.iheduc.2016.07.005},
	urldate = {2021-06-14},
	journal = {The Internet and Higher Education},
	author = {Milligan, Colin and Littlejohn, Allison},
	month = oct,
	year = {2016},
	keywords = {Massive open online courses, Self-regulated learning, Professional learning},
	pages = {113--121},
}
@article{krause2008,
	title = {Students’ engagement in first‐year university},
	volume = {33},
	url = {https://doi.org/10.1080/02602930701698892},
	doi = {10.1080/02602930701698892},
	number = {5},
	urldate = {2021-06-14},
	journal = {Assessment \& Evaluation in Higher Education},
	author = {Krause, Kerri‐Lee and Coates, Hamish},
	month = oct,
	year = {2008},
	pages = {493--505},
}
@article{gunuc2015,
	title = {Student engagement scale: development, reliability and validity},
	volume = {40},
	url = {https://doi.org/10.1080/02602938.2014.938019},
	doi = {10.1080/02602938.2014.938019},
	number = {4},
	urldate = {2021-06-11},
	journal = {Assessment \& Evaluation in Higher Education},
	author = {Gunuc, Selim and Kuzu, Abdullah},
	month = may,
	year = {2015},
	keywords = {student engagement, campus engagement, class engagement, scale development},
	pages = {587--610},
}
@book{coates2016,
	address = {London},
	title = {Student {Engagement} in {Campus}-{Based} and {Online} {Education}},
	publisher = {Routledge},
	author = {Coates, Hamish},
	year = {2016},
}
@article{handelsman2005,
	title = {A {Measure} of {College} {Student} {Course} {Engagement}},
	volume = {98},
	url = {https://doi.org/10.3200/JOER.98.3.184-192},
	doi = {10.3200/JOER.98.3.184-192},
	number = {3},
	urldate = {2021-06-11},
	journal = {The Journal of Educational Research},
	author = {Handelsman, Mitchell M. and Briggs, William L. and Sullivan, Nora and Towler, Annette},
	month = jan,
	year = {2005},
	pages = {184--192},
}
@article{fredricks2004,
	title = {School {Engagement}: {Potential} of the {Concept}, {State} of the {Evidence}},
	volume = {74},
	url = {https://doi.org/10.3102/00346543074001059},
	doi = {10.3102/00346543074001059},
	number = {1},
	urldate = {2021-06-20},
	journal = {Review of Educational Research},
	author = {Fredricks, Jennifer A. and Blumenfeld, Phyllis C. and Paris, Alison H.},
	month = mar,
	year = {2004},
	pages = {59--109},
}
@incollection{fredricks2005,
	address = {New York},
	title = {School {Engagement}},
	booktitle = {What do children need to flourish? conceptualizing and measuring indicators of positive development},
	publisher = {Springer},
	author = {Fredricks, Jennifer A. and Blumenfeld, Phyllis C. and Friedel, Jeanne and Paris, Alison H.},
	editor = {Moore, Kristin A. and Lippman, Laura},
	year = {2005},
	pages = {305--321},
}
