@article{hirsh-pasek2015,
    title         = {Putting education in “educational” apps},
    author        = {Kathy Hirsh-Pasek and Jennifer M. Zosh and Roberta Michnick Golinkoff and James H. Gray and Michael B. Robb and Jordy Kaufman},
    year          = {2015},
    journal       = {Psychological Science in the Public Interest},
    volume        = {16},
    number        = {1},
    pages         = {3--34},
    doi           = {10.1177/1529100615569721},
    issn          = {1529-1006},
    url           = {https://journals.sagepub.com/doi/10.1177/1529100615569721},
    note          = {Acceso en: 10 feb. 2024.},
}

@article{joachims2017,
    title         = {Accurately Interpreting Clickthrough Data as Implicit Feedback},
    author        = {Joachims, Thorsten and Granka, Laura and Pan, Bing and Hembrooke, Helene and Gay, Geri},
    year          = {2017},
    journal       = {ACM SIGIR Forum},
    volume        = {51},
    number        = {1},
    pages         = {4--11},
    doi           = {10.1145/3130332.3130334},
    issn          = {1558-0229},
    url           = {https://dl.acm.org/doi/10.1145/3130332.3130334},
    note          = {Acceso en: 20 oct. 2024.},
}

@incollection{akombo2019,
    title         = {The Benefits of Music Software in the Music Classroom: Expropriating Technology},
    author        = {David O. Akombo and Andrew J. Lewis},
    year          = {2019},
    booktitle     = {Research, technology and best practices in education},
    publisher     = {Adaya Press},
    pages         = {1--17},
    editor        = {Santiago Pérez Aldeguer and David O. Akombo},
}

@article{aufegger2020,
    title         = {Virtual reality feedback influences musicians’ physical responses and mental attitude towards performing},
    author        = {Lisa Aufegger},
    year          = {2020},
    journal       = {Music and Medicine},
    volume        = {12},
    number        = {3},
    pages         = {157},
    doi           = {10.47513/mmd.v12i3.732},
    issn          = {1943-863x},
    url           = {https://mmd.iammonline.com/index.php/musmed/article/view/732},
    note          = {Acceso en: 10 feb. 2024.},
}

@article{cabero-almenara2020,
    title         = {Evaluation of Teacher Digital Competence Frameworks Through Expert Judgement: the Use of the Expert Competence Coefficient},
    author        = {Julio Cabero-Almenara and Rosalía Romero-Tena and others},
    year          = {2020},
    journal       = {Journal of New Approaches in Educational Research},
    volume        = {9},
    number        = {2},
    pages         = {275--293},
    doi           = {10.7821/naer.2020.7.578},
    url           = {https://link.springer.com/article/10.7821/naer.2020.7.578},
    note          = {Acceso en: 20 oct. 2024.},
    eissn         = {2254-7339},
}

@article{gomez2020,
    title         = {Diseño de una herramienta de evaluación de apps para la educación plástica},
    author        = {Gómez Redondo, Carmen and Rico Rico, Ana and Fontal Merillas, Olaia},
    year          = {2020},
    journal       = {Revista de Humanidades},
    number        = {39},
    pages         = {61–98},
    doi           = {10.5944/rdh.39.2020.21814},
    url           = {https://revistas.uned.es/index.php/rdh/article/view/21814},
    note          = {Acceso en: 11 feb. 2024.},
}

@article{merchant2020,
    title         = {Relationship between fear of falling, fear‐related activity restriction, frailty, and sarcopenia},
    author        = {Reshma Aziz Merchant and Matthew Zhixuan Chen and Beatrix Ling Ling Wong and Shu Ee Ng MBBS and Hidehiko Shirooka and Jia Yi Lim and Surein Sandrasageran and John E. Morley},
    year          = {2020},
    journal       = {Journal of the American Geriatrics Society},
    volume        = {68},
    number        = {11},
    pages         = {2602--2608},
    doi           = {10.1111/jgs.16719},
    issn          = {0002-8614},
    url           = {https://agsjournals.onlinelibrary.wiley.com/doi/10.1111/jgs.16719},
    note          = {Acceso en: 10 feb. 2024.},
}

@article{vela-gonzalez2020,
    title         = {Enseñanza de la música contemporánea a través de nuevas tecnologías},
    author        = {Vela González, Marta},
    year          = {2020},
    journal       = {Epistemus. Revista de Estudios En Música, Cognición y Cultura},
    volume        = {8},
    number        = {1},
    pages         = {018},
    doi           = {10.24215/18530494e018},
    issn          = {1853-0494},
    url           = {https://revistas.unlp.edu.ar/Epistemus/article/view/6447},
    note          = {Acceso en: 11 feb. 2024.},
}

@misc{andalucia2021,
    title         = {Orden de 15 de enero de 2021, por la que se desarrolla el currículo correspondiente a la etapa de Educación Primaria en la Comunidad Autónoma de Andalucía},
    author        = {{Consejería de Educación y Deporte de la Junta de Andalucía}},
    year          = {2021},
    pages         = {3},
    url           = {https://www.juntadeandalucia.es/boja/2021/507/3},
    note          = {Acceso en: 24 oct. 2024},
    howpublished  = {Boletín Oficial de la Junta de Andalucía, Sevilla, n. 507},
}

@article{hernandez-lamas2021,
    title         = {Mobile Applications, Geolocation and Information Technologies for the Study and Communication of the Heritage Value of Public Works},
    author        = {Patricia Hernández-Lamas and Beatriz Cabau-Anchuelo and others},
    year          = {2021},
    journal       = {Sustainability},
    volume        = {13},
    number        = {4},
    pages         = {2083},
    doi           = {10.3390/su13042083},
    issn          = {2071-1050},
    url           = {https://www.mdpi.com/2071-1050/13/4/2083},
    note          = {Acceso en: 21 oct. 2024.},
}

@article{herrera2023,
    title         = {El método de consulta a expertos en tres niveles de validación},
    author        = {Herrera-Masó, Juan Rubén and Calero-Ricardo, Jorge Luis and González-Rangel, Miguel Ángel and Collazo Ramos, Milagros Isabel and Travieso-González, Yelamy.},
    year          = {2022},
    journal       = {Revista Habanera de Ciencias Médicas},
    volume        = {21},
    number        = {1},
    pages         = {4711},
    issn          = {1729-519x},
    url           = {https://revhabanera.sld.cu/index.php/rhab/article/view/4711},
    notes         = {Acceso en: 11 feb. 2024.},
}

@article{riano2022,
    title         = {Educación musical, creatividad y tecnología: Un estudio exploratorio sobre estrategias docentes y actividades creativas con software ex novo},
    author        = {Maria Elena Riaño and Adolf Murillo and Jesús Tejada},
    year          = {2022},
    journal       = {Revista Electrónica Educare},
    volume        = {26},
    number        = {1},
    pages         = {1--23},
    doi           = {10.15359/ree.26-1.3},
    issn          = {1409-4258},
    url           = {https://www.revistas.una.ac.cr/index.php/EDUCARE/article/view/13739},
    note          = {Acceso en: 11 feb. 2024.},
}

@article{cheng2023,
    title         = {Audience’s perceived expectancy and authenticity of classical music performance by digital musical instrument mobile apps},
    author        = {Lee Cheng and Chi-Hin Leung and Wing Yan Jasman Pang},
    year          = {2023},
    journal       = {Music Perception: An Interdisciplinary Journal},
    volume        = {41},
    number        = {2},
    pages         = {132--147},
    doi           = {10.1525/mp.2023.41.2.132},
    issn          = {0730-7829},
    url           = {https://www.researchgate.net/publication/376071657_Audience's_expectancy_and_authenticity_of_classical_music_performance_by_digital_musical_instrument_mobile_apps},
    note          = {Acceso en: 10 feb. 2024.},
}

@article{delgado-morales2023,
    title         = {Una Revisión sistemática de instrumentos que evalúan la calidad de aplicaciones móviles de salud},
    author        = {Claudio Delgado-Morales and Ana Duarte-Hueros},
    year          = {2023},
    journal       = {Pixel-Bit, Revista de Medios y Educación},
    number        = {67},
    pages         = {35--58},
    doi           = {10.12795/pixelbit.97867},
    issn          = {1133-8482},
    url           = {https://recyt.fecyt.es/index.php/pixel/article/view/97867},
    note          = {Acceso en: 20 oct. 2024.},
}

@article{dominguez-lloria2023,
    title         = {Content evaluation of mobile device applications for teaching music in elementary education},
    author        = {Sara Domínguez-Lloria and Lía Raquel Oliveira and Mario Diz-Otero and Margarita Pino-Juste},
    year          = {2023},
    journal       = {Multimedia Tools and Applications},
    volume        = {8},
    number        = {16},
    pages         = {49673--49688},
    doi           = {10.1007/s11042-023-17522-z},
    issn          = {1380-7501},
    url           = {https://link.springer.com/article/10.1007/s11042-023-17522-z},
    note          = {Acceso en: 11 feb. 2024.},
}

@article{eusterbrock2023,
    title         = {Mobile Safe Spaces and Preset Emotions: Making Music with Apps as a Digital Technology of the Self},
    author        = {Linus Eusterbrock},
    year          = {2023},
    journal       = {Popular Music and Society},
    volume        = {46},
    number        = {1},
    pages         = {50--69},
    doi           = {10.1080/03007766.2022.2155029},
    issn          = {1740-1712},
    url           = {https://www.tandfonline.com/doi/full/10.1080/03007766.2022.2155029},
    note          = {Acceso en: 20 oct. 2024.},
}

@article{han2023,
    title         = {Using mobile applications in the study of vocal skills},
    author        = {Yang Han},
    year          = {2023},
    journal       = {Education and Information Technologies},
    volume        = {28},
    number        = {2},
    pages         = {2107--2107},
    doi           = {10.1007/s10639-022-11268-1},
    issn          = {1360-2357},
    url           = {https://link.springer.com/article/10.1007/s10639-022-11268-1},
    note          = {Acceso en: 10 feb. 2024.},
}

@article{joseph2023,
    title         = {Australian music education training and teaching practice: Investigating the latitude of ICT resourcing and application},
    author        = {Dawn Joseph and Brad Merrick},
    year          = {2023},
    journal       = {Revista Interuniversitaria de Formación Del Profesorado. Continuación de La Antigua Revista de Escuelas Normales},
    volume        = {98},
    number        = {37.3},
    pages         = {165--186},
    doi           = {10.47553/rifop.v98i37.3.100516},
    issn          = {0213-8646},
    url           = {https://recyt.fecyt.es/index.php/RIFOP/article/view/100516},
    note          = {Acceso en: 10 feb. 2024.},
}

@article{lerma-noriega2023,
    title         = {InContext: Comparativa del aprendizaje con el uso de una aplicación móvil entre estudiantes mexicanos y colombianos},
    author        = {Lerma-Noriega, Claudia-Alicia and Flores-Palacios, María-Leticia and Cobos-Cobos, Tania Lucía and Rebolledo-Méndez, Genaro},
    year          = {2023},
    journal       = {Pixel-Bit, Revista de Medios y Educación},
    number        = {67},
    pages         = {257--282},
    doi           = {10.12795/pixelbit.99353},
    url           = {https://recyt.fecyt.es/index.php/pixel/article/view/99353},
    note          = {Acceso en: 20 oct. 2024.},
    eissn         = {2171-7966},
}

@article{martinez-perez2023,
    title         = {Coeficiente de correlación intraclase},
    author        = {J.A. {Martínez Pérez} and P.S. {Pérez Martin}},
    year          = {2023},
    journal       = {Medicina de Familia. SEMERGEN},
    volume        = {49},
    number        = {3},
    pages         = {101907},
    doi           = {10.1016/j.semerg.2022.101907},
    issn          = {1138-3593},
    url           = {https://www.sciencedirect.com/science/article/abs/pii/S1138359322002817?via%3Dihub},
    note          = {Acceso en: 24 oct. 2024.},
}

@article{martinez2023,
    title         = {Video games and board games: Effects of playing practice on cognition},
    author        = {Léa Martínez and Manuel Gimenes and Eric Lambert},
    year          = {2023},
    journal       = {Plos One},
    volume        = {18},
    number        = {3},
    pages         = {e0283654},
    doi           = {10.1371/journal.pone.0283654},
    issn          = {1932-6203},
    url           = {https://pubmed.ncbi.nlm.nih.gov/36972271/},
    note          = {Acceso en: 11 feb. 2024.},
}

@article{quezada-bolanos2023,
    title         = {TriSigEM: Un modelo semiótico para la evaluación de interfaces gráficas de usuario de apps},
    author        = {Edna Patricia Quezada-Bolaños and Lizbeth Gallardo-López},
    year          = {2023},
    journal       = {Zincografía},
    pages         = {1--},
    doi           = {10.32870/zcr.v7i14.204},
    issn          = {2448-8437},
    url           = {https://www.zincografia.cuaad.udg.mx/index.php/ZC/article/view/204},
    note          = {Acceso en: 23 oct. 2024.},
}

@article{rajput2023,
    title         = {Bridging The Gap between Android and iOS by Analysing their Incompatibility},
    author        = {Charu Anant Rajput and Sanjana Godiawala and R. Maheswari},
    year          = {2023},
    journal       = {International Journal of Advanced Research in Science, Communication and Technology},
    doi           = {10.48175/ijarsct-7792},
    issn          = {2581-9429},
    url           = {https://www.researchgate.net/publication/366630757_Bridging_The_Gap_between_Android_and_iOS_by_Analysing_their_Incompatibility},
    note          = {Acceso en: 11 feb. 2024.},
}

@article{romero-rodriguez2023,
    title         = {Implementación de los dispositivos móviles en educación superior: casos de buenas prácticas docentes},
    author        = {Romero Rodríguez, José María and Pombo, Lúcia and Martínez Domingo, José Antonio},
    year          = {2023},
    journal       = {Edmetic},
    volume        = {12},
    number        = {1},
    pages         = {6},
    doi           = {10.21071/edmetic.v12i1.15184},
    issn          = {2254-0059},
    url           = {https://journals.uco.es/index.php/edmetic/article/view/15184},
    note          = {Acceso en: 23 oct. 2024.},
}

@article{uribe-guerrero2023,
    title         = {Evaluación de Apps educativas relacionadas con el tema de balanceo de reacciones químicas},
    author        = {Emilbus A. Uribe-Guerrero and Dania R. Acosta-Mesa},
    year          = {2023},
    journal       = {Educación Química},
    volume        = {34},
    number        = {2},
    pages         = {181--194},
    doi           = {10.22201/fq.18708404e.2023.2.82606},
    issn          = {0187-893x},
    url           = {https://www.revistas.unam.mx/index.php/req/article/view/82606},
    note          = {Acceso en: 22 oct. 2024.},
}

@article{barroso-osuna2024,
    title         = {El impacto de las apps móviles y la carga del trabajo en la Educación Musical universitaria: Un estudio experimental},
    author        = {Julio Barroso-Osuna and Antonio León-Garrido and Carmen Llorente-Cejudo and Julio Ruiz-Palmero},
    year          = {2024},
    journal       = {Revista de Educación a Distancia (RED)},
    volume        = {24},
    number        = {80},
    pages         = {1--17},
    doi           = {10.6018/red.602301},
    issn          = {1131-8783},
    url           = {https://revistas.um.es/red/article/view/602301},
    note          = {Acceso en: 10 feb. 2024.},
}

@article{cuevas-montero2024,
    title         = {Formación en competencia digital docente: percepciones docentes del aprendizaje de español como lengua extranjera asistido por dispositivos móviles en el contexto prepandémico},
    author        = {Cuevas Montero, Rafael and Cristina Aránzazu Huertas-Abril and others},
    year          = {2024},
    journal       = {Revista Tecnología, Ciencia y Educación},
    pages         = {91--116},
    doi           = {10.51302/tce.2024.18673},
    issn          = {2444-250x},
    url           = {https://www.tecnologia-cienciaeducacion.com/index.php/TCE/article/view/18673},
    note          = {Acceso en: 20 oct. 2024},
}

@article{leon-garrido2024,
    title         = {Diseño y validación de un instrumento de evaluación para apps móviles musicales a través del juicio de expertos},
    author        = {León-Garrido, Antonio and Barroso-Osuna, Julio Manuel and Llorente-Cejudo, Carmen},
    year          = {2024},
    journal       = {Aula Abierta},
    volume        = {53},
    number        = {2},
    pages         = {169--179},
    doi           = {10.17811/rifie.20620},
    issn          = {0210-2773},
    url           = {https://reunido.uniovi.es/index.php/AA/article/view/20620},
    note          = {Acceso en: 19 oct. 2024.},
}

@article{leon-garrido2025a,
    title         = {Consistencia interevaluador en la evaluación de una app móvil para Educación Musical Básica: estudio piloto.},
    author        = {León-Garrido, Antonio and Barroso-Osuna, Julio Manuel and Llorente-Cejudo, Carmen},
    year          = {2024},
    journal       = {Innovación educativa},
    volume        = {35},
    number        = {1},
    pages         = {169--179},
    doi           = {10.15304/ie.35.10389},
    issn          = {1130-8656},
    url           = {https://revistas.usc.gal/index.php/ie/article/view/10389},
    note          = {Acceso en: 11 feb. 2025.},
}

@incollection{meneses-rodriguez2024,
    title         = {Implementation and Usability Evaluation of an Online Videogame for Learning Musical Harmony},
    author        = {Meneses Rodríguez, Carlos Patricio and Sánchez, Jaime},
    year          = {2024},
    booktitle     = {Lecture Notes in Computer Science},
    publisher     = {Springer Nature Switzerland},
    pages         = {82--93},
    doi           = {10.1007/978-3-031-61685-3_7},
    issn          = {1611-3349},
    url           = {https://link.springer.com/chapter/10.1007/978-3-031-61685-3_7},
    note          = {Acceso en: 25 oct. 2024.},
}

@article{leon-garrido2025b,
    title         = {Evaluación del uso y aceptación de apps móviles en educación superior mediante el modelo TAM},
    author        = {León-Garrido, Antonio and Gutiérrez-Castillo, Juan Jesús and Barroso-Osuna, Julio Manuel and Cabero-Almenara, Julio},
    year          = {2025},
    journal       = {RIED-Revista Iberoamericana de Educación a Distancia},
    volume        = {28},
    number        = {1},
    pages         = {107–126},
    doi           = {10.5944/ried.28.1.40988},
    url           = {https://revistas.uned.es/index.php/ried/article/view/40988},
    note          = {Acceso en: 11 feb. 2025.},
}
