@article{fernández-costales2023,
    title         = {Didactic audiovisual translation in language teaching},
    author        = {Fernández-Costales, Alberto and Noa Talavan and Antonio Tinedo},
    month         = {6},
    journal       = {Comunicar, Media Education Research Jounral},
    doi           = {10.3916/c77-2023-02},
    subtitle      = {Results from TRADILEX},
}

@article{borrás1994,
    title         = {Effects of Multimedia Courseware Subtitling on the Speaking Performance of College Students of French},
    author        = {BORRÁS, ISABEL and LAFAYETTE, ROBERT C.},
    year          = {1994},
    journal       = {The Modern Language Journal},
    volume        = {78},
    number        = {1},
    pages         = {61--75},
    doi           = {https://doi.org/10.1111/j.1540-4781.1994.tb02015.x},
    url           = {https://onlinelibrary.wiley.com/doi/abs/10.1111/j.1540-4781.1994.tb02015.x},
}

@article{blythe2005,
    title         = {The binocular coordination of eye movements during reading in children and adults},
    author        = {Hazel I. Blythe and Simon P. Liversedge and Holly S.S.L. Joseph and Sarah J. White and John M. Findlay and Keith Rayner},
    year          = {2006},
    journal       = {Vision Research},
    volume        = {46},
    number        = {22},
    pages         = {3898--3908},
    doi           = {https://doi.org/10.1016/j.visres.2006.06.006},
    issn          = {0042-6989},
    url           = {https://www.sciencedirect.com/science/article/pii/S0042698906002586},
}

@phdthesis{bravo2008,
    title         = {Putting the reader in the picture. Screen translation and foreign-language learning},
    author        = {Condinho Bravo, Maria Da Conceiçao},
    year          = {2008},
    isbn          = {9788469198667},
    school        = {Universitat Rovira i Virgili},
}

@book{holmqvist_eye_2011,
    title         = {Eye tracking: {A} comprehensive guide to methods and measures},
    author        = {Holmqvist, K. and Nyström, M. and Andersson, R. and Dewhurst, R. and Jarodzka, H. and Van de Weijer, J.},
    year          = {2011},
    publisher     = {Oxford University Press},
}

@incollection{schotter2012,
    title         = {Eye movements and word recognition during reading},
    author        = {Schotter, E. R. and Rayner, K.},
    year          = {2012},
    booktitle     = {isual word recognition: Meaning and context, individuals and development},
    publisher     = {Psychology Press},
    pages         = {73--101},
    editor        = {Adelman, J.S.},
}

@article{ross2023,
    title         = {Eye movements while viewing narrated, captioned, and silent videos},
    author        = {Ross, Nicholas M. and Kowler, Eileen},
    year          = {2013},
    month         = {03},
    journal       = {Journal of Vision},
    volume        = {13},
    number        = {4},
    pages         = {1--1},
    doi           = {10.1167/13.4.1},
    issn          = {1534-7362},
}

@article{winke2013,
    title         = {Factors Influencing the Use of Captions by Foreign Language Learners: An Eye-Tracking Study},
    author        = {Winke, Paula and Gass, Susan and Sydorenko, Tetyana},
    year          = {2013},
    journal       = {The Modern Language Journal},
    volume        = {97},
    number        = {1},
    pages         = {254--275},
    doi           = {10.1111/j.1540-4781.2013.01432.x},
    url           = {https://onlinelibrary.wiley.com/doi/abs/10.1111/j.1540-4781.2013.01432.x},
}

@article{bisson2014,
    title         = {Processing of native and foreign language subtitles in films},
    author        = {Bisson, Marie-Josée and van Heuven, Walter J B and Kathy Conklin and Richard TunneyR},
    year          = {2014},
    journal       = {Applied Psycholinguistics},
    volume        = {35},
    number        = {2},
    pages         = {399–418},
    doi           = {10.1017/s0142716412000434},
    subtitle      = {An eye tracking study},
}

@article{graesser2014,
    title         = {Coh-Metrix Measures Text Characteristics at Multiple Levels of Language and Discourse},
    author        = {Graesser, Arthur C. and McNamara, Danielle S. and Cai, Zhiqang and Conley, Mark and Li, Haiying and Pennebaker, James},
    year          = {2014},
    journal       = {The Elementary School Journal},
    volume        = {115},
    number        = {2},
    pages         = {210--229},
    doi           = {10.1086/678293},
    url           = {https://doi.org/10.1086/678293},
}

@article{busey2015,
    title         = {The impact of fatigue on latent print examinations as revealed by behavioral and eye gaze testing},
    author        = {Thomas Busey and Henry J. Swofford and John Vanderkolk and Brandi Emerick},
    year          = {2015},
    journal       = {Forensic Science International},
    volume        = {251},
    pages         = {202--208},
    doi           = {https://doi.org/10.1016/j.forsciint.2015.03.028},
    issn          = {0379-0738},
    url           = {https://www.sciencedirect.com/science/article/pii/S0379073815001437},
}

@article{rushwan2017,
    title         = {The Role of Translation in Developing ESP Learners’ Reading Comprehension Skills- A Case Study of Medical Students at Najran University-KSA},
    author        = {Ismail Mohammed Hamid Rushwan},
    year          = {2017},
    journal       = {International Journal of Applied Linguistics and English Literature},
    volume        = {6},
    number        = {3},
    pages         = {243--253},
    doi           = {10.7575/aiac.ijalel.v.6n.3p.243},
    issn          = {2200-3452},
    url           = {https://journals.aiac.org.au/index.php/IJALEL/article/view/3097},
    keywords      = {Translation, ESP, Reading Comprehension, Machine Translation},
}

@article{szarkowska2018,
    title         = {Viewers can keep up with fast subtitles: Evidence from eye movements},
    author        = {Szarkowska, Agnieszka AND Gerber-Morón, Olivia},
    year          = {2018},
    month         = {06},
    journal       = {Plos One},
    publisher     = {Public Library of Science},
    volume        = {13},
    number        = {6},
    pages         = {e0199331},
    doi           = {10.1371/journal.pone.0199331},
}

@article{lewandowska2019,
    title         = {RealEye Eye-tracking system Technology Whitepaper.},
    author        = {Lewandowska, B.},
    year          = {2019},
    journal       = {Retrieved August},
    number        = {29},
}

@article{baranowska2020,
    title         = {Learning most with least effort: subtitles and cognitive load},
    author        = {Baranowska, Karolina},
    year          = {2020},
    month         = {03},
    journal       = {ELT Journal},
    volume        = {74},
    number        = {2},
    pages         = {105--115},
    doi           = {10.1093/elt/ccz060},
    issn          = {0951-0893},
}

@article{liao2020,
    title         = {Using Eye Movements to Study the Reading of Subtitles in Video},
    author        = {Liao, Sixin and Yu, Lili and Kruger, Jean-Louis},
    year          = {2020},
    journal       = {Scientific Studies of Reading},
    volume        = {25},
    number        = {5},
    pages         = {417–435},
    doi           = {10.1080/10888438.2020.1823986},
}

@article{martínezmartínez2020,
    title         = {Uso de aplicativos online para plataformas de transmissão: Language Learning with Netflix},
    author        = {Martínez Martínez, Silvia and Hunt Gómez, Coral Ivy},
    year          = {2020},
    month         = {nov.},
    journal       = {Texto Livre},
    volume        = {13},
    number        = {3},
    pages         = {63–78},
    doi           = {10.35699/1983-3652.2020.24933},
    url           = {https://periodicos.ufmg.br/index.php/textolivre/article/view/24933},
    place         = {Belo Horizonte-MG},
}

@article{ragni2020,
    title         = {More than meets the eye},
    author        = {Valentina Ragni},
    year          = {2020},
    month         = {1},
    journal       = {JoSTrans: The Journal of Specialised Translation},
    publisher     = {University of Bristol},
    volume        = {33},
    number        = {Special issue "Experimental research and cognition in AVT"},
    pages         = {99--128},
    url           = {https://jostrans.soap2.ch/issue33/art_ragni.php},
    subtitle      = {An eye-tracking study on the effects of translation on the processing and memorisation of reversed subtitles},
}

@article{bafna2021,
    title         = {Mental fatigue measurement using eye metrics},
    author        = {Bafna, Tanya and Hansen, John Paulin},
    year          = {2021},
    journal       = {Psychophysiology},
    volume        = {58},
    number        = {6},
    pages         = {e13828},
    doi           = {10.1111/psyp.13828},
    subtitle      = {A systematic literature review},
}

@article{alaboud2022,
    title         = {The Positive Effect of Translation on Improving Reading Comprehension among Female Arabic Learners of English as Foreign Language},
    author        = {Amal Alaboud},
    year          = {2022},
    journal       = {Arab World English Journal (AWEJ)},
    volume        = {13},
    number        = {2},
    pages         = {424--436},
    doi           = {10.24093/awej/vol13no2.29},
}

@article{anis2022,
    title         = {Developing Creative Writing Process Based on the Translation of Arabic Phrases:},
    author        = {Anis, Muhammad Yunus and Malik, Abdul andS etiyadi, Alif Cahya},
    year          = {2022},
    journal       = {Journal of Narrative and Language Studies (NALANS)},
    volume        = {10},
    number        = {20},
    pages         = {173–187},
    doi           = {10.59045/nalans.2023.3.},
    subtitle      = {Case Study in Arabic Prose and Poetry},
}

@article{haider2022,
    title         = {The Effects of Intralingual Subtitles on Jordanian University Students’ Foreign Language Learning},
    author        = {Haider , Ahmad S. and Al-Salman, Saleh},
    year          = {2022},
    month         = {1},
    journal       = {International Journal of Instruction},
    volume        = {15},
    number        = {4},
    pages         = {57–76},
    url           = {https://e-iji.net/ats/index.php/pub/article/view/252},
}

@article{liao2022,
    title         = {The impact of audio on the reading of intralingual versus interlingual subtitles},
    author        = {Liao, Sixin and Yu, Lili and Kruger, Jan-Louis and Reichle, Erik D.},
    year          = {2022},
    journal       = {Applied Psycholinguistics},
    volume        = {43},
    number        = {1},
    pages         = {237–269},
    doi           = {10.1017/s0142716421000527},
    subtitle      = {Evidence from eye movements},
}

@article{xu2022,
    title         = {Chinese EFL Teachers' Perceptions of Subtitles' Effects on English Comprehension and Vocabulary Acquisition: Subtitles' Effects on English Capability},
    author        = {Xu, Yilan and Jordan, Eoin and Li, Yuanzhe},
    year          = {2022},
    journal       = {International Journal of Computer-Assisted Language Learning and Teaching},
    volume        = {12},
    number        = {1},
    pages         = {1--19},
    doi           = {10.4018/ijcallt.315622},
    issn          = {2155-7098},
    eissn         = {2155-7101},
    eisbn         = {9781683182320},
}

@article{bolaños2023,
    title         = {Didactic audiovisual translation},
    author        = {Bolaños García-Escribano, Alejandro and Ogea Pozo, María del Mar},
    year          = {2023},
    journal       = {Translation and Translanguaging in Multilingual Contexts},
    publisher     = {John Benjamins},
    volume        = {9},
    number        = {2},
    pages         = {187--215},
    doi           = {https://doi.org/10.1075/ttmc.00108.bol},
    issn          = {2352-1805},
    url           = {https://www.jbe-platform.com/content/journals/10.1075/ttmc.00108.bol},
}

@article{díaz-cintas2023,
    title         = {Role Reversal: An Overview of Audiovisual Translation into English},
    author        = {Díaz-Cintas, Jorge and Hayes, Lydia},
    year          = {2023},
    month         = {5},
    journal       = {Íkala, Revista de Lenguaje y Cultura},
    volume        = {28},
    number        = {2},
    pages         = {1–18},
    doi           = {10.17533/udea.ikala.v28n2a01},
    url           = {https://revistas.udea.edu.co/index.php/ikala/article/view/353770},
}

@article{hornerocorisco2023,
    title         = {Becoming a techie and improving your English with audiovisual translation},
    author        = {Hornero Corisco, Ana María and Gonzalez-Vera, Pilar and Beltrán, Paula Buil},
    year          = {2023},
    journal       = {Translation and Translanguaging in Multilingual Contexts},
    publisher     = {John Benjamins},
    volume        = {9},
    number        = {2},
    pages         = {160--186},
    doi           = {https://doi.org/10.1075/ttmc.00107.hor},
    issn          = {2352-1805},
    url           = {https://www.jbe-platform.com/content/journals/10.1075/ttmc.00107.hor},
}

@article{kim2023,
    title         = {The Effect of Subtitle Correction Activities on Learner’s English Reading Achievement},
    author        = {Hye-Jeong Kim},
    year          = {2023},
    journal       = {Korean Association For Learner-Centered Curriculum And Instruction},
    volume        = {23},
    pages         = {325–336},
    doi           = {10.22251/jlcci.2023.23.7.325},
}

@article{omar2023,
    title         = {The Impact of English Movies with Standard Subtitles on Enhancing the Writing Skills of EFL Students at Cihan University – Duhok},
    author        = {Omar, Khadija Saleem and Mohammed Salman, Nahida and Vadivel, Balachandran},
    year          = {2023},
    month         = {5},
    journal       = {International Journal of Humanities and Education Development (IJHED)},
    volume        = {5},
    pages         = {45–52},
    doi           = {10.22161/jhed.5.3.7},
    url           = {https://theshillonga.com/index.php/jhed/article/view/44},
}

@article{qazi2023,
    title         = {Impact on English Language Learners’ Listening Comprehension and Acquisition of Vocabulary Through the Use of Subtitled Videos},
    author        = {Qazi, Aisha and Khan, Zahra},
    year          = {2023},
    month         = {2},
    journal       = {Education and Social Sciences Review},
    volume        = {3},
    number        = {1},
    pages         = {32--43},
    doi           = {10.48112/aessr.v3i1.400},
}
