@article{martins1996,
    title         = {Observa{\c c}{\~a}o participante: uma abordagem metodol{\'o}gica para a psicologia escolar},
    author        = {Jo{\~a}o Batista Martins},
    year          = {1996},
    journal       = {Semina: Ci{\^e}ncias Sociais e Humanas},
    address       = {Londrina},
    volume        = {17},
    number        = {3},
    pages         = {266--273},
    doi           = {10.5433/1679-0383.1996v17n3p266},
}

@incollection{vygotsky2000,
    title         = {Cap{\'i}tulo 6: Interacci{\'o}n entre aprendizaje y desarrollo},
    author        = {Lev Semionovitch Vygotsky},
    year          = {2000},
    booktitle     = {El desarrollo de los procesos psicol{\'o}gicos superiores},
    publisher     = {Editorial Austral},
    address       = {Barcelona, Espanha},
    pages         = {123--140},
}

@article{deci2008,
    title         = {Self-determination theory: A macrotheory of human motivation, development, and health},
    author        = {Edward L. Deci and Richard M. Ryan},
    year          = {2008},
    journal       = {Canadian Psychology / Psychologie canadienne},
    address       = {Canad{\'a}},
    volume        = {49},
    number        = {3},
    pages         = {182},
    doi           = {10.1037/a0012801},
}

@book{brandao2009,
    title         = {Introdu{\c c}{\~a}o {\`a} an{\'a}lise do discurso},
    author        = {Helena Negamine Brand{\~a}o},
    year          = {2009},
    publisher     = {Editora Unicamp},
    address       = {Campinas, SP},
}

@article{silva2011realidade,
    title         = {Realidade virtual aumentada aplicada como ferramenta de apoio ao ensino},
    author        = {Silva, Danielson Divino Araújo and Costa, José Wilton Alves da and Ingracio, Paulo Tadeu Peres and Oliveira, Washington Fernandes de},
    year          = {2011},
    journal       = {Tecnologias em Projeção},
    volume        = {2},
    number        = {1},
    url           = {https://www.projecaociencia.com.br/index.php/Projecao4/article/view/75},
    urldate       = {2025-06-30},
}

@article{minayo2012,
    title         = {An{\'a}lise qualitativa: teoria, passos e fidedignidade},
    author        = {Minayo, Maria Cec{\'i}lia de Souza},
    year          = {2012},
    journal       = {Ci{\^e}ncia \& sa{\'u}de coletiva},
    address       = {Rio de Janeiro},
    volume        = {17},
    pages         = {621--626},
    url           = {https://www.scielosp.org/pdf/csc/2012.v17n3/621-626/pt},
    urldate       = {2025-05-07},
}

@article{bacca2014,
    title         = {Augmented reality trends in education: a systematic review of research and applications},
    author        = {Jorge Bacca and Silvia Baldiris and Ramon Fabregat and Sabine Graf and Kinshuk},
    year          = {2014},
    journal       = {Educational Technology \& Society},
    volume        = {17},
    number        = {4},
    pages         = {133--149},
    url           = {https://www.jstor.org/stable/jeductechsoci.17.4.133},
    urldate       = {2025-05-07},
}

@inproceedings{nascimento2016,
    title         = {Dispositivos m{\'o}veis na educa{\c c}{\~a}o: ensinando e aprendendo em diferentes contextos},
    author        = {Nascimento, Karla Ang{\'e}lica Silva do and Castro Filho, Jos{\'e} Aires de},
    year          = {2016},
    booktitle     = {Simp{\'o}sio Brasileiro de Inform{\'a}tica na Educa{\c c}{\~a}o (SBIE)},
    publisher     = {Sbc},
    address       = {Porto Alegre},
    pages         = {1225},
    doi           = {10.5753/cbie.sbie.2016.1225},
    url           = {http://milanesa.ime.usp.br/rbie/index.php/sbie/article/view/6812},
    urldate       = {2025-05-07},
}

@article{nascimento2017,
    title         = {Abordagens pedag{\'o}gicas na literatura sobre a aprendizagem m{\'o}vel no ensino fundamental},
    author        = {Nascimento, Karla Ang{\'e}lica Silva do and Castro Filho, Jos{\'e} Aires de},
    year          = {2017},
    journal       = {Holos},
    volume        = {8},
    pages         = {191--204},
    doi           = {10.15628/holos.2017.3216},
}

@inproceedings{pereira2017,
    title         = {Uma ferramenta de Apoio ao Ensino de C{\'a}lculo com Realidade Aumentada},
    author        = {Lidiane Pereira and Douglas Oliveira and Igor Couto and Alessandreia Oliveira and Rodrigo Silva},
    year          = {2017},
    booktitle     = {Anais do Simp{\'o}sio Brasileiro de Inform{\'a}tica na Educa{\c c}{\~a}o},
    url           = {http://milanesa.ime.usp.br/rbie/index.php/sbie/article/view/7588},
    urldate       = {2025-05-07},
}

@misc{brasil2018,
    title         = {Base Nacional Comum Curricular},
    author        = {{Brasil. Minist{\'e}rio da Educa{\c c}{\~a}o}},
    year          = {2018},
    address       = {Bras{\'i}lia},
    url           = {https://basenacionalcomum.mec.gov.br/},
    urldate       = {2025-05-07},
}

@article{huang2018,
    title         = {An analysis of learners' intentions toward virtual reality learning based on constructivist and technology acceptance approaches},
    author        = {Hsiu-Mei Huang and Shu-Sheng Liaw},
    year          = {2018},
    journal       = {The International Review of Research in Open and Distributed Learning},
    volume        = {19},
    number        = {1},
    doi           = {10.19173/irrodl.v19i1.2503},
}

@article{gleason2020,
    title         = {Implementaci{\'o}n del aprendizaje experiencial en la universidad, sus beneficios en el alumnado y el rol docente},
    author        = {Miriam Gleason Rodr{\'i}guez and Julio E. Rubio},
    year          = {2020},
    journal       = {Educaci{\'o}n},
    volume        = {44},
    number        = {2},
    pages         = {1--16},
    url           = {https://revistas.ucr.ac.cr/index.php/educacion/article/view/40197},
    urldate       = {2025-05-07},
}

@bachelorsthesis{oliveira2021,
    title         = {Estudo da estrutura eletr{\^o}nica da bicamada de grafeno rotacionada e intercalada com o {\'a}tomo de Li},
    author        = {Nallyson William Santos Oliveira},
    year          = {2021},
    address       = {Para{\'i}ba},
    url           = {http://dspace.sti.ufcg.edu.br:8080/jspui/handle/riufcg/20491},
    urldate       = {2025-05-07},
    school        = {Universidade Federal de Campina Grande},
}

@article{sousa2021,
    title         = {Augmented and virtual realities in Science teaching to students with specific educational needs at a public school in Barreirinhas-MA},
    author        = {Sousa, Claudiene Cantanhede and Lima, Franciane de Castro  and Melo, Nicolas Oliveira and Ribeiro-Novaes, Eville Karina Delgado and Teles, Ariel Soares},
    year          = {2021},
    journal       = {Research, Society and Development},
    volume        = {10},
    number        = {5},
    pages         = {e3910514566},
    doi           = {10.33448/rsd-v10i5.14566},
}

@mastersthesis{freitas2022,
    title         = {O uso de dispositivos de realidade virtual para conex{\~a}o de crian{\c c}as e adolescentes com a natureza: an{\'a}lise de uma experi{\^e}ncia com v{\'i}deos 360 graus em uma escola de ensino fundamental em Porto Alegre},
    author        = {Freitas, Fabiana Rossi da Rocha},
    year          = {2022},
    address       = {Porto Alegre},
    url           = {https://lume.ufrgs.br/handle/10183/248599},
    urldate       = {2025-05-07},
    school        = {Universidade Federal do Rio Grande do Sul},
}

@inproceedings{tito2022,
    title         = {Realidade Virtual para Ensino da F{\'i}sica: an{\'a}lise do engajamento e presen{\c c}a de uma experi{\^e}ncia imersiva no aprendizado da Cinem{\'a}tica},
    author        = {Jhasmani Tito and Regina Moraes},
    year          = {2022},
    booktitle     = {Simp{\'o}sio de Realidade Virtual e Aumentada (SVR)},
    pages         = {1--5},
    url           = {https://sol.sbc.org.br/index.php/svr_estendido/article/view/23614},
    urldate       = {2025-05-07},
}

@article{caberoalmenara2023carga,
    title         = {Carga cognitiva y realidad mixta (aumentada y virtual)},
    author        = {Cabero-Almenara, Julio and Llorente-Cejudo, Carmen and Martín-Párraga, Lorena},
    year          = {2023},
    month         = nov,
    journal       = {Hachetetepé. Revista científica de educación y comunicación},
    publisher     = {Universidad de Cádiz},
    address       = {España},
    number        = {27},
    pages         = {1--15},
    doi           = {10.25267/Hachetetepe.2023.i27.2206},
}

@article{santos2023,
    title         = {Realidade virtual aplicado ao ensino de biologia: um relato de experi{\^e}ncia em uma escola p{\'u}blica de ensino m{\'e}dio do Estado do Amazonas},
    author        = {Amanda Silva dos Santos and Antonia Thain{\'a} Carneiro de Menezes and Marlon Ponciano Paulino and Everton Oliveira dos Santos and Franciano Antunes},
    year          = {2023},
    journal       = {Revista Ibero-Americana de Humanidades, Ci{\^e}ncias e Educa{\c c}{\~a}o},
    volume        = {9},
    number        = {7},
    pages         = {217--225},
    doi           = {10.51891/revistahum.v9i7.8186},
}

@article{nascimento2024,
    title         = {Metodologias ativas mediadas por Tecnologias Digitais da Informa{\c c}{\~a}o e Comunica{\c c}{\~a}o em Programa de P{\'o}s-Gradua{\c c}{\~a}o em Educa{\c c}{\~a}o no p{\'o}s-pandemia},
    author        = {Nascimento, Karla Ang{\'e}lica Silva do and Fialho, Lia Machado Fiuza and Neves, Vanusa Neves Sabino and Costa, Maria Aparecida Alves da and Pereira, Arliene Stephanie M.},
    year          = {2024},
    journal       = {Revista Ibero-Americana de Estudos em Educa{\c c}{\~a}o},
    pages         = {e024043},
    url           = {https://periodicos.fclar.unesp.br/iberoamericana/article/view/18370},
    urldate       = {2025-05-07},
}

@article{caberoalmenara2025,
    title         = {Realidade mista, virtual e aumentada: tecnologias para aprendizagem},
    author        = {Julio Cabero-Almenara and Margarita Rodr{\'i}guez Gallego and Carmen Llorente-Cejudo},
    year          = {2025},
    journal       = {Texto Livre},
    address       = {Belo Horizonte-MG},
    volume        = {18},
    pages         = {e49561},
    doi           = {10.1590/1983-3652.2025.49561},
    url           = {https://periodicos.ufmg.br/index.php/textolivre/article/view/49561},
    urldate       = {2025-05-07},
}
