
@phdthesis{barco_neuromarketing_2021,
	address = {Lima },
	type = {Unpublished graduate thesis},
	title = {Neuromarketing and advertising for emerging small businesses in the {Gamarra} commercial emporium},
	school = {Universidad César Vallejo},
	author = {Barco, E. A. and Garro, L. L.},
	year = {2021},
}

@book{braidot_neuromarketing_2009,
	address = {Barcelona},
	title = {Neuromarketing},
	publisher = {Grupo Planeta},
	author = {Braidot, N.},
	year = {2009},
}

@phdthesis{caicedo_bibliometric_2021,
	address = {Santiago de Cali},
	type = {Unpublished graduate thesis},
	title = {Bibliometric analysis of neuromarketing research in advertising during 2009 and 2020 in the {Scopus} database},
	school = {Universidad Autónoma de Occidente},
	author = {Caicedo, V.},
	year = {2021},
}

@incollection{carmines_analyzing_1981,
	address = {Beverly Hills},
	title = {Analyzing {Models} with {Unobserved} {Variables}: {Analysis} of {Covariance} {Structures}},
	booktitle = {Social {Measurement}: {Current} {Issues}},
	publisher = {Sage Publications, Inc.},
	author = {Carmines, E. G. and Mciver, J. P.},
	editor = {Bohrnstedt, G. W. and Borgatta , E. F.},
	year = {1981},
	pages = {65--115},
}

@article{kaiser_index_1974,
	title = {An index of factorial simplicity},
	issn = {0033-3123, 1860-0980},
	url = {http://link.springer.com/10.1007/BF02291575},
	doi = {10.1007/BF02291575},
	language = {en},
	number = {39},
	urldate = {2022-08-25},
	journal = {Psychometrika},
	author = {Kaiser, H. F.},
	year = {1974},
	pages = {31--36},
}

@book{drucker_practice_1954,
	address = {New York},
	title = {The practice of management},
	isbn = {9780060878979},
	publisher = {Harper Buseness},
	author = {Drucker, P. F.},
	year = {1954},
}

@article{hernandez_relation_2020,
	title = {Relation of the {ICT} with neuroeducation, inclusion, pluriculturality and environmental education through a {Confirmatory} {Factorial} {Analysis} study},
	volume = {13},
	issn = {1983-3652},
	url = {https://periodicos.ufmg.br/index.php/textolivre/article/view/25739},
	doi = {10.35699/1983-3652.2020.25739},
	number = {3},
	urldate = {2022-08-25},
	journal = {Texto Livre: Linguagem e Tecnologia},
	author = {Hernández, A.},
	month = oct,
	year = {2020},
	pages = {262--277},
}

@book{hoyos_ballesteros_marketing_2013,
	address = {Bogotá},
	title = {Marketing {Plan}. {Design}, implementation and contro},
	publisher = {ECOE Ediciones},
	author = {Hoyos Ballesteros, R.},
	year = {2013},
}

@article{hu_cutoff_1999,
	title = {Cutoff criteria for fit indexes in covariance structure analysis: {Conventional} criteria versus new alternatives},
	volume = {6},
	issn = {1070-5511, 1532-8007},
	shorttitle = {Cutoff criteria for fit indexes in covariance structure analysis},
	url = {http://www.tandfonline.com/doi/abs/10.1080/10705519909540118},
	doi = {10.1080/10705519909540118},
	language = {en},
	number = {1},
	urldate = {2022-08-25},
	journal = {Structural Equation Modeling: A Multidisciplinary Journal},
	author = {Hu, L. and Bentler, P. M.},
	month = jan,
	year = {1999},
	pages = {1--55},
}

@article{jones_historical_1990,
	title = {Historical research in marketing: {Retrospect} and prospect},
	volume = {18},
	issn = {0092-0703, 1552-7824},
	shorttitle = {Historical research in marketing},
	url = {http://link.springer.com/10.1007/BF02723911},
	doi = {10.1007/BF02723911},
	language = {en},
	number = {4},
	urldate = {2022-08-25},
	journal = {Journal of the Academy of Marketing Science},
	author = {Jones, D. G. B. and Monieson, D. D.},
	month = sep,
	year = {1990},
	pages = {269--278},
}

@article{joreskog_general_1970,
	title = {A general method for analysis of covariance structures},
	volume = {57},
	issn = {0006-3444, 1464-3510},
	url = {https://academic.oup.com/biomet/article-lookup/doi/10.1093/biomet/57.2.239},
	doi = {10.1093/biomet/57.2.239},
	language = {en},
	number = {2},
	urldate = {2022-08-25},
	journal = {Biometrika},
	author = {Jöreskog, K. G.},
	year = {1970},
	pages = {239--251},
}

@book{kaplan_structural_2000,
	address = {Thousand Oaks, CA},
	title = {Structural equation modeling: {Foundations} and extensions},
	publisher = {Sage Publications},
	author = {Kaplan, D.},
	year = {2000},
}

@book{kline_principles_2005,
	address = {New York},
	edition = {2n ed},
	series = {Methodology in the social sciences},
	title = {Principles and practice of structural equation modeling},
	publisher = {Guilford Press},
	author = {Kline, R.},
	year = {2005},
	keywords = {Structural equation modeling, Social sciences, Statistical methods Data processing},
}

@book{kotler_marketing_2009,
	address = {Madrid},
	title = {Marketing management. {Fundamentals} of {Marketing}},
	publisher = {Pearson},
	author = {Kotler, P. and Keller, K. L. },
	year = {2009},
}

@book{lambin_strategic_1992,
    address = {Barcelona},
	title = {Strategic {Marketing}},
	publisher = {Mcgraw Hill Editorial},
	author = {Lambin, J. J.},
	year = {1992},
}

@article{lauterborn_new_1990,
	title = {New {Marketing} {Litany}; {Four} {P}'s {Passe}; {C}-{Words} {Take} {Over}},
	volume = {41},
	number = {26},
	journal = {Advertising Age},
	author = {Lauterborn, B.},
	year = {1990},
}

@book{llorente_alonso_marketing_2017,
	address = {Madrid},
	title = {Marketing {Educativo}. {Captación} y fidelización de alumnos},
	publisher = {Madrid: ESIC Editorial, 2017},
	author = {Llorente Alonso, C.},
	year = {2017},
}

@article{lyu_problemas_2021,
	title = {Problemas éticos en la investigación con neuromarketing: una revisión de la literatura},
	issn = {1575-2844},
	shorttitle = {Problemas éticos en la investigación con neuromarketing},
	url = {https://www.vivatacademia.net/index.php/vivat/article/view/1351},
	doi = {10.15178/va.2021.154.e1351},
	urldate = {2022-08-25},
	journal = {Vivat Academia},
	author = {Lyu, D. and Mañas-Viniegra, L.},
	month = may,
	year = {2021},
	pages = {263--283},
}

@book{malfitano_neuromarketing._2016,
	address = {Buenos Aires},
	title = {Neuromarketing. {Cerebrando} negocios y servicios},
	publisher = {Granica},
	author = {Malfitano, O. and  Artega, R. and Ramano, S. and Scinica, E. },
	year = {2016},
}

@book{mccarthy_basic_1964,
	address = {Illinois},
	edition = {2nd ed},
	title = {Basic marketing: a managerial approach},
	publisher = {R.D. Irwin, Homewood},
	author = {McCarthy, J.},
	year = {1964},
	keywords = {Marketing, Management},
}

@phdthesis{mengual_importance_2011,
	type = {Doctoral {Thesis}},
	title = {The importance perceived by teachers and students on the inclusion of digital competence in higher education},
	school = {University of Alicante},
	author = {Mengual, S.},
	year = {2011},
}

@article{schermelleh_._2003,
	title = {. {Evaluating} the {Fit} of {Structural} {Equation} {Models}: {Tests} of {Significance} and {Descriptive} {Goodness}-of-{Fit} {Measures}},
	volume = {8},
	number = {2},
	journal = {Methods of Psychological Research},
	author = {Schermelleh, K. and Moosbrugger, H. and Muller, H.},
	year = {2003},
	pages = {23--74},
}

@article{solnais_contribution_2013,
	title = {The contribution of neuroscience to consumer research: {A} conceptual framework and empirical review},
	volume = {36},
	issn = {01674870},
	shorttitle = {The contribution of neuroscience to consumer research},
	url = {https://linkinghub.elsevier.com/retrieve/pii/S0167487013000433},
	doi = {10.1016/j.joep.2013.02.011},
	language = {en},
	urldate = {2022-08-25},
	journal = {Journal of Economic Psychology},
	author = {Solnais, C. and Andreu-Perez, J. and Sánchez, J. and Andréu-Abela, J.},
	month = jun,
	year = {2013},
	pages = {68--81},
}

@article{steiger_understanding_2007,
	title = {Understanding the limitations of global fit assessment in structural equation modeling},
	volume = {42},
	issn = {01918869},
	url = {https://linkinghub.elsevier.com/retrieve/pii/S0191886906003825},
	doi = {10.1016/j.paid.2006.09.017},
	language = {en},
	number = {5},
	urldate = {2022-08-25},
	journal = {Personality and Individual Differences},
	author = {Steiger, James H.},
	year = {2007},
	pages = {893--898},
}

@book{george_spss_2003,
	address = {Boston, MA},
	edition = {(4th ed.)},
	title = {{SPSS} for {Windows} step by step: {A} simple guide and reference},
	publisher = {Allyn \& Bacon},
	author = {George, D. and Mallery, P.},
	year = {2003},
}