
@book{george_spss_2003,
	address = {Boston, MA},
	edition = {(4th ed.)},
	title = {{SPSS} for {Windows} step by step: {A} simple guide and reference},
	publisher = {Allyn \& Bacon},
	author = {George, D. and Mallery, P.},
	year = {2003},
}
