@book{jakobson1960,
    title         = {Linguística e comunicação},
    author        = {Roman Jakobson},
    year          = {1960},
    publisher     = {Cultrix},
    address       = {São Paulo},
    translator    = {José Paulo Paes},
}

@book{halliday1976,
    title         = {Cohesion in English},
    author        = {Michael Alexander K. Halliday and Ruqaiya Hasan},
    year          = {1976},
    publisher     = {Longman},
    address       = {London},
    series        = {English Language Series},
    pages         = {374},
}

@book{barthes1978,
    title         = {Aula},
    author        = {Roland Barthes},
    year          = {1978},
    publisher     = {Cultrix},
    address       = {São Paulo},
    translator    = {Leyla Perrone-Moisés},
}

@book{beaugrande1981,
    title         = {Introduction to Text Linguistics},
    author        = {Robert-Alain de Beaugrande and W. U. Dressler},
    year          = {1981},
    publisher     = {Longman},
    address       = {London},
    series        = {Longman Linguistics Library},
    pages         = {270},
}

@book{setzer1992,
    title         = {Algoritmos e sua análise (uma introdução didática)},
    author        = {Valdemar Waingort Setzer and Fábio Henrique Carvalheiro},
    year          = {1992},
    publisher     = {Ime-usp},
    address       = {São Paulo},
    url           = {https://repositorio.usp.br/directbitstream/04e5b2e5-8633-4286-b5e1-774e4e71aa6f/837573.pdf},
    urldate       = {2025-06-16},
}

@book{beaugrande1997,
    title         = {A New foundations for a science of text and discourse: cognition, comunication, and the freedom of access to knowledge and society},
    author        = {Robert-Alain de Beaugrande},
    year          = {1997},
    publisher     = {Ablex Publishing Corporation},
    address       = {Norwood},
}

@article{brin1998,
    title         = {The anatomy of a large-scale hypertextual web search engine},
    author        = {Sergey Brin and Larry Page},
    year          = {1998},
    journal       = {Computer Networks and ISDN Systems},
    volume        = {30},
    number        = {1-7},
    pages         = {107--117},
    url           = {http://ilpubs.stanford.edu:8090/361/1/1998-8.pdf},
    urldate       = {2025-06-16},
}

@book{galloway2004,
    title         = {Protocol: How control exists after decentralization},
    author        = {Alexander R. Galloway},
    year          = {2004},
    publisher     = {MIT Press},
    address       = {Cambridge},
    pages         = {280},
}

@book{koch2006,
    title         = {Introdução à Linguística Textual},
    author        = {Ingedore Villaça Koch},
    year          = {2006},
    publisher     = {Martins Fontes},
    address       = {São Paulo},
}

@book{marcuschi2008,
    title         = {Produção textual, análise de gêneros e compreensão},
    author        = {Luís Antônio Marcuschi},
    year          = {2008},
    publisher     = {Parábola Editorial},
    address       = {São Paulo},
}

@book{pasquale2015black,
    title         = {The Black Box Society: the secret algorithms that control money and information},
    author        = {Frank Pasquale},
    year          = {2015},
    publisher     = {Harvard University Press},
    address       = {Cambridge, MA},
}

@article{hill2016,
    title         = {What an Algorithm Is},
    author        = {Robin K. Hill},
    year          = {2016},
    journal       = {Philosophy \& Technology},
    volume        = {29},
    number        = {1},
    pages         = {35--59},
    url           = {https://link.springer.com/article/10.1007/s13347-014-0184-5},
    urldate       = {2025-06-16},
}

@inproceedings{buolamwini2018,
    title         = {Gender shades: intersectional accuracy disparities in commercial gender classification},
    author        = {Joy Buolamwini and Timnit Gebru},
    year          = {2018},
    booktitle     = {Proceedings of Machine Learning Research},
    volume        = {81},
    pages         = {1--15},
    url           = {http://proceedings.mlr.press/v81/buolamwini18a.html},
    urldate       = {2025-06-16},
}

@book{oneil2020,
    title         = {Algoritmos de destruição em massa: como o big data aumenta a desigualdade e ameaça a democracia},
    author        = {Cathy O'Neil},
    year          = {2020},
    publisher     = {Rua do Sabão},
    address       = {Santo André},
    translator    = {Rafael Abraham},
}

@book{garcia2021,
    title         = {Cidadãos substituídos por algoritmos},
    author        = {Nestor García-Canclini},
    year          = {2021},
    publisher     = {Editora da Universidade de São Paulo},
    address       = {São Paulo},
}

@article{ludermir2021,
    title         = {Inteligência Artificial e Aprendizado de Máquina: estado atual e tendências},
    author        = {Teresa Bernarda Ludermir},
    year          = {2021},
    journal       = {Estudos Avançados},
    address       = {São Paulo},
    volume        = {35},
    number        = {101},
    pages         = {85--94},
    url           = {https://www.scielo.br/j/ea/a/wXBdv8yHBV9xHz8qG5RCgZd/},
    urldate       = {2025-06-16},
}

@book{noble2021,
    title         = {Algoritmos da opressão: como o Google fomenta e lucra com o racismo},
    author        = {Umoja Safiya Noble},
    year          = {2021},
    publisher     = {Rua do Sabão},
    address       = {Santo André},
    translator    = {Felipe Damorim},
}

@book{crawford2021atlas,
    title         = {Atlas of AI: power, politics, and the planetary costs of artificial intelligence},
    author        = {Kate Crawford},
    year          = {2021},
    publisher     = {Yale University Press},
    address       = {New Haven},
}

@article{loya2022,
    title         = {Racial stratification among latinos in the mortgage market},
    author        = {José Loya},
    year          = {2022},
    journal       = {Race and Social Problems},
    volume        = {14},
    pages         = {39--52},
    doi           = {10.1007/s12552-021-09326-3},
}

@book{silva2022,
    title         = {Racismo algorítmico: inteligência artificial e discriminação nas redes digitais},
    author        = {Tarcízio Roberto Silva},
    year          = {2022},
    publisher     = {Edições SESC},
    address       = {São Paulo},
}

@book{santaella2023,
    title         = {A inteligência artificial é inteligente?},
    author        = {Lúcia Santaella},
    year          = {2023},
    publisher     = {Edições 70},
    address       = {São Paulo},
}

@article{araujo2024_racismo_ia,
    title         = {Racismo algorítmico e inteligência artificial: uma análise crítica multimodal},
    author        = {J. Araújo and J. Araújo},
    year          = {2024},
    journal       = {Revista Linguagem em Foco},
    volume        = {16},
    number        = {2},
    pages         = {89--109},
}

@article{araujo2024_microagressoes,
    title         = {Racismo algorítmico e microagressões nas redes sociais},
    author        = {J. Araújo},
    year          = {2024},
    journal       = {Domínio de Lingu@gem},
    address       = {Uberlândia},
    volume        = {18},
    pages         = {1--37},
}

@article{alhasnawi2024,
    title         = {A new methodology for reducing carbon emissions using multi-renewable energy systems and artificial intelligence},
    author        = {Bilal Naji Alhasnawi and others},
    year          = {2024},
    journal       = {Sustainable Cities and Society},
    volume        = {114},
    pages         = {105721},
    url           = {https://www.sciencedirect.com/science/article/pii/S2210670724005468},
    urldate       = {2025-06-16},
}

@article{farries2024,
    title         = {The platformisation of cancel culture},
    author        = {Elizabeth Farries and Páraic Kerrigan and Eugenia Siapera},
    year          = {2024},
    journal       = {Television \& New Media},
    pages         = {15274764241277469},
    doi           = {10.1177/15274764241277469},
}

@article{onwuegbuzia2024,
    title         = {Digital disparities: how artificial intelligence can facilitate anti-black racism in the US healthcare sector},
    author        = {Anthony Victor Onwuegbuzia},
    year          = {2024},
    journal       = {International Relations},
    volume        = {12},
    number        = {1},
    pages         = {40--50},
    doi           = {10.17265/2328-2134/2024.01.005},
}

@book{araujo2025_necroalgoritmizacao,
    title         = {Necroalgoritmização: notas para definir o racismo algorítmico},
    author        = {J. Araújo},
    year          = {2025},
    publisher     = {Mercado de Letras},
    address       = {São Paulo},
}
