@article{akerblad2021,
	title = {Integrative {Strategies} in {Mixed} {Methods} {Research}},
	volume = {15},
	url = {http://journals.sagepub.com/doi/10.1177/1558689820957125},
	doi = {10.1177/1558689820957125},
	number = {2},
	urldate = {2022-01-19},
	journal = {Journal of Mixed Methods Research},
	author = {Åkerblad, Leena and Seppänen-Järvelä, Riitta and Haapakoski, Kaisa},
	month = apr,
	year = {2021},
	pages = {152--170},
}
@article{aljaloud2015,
	title = {Research trends in student response systems: a literature review},
	volume = {10},
	url = {http://www.inderscience.com/link.php?id=74073},
	doi = {10.1504/IJLT.2015.074073},
	number = {4},
	urldate = {2022-01-19},
	journal = {International Journal of Learning Technology},
	author = {Aljaloud, Abdulaziz and Gromik, Nicolas and Billingsley, William and Kwan, Paul},
	year = {2015},
	pages = {313},
}
@article{amalia2020,
	title = {Quizizz {Website} as an {Online} {Assessment} for {English} {Teaching} and {Learning}: {Students}’ {Perspectives}},
	volume = {7},
	url = {https://e-journal.undikma.ac.id/index.php/joelt/article/view/2638},
	doi = {10.33394/jo-elt.v7i1.2638},
	number = {1},
	urldate = {2022-01-19},
	journal = {Jo-ELT (Journal of English Language Teaching) Fakultas Pendidikan Bahasa \& Seni Prodi Pendidikan Bahasa Inggris IKIP},
	author = {Amalia, Dinda Firly},
	month = jun,
	year = {2020},
	pages = {1},
}
@article{andayani2021,
	title = {Indonesian students’experiences in studying foreign language using technology},
	volume = {19},
	copyright = {Copyright (c) 2021 Widya Andayani, Rika Andriani, Sherina Rizky Amelya, Hesti Isra Ayu Octavia, Marisi Debora},
	url = {https://ejournal.unib.ac.id/index.php/jwacana/article/view/18335},
	doi = {10.33369/jwacana.v19i2.18335},
	language = {en},
	number = {2},
	urldate = {2022-01-19},
	journal = {Wacana: Jurnal Penelitian Bahasa, Sastra dan Pengajaran},
	author = {Andayani, Widya and Andriani, Rika and Amelya, Sherina Rizky and Octavia, Hesti Isra Ayu and Debora, Marisi},
	year = {2021},
	pages = {38--45},
}
@article{awedh2014,
	title = {Using {Socrative} and {Smartphones} for the support of collaborative learning},
	volume = {3},
	url = {http://www.airccse.org/journal/ijite/papers/3414ijite02.pdf},
	doi = {10.5121/ijite.2014.3402},
	number = {4},
	urldate = {2022-01-19},
	journal = {International Journal on Integrating Technology in Education},
	author = {Awedh, Mohammad and Mueen, Ahmed and Zafar, Bassam and Manzoor, Umar},
	month = dec,
	year = {2014},
	pages = {17--24},
}
@inproceedings{awwal2015,
	title = {Game {Design} for {Learning} to {Solve} {Problems} in a {Collaborative} {Environment}},
	url = {https://www.academia.edu/26169057/Game_Design_for_Learning_to_Solve_Problems_in_a_Collaborative_Environment},
	urldate = {2022-01-19},
	booktitle = {{ACADEMIC} {CONFERENCES} {INTERNATIONAL} {LIMITED}},
	author = {Awwal, Nafisa and Alom, Monjurul and Care, Esther},
	year = {2015},
}
@article{balta2018,
	title = {Using socrative as an online homework platform to increase students’ exam scores},
	volume = {23},
	url = {http://link.springer.com/10.1007/s10639-017-9638-6},
	doi = {10.1007/s10639-017-9638-6},
	number = {2},
	urldate = {2022-01-19},
	journal = {Education and Information Technologies},
	author = {Balta, Nuri and Perera-Rodríguez, Víctor-Hugo and Hervás-Gómez, Carlos},
	month = mar,
	year = {2018},
	pages = {837--850},
}
@article{bicen2018,
	title = {Perceptions of {Students} for {Gamification} {Approach}: {Kahoot} as a {Case} {Study}},
	volume = {13},
	url = {http://online-journals.org/index.php/i-jet/article/view/7467},
	doi = {10.3991/ijet.v13i02.7467},
	number = {02},
	urldate = {2022-01-19},
	journal = {International Journal of Emerging Technologies in Learning (iJET)},
	author = {Bicen, Huseyin and Kocakoyun, Senay},
	month = feb,
	year = {2018},
	pages = {72},
}
@article{bottentuit2020,
	title = {Assessment for learning with mobile apps: exploring the potential of quizizz in the educational context {\textbar} {International} {Journal} of {Development} {Research} ({IJDR})},
	volume = {10},
	url = {http://www.journalijdr.com/assessment-learning-mobile-apps-exploring-potential-quizizz-educational-context},
	number = {1},
	urldate = {2022-01-19},
	journal = {International Journal of Development Research},
	author = {Bottentuit, João Batista},
	year = {2020},
	pages = {33366--33371},
}
@article{chaiklin2003,
	title = {The {Zone} of {Proximal} {Development} in {Vygotsky}'s {Analysis} of {Learning} and {Instruction}},
	volume = {1},
	url = {https://www.cambridge.org/core/product/identifier/CBO9780511840975A013/type/book_part},
	urldate = {2022-01-19},
	journal = {Vygotsky's Educational Theory in Cultural Context},
	author = {Chaiklin, Seth},
	editor = {Kozulin, Alex and Gindis, Boris and Ageyev, Vladimir S. and Miller, Suzanne M.},
	month = sep,
	year = {2003},
	pages = {39--64},
}
@inproceedings{chaiyo2017,
	address = {Chiang Mai, Thailand},
	title = {The effect of {Kahoot}, {Quizizz} and {Google} {Forms} on the student's perception in the classrooms response system},
	url = {http://ieeexplore.ieee.org/document/7904957/},
	doi = {10.1109/ICDAMT.2017.7904957},
	urldate = {2022-01-19},
	booktitle = {2017 {International} {Conference} on {Digital} {Arts}, {Media} and {Technology} ({ICDAMT})},
	publisher = {IEEE},
	author = {Chaiyo, Yanawut and Nokham, Ranchana},
	year = {2017},
	pages = {178--182},
}
@article{dakka2015,
	title = {Using {Socrative} to {Enhance} {In}-{Class} {Student} {Engagement} and {Collaboration}},
	volume = {4},
	url = {http://www.airccse.org/journal/ijite/papers/4315ijite02.pdf},
	doi = {10.5121/ijite.2015.4302},
	number = {3},
	urldate = {2022-01-19},
	journal = {International Journal on Integrating Technology in Education},
	author = {Dakka, Sam},
	month = sep,
	year = {2015},
	pages = {13--19},
}
@article{degirmenci2021,
	title = {The {Use} of {Quizizz} in {Language} {Learning} and {Teaching} from the {Teachers}' and {Students}’ {Perspectives}: {A} {Literature} {Review}},
	volume = {1},
	copyright = {Copyright (c) 2021 Rukiye Degirmenci},
	url = {https://langedutech.com/letjournal/index.php/let/article/view/12},
	number = {1},
	urldate = {2022-01-19},
	journal = {Language Education and Technology},
	author = {Degirmenci, Rukiye},
	month = mar,
	year = {2021},
	keywords = {perspectives},
	pages = {1--11},
}
@article{dervan2014,
	title = {Increasing in-class student engagement using {Socrative} (an online {Student} {Response} {System})},
	volume = {6},
	copyright = {Copyright (c) 2016 AISHE-J: The All Ireland Journal of Teaching and Learning in Higher Education},
	url = {https://ojs.aishe.org/index.php/aishe-j/article/view/180},
	number = {3},
	urldate = {2022-01-19},
	journal = {All Ireland Journal of Higher Education},
	author = {Dervan, Paul},
	month = oct,
	year = {2014},
	keywords = {Learning},
}
@article{dewi2021,
	title = {{EFL} {Students}’ {Perspective} {On} {The} {Use} {Of} {Quizizz} {As} {Online} {Learning} {Media} {During} {COVID}-19 {Pandemic}},
	volume = {2},
	url = {https://dspace.uii.ac.id/handle/123456789/33535},
	number = {2},
	urldate = {2022-01-19},
	author = {Dewi, Naomi Nirwasita and Astuti, Irma Windy},
	month = jul,
	year = {2021},
	pages = {59--68},
}
@article{dichev2017,
	title = {Gamifying education: what is known, what is believed and what remains uncertain: a critical review},
	volume = {14},
	url = {https://educationaltechnologyjournal.springeropen.com/articles/10.1186/s41239-017-0042-5},
	doi = {10.1186/s41239-017-0042-5},
	number = {1},
	urldate = {2022-01-19},
	journal = {International Journal of Educational Technology in Higher Education},
	author = {Dichev, Christo and Dicheva, Darina},
	month = dec,
	year = {2017},
	pages = {9},
}
@article{dominguez2013,
	title = {Gamifying {Learning} {Experiences}: {Practical} {Implications} and {Outcomes}},
	volume = {63},
	doi = {10.1016/j.compedu.2012.12.020},
	urldate = {2022-01-19},
	journal = {Computers \& Education},
	author = {Dominguez, Adrian and Saenz-de-Navarrete, Joseba and de-Marcos, Luis and Fernandez-Sanz, Luis and Pages, Carmen and Martinez-Herraiz, Jose-Javier},
	month = apr,
	year = {2013},
	pages = {380--392},
}
@article{doumanis2019,
	title = {The impact of multimodal collaborative virtual environments on learning: {A} gamified online debate},
	volume = {130},
	url = {https://linkinghub.elsevier.com/retrieve/pii/S0360131518302537},
	doi = {10.1016/j.compedu.2018.09.017},
	urldate = {2022-01-19},
	journal = {Computers \& Education},
	author = {Doumanis, Ioannis and Economou, Daphne and Sim, Gavin Robert and Porter, Stuart},
	month = mar,
	year = {2019},
	pages = {121--138},
}
@article{fakhruddin2020,
	title = {Students’perception on {Quizizz} as game based learning in learning grammar in writen discourse},
	volume = {4},
	url = {http://wej.unwir.ac.id/index.php/wej/article/view/101},
	doi = {10.31943/wej.v4i2.101},
	number = {2},
	urldate = {2022-01-19},
	journal = {Wiralodra English Journal},
	author = {Fakhruddin, Afief and Nurhidayat, Eka},
	month = oct,
	year = {2020},
	pages = {28--38},
}
@book{gideon2012,
	address = {New York},
	title = {Handbook of survey methodology for the social sciences},
	publisher = {Springer},
	editor = {Gideon, Lior},
	year = {2012},
}
@article{goksun2019,
	title = {Comparing success and engagement in gamified learning experiences via {Kahoot} and {Quizizz}},
	volume = {135},
	url = {https://linkinghub.elsevier.com/retrieve/pii/S0360131519300442},
	doi = {10.1016/j.compedu.2019.02.015},
	urldate = {2022-01-19},
	journal = {Computers \& Education},
	author = {Göksün, Derya and Gürsoy, Gülden},
	month = jul,
	year = {2019},
	pages = {15--29},
}
@article{grinias2017,
	title = {Making a {Game} {Out} of {It}: {Using} {Web}-{Based} {Competitive} {Quizzes} for {Quantitative} {Analysis} {Content} {Review}},
	volume = {94},
	url = {https://pubs.acs.org/doi/10.1021/acs.jchemed.7b00311},
	doi = {10.1021/acs.jchemed.7b00311},
	number = {9},
	urldate = {2022-01-19},
	journal = {Journal of Chemical Education},
	author = {Grinias, James P.},
	month = sep,
	year = {2017},
	pages = {1363--1366},
}
@article{hanus2015,
	title = {Assessing the effects of gamification in the classroom: {A} longitudinal study on intrinsic motivation, social comparison, satisfaction, effort, and academic performance},
	volume = {80},
	url = {https://linkinghub.elsevier.com/retrieve/pii/S0360131514002000},
	doi = {10.1016/j.compedu.2014.08.019},
	urldate = {2022-01-19},
	journal = {Computers \& Education},
	author = {Hanus, Michael D. and Fox, Jesse},
	month = jan,
	year = {2015},
	pages = {152--161},
}
@article{hung2017,
	title = {Clickers in the flipped classroom: bring your own device ({BYOD}) to promote student learning},
	volume = {25},
	url = {https://www.tandfonline.com/doi/full/10.1080/10494820.2016.1240090},
	doi = {10.1080/10494820.2016.1240090},
	number = {8},
	urldate = {2022-01-19},
	journal = {Interactive Learning Environments},
	author = {Hung, Hsiu-Ting},
	month = nov,
	year = {2017},
	pages = {983--995},
}
@article{iaremenko2017,
	title = {Enhancing {English} language learners’ motivation through online games},
	volume = {59},
	url = {https://journal.iitta.gov.ua/index.php/itlt/article/view/1606},
	doi = {10.33407/itlt.v59i3.1606},
	number = {3},
	urldate = {2022-01-19},
	journal = {Information Technologies and Learning Tools},
	author = {Iaremenko, Nataliia V.},
	month = jun,
	year = {2017},
	pages = {126},
}
@article{infante-villagran2021,
	title = {Aplicaciones que emplean y recomendaciones que entregan las y los docentes universitarios para la autorregulación del aprendizaje en contexto de la pandemia por {COVID}-19},
	volume = {14},
	url = {https://periodicos.ufmg.br/index.php/textolivre/article/view/33027},
	doi = {10.35699/1983-3652.2021.33027},
	number = {3},
	urldate = {2022-01-19},
	journal = {Texto Livre: Linguagem e Tecnologia},
	author = {Infante-Villagrán, Valeria Aylín and Dapelo Pellerano, Bianca Maria Pia and Cobo-Rendon, Rubia and López-Angulo, Yaranay and Escobar Alaniz, Bertha and Beyle, Christian},
	month = aug,
	year = {2021},
	pages = {e33027},
}
@article{irwansyah2021,
	title = {Implementing {Quizizz} as {Game} {Based} {Learning} and {Assessment} in the {English} {Classroom}},
	volume = {3},
	url = {https://journal.umbjm.ac.id/index.php/TEFLA/article/view/756},
	number = {1},
	urldate = {2022-01-19},
	journal = {TEFLA Journal (Teaching English as Foreign Language and Applied Linguistic Journal)},
	author = {Irwansyah, Rudi and Izzati, Muna},
	month = jun,
	year = {2021},
	pages = {13--18},
}
@article{ismail2019,
	title = {Using {Kahoot}! as a formative assessment tool in medical education: a phenomenological study},
	volume = {19},
	url = {https://bmcmededuc.biomedcentral.com/articles/10.1186/s12909-019-1658-z},
	doi = {10.1186/s12909-019-1658-z},
	number = {1},
	urldate = {2022-01-21},
	journal = {BMC Medical Education},
	author = {Ismail, Muhd Al-Aarifin and Ahmad, Anisa and Mohammad, Jamilah Al-Muhammady and Fakri, Nik Mohd Rizal Mohd and Nor, Mohd Zarawi Mat and Pa, Mohamad Najib Mat},
	month = dec,
	year = {2019},
	pages = {230},
}
@article{licorish2018,
	title = {Students’ perception of {Kahoot}!’s influence on teaching and learning},
	volume = {13},
	url = {https://telrp.springeropen.com/articles/10.1186/s41039-018-0078-8},
	doi = {10.1186/s41039-018-0078-8},
	number = {1},
	urldate = {2022-01-21},
	journal = {Research and Practice in Technology Enhanced Learning},
	author = {Licorish, Sherlock A. and Owen, Helen E. and Daniel, Ben and George, Jade Li},
	month = dec,
	year = {2018},
	pages = {9},
}
@article{magadan-diaz2021,
	title = {empleo de los recursos audiovisuales como herramienta de aprendizaje},
	volume = {10},
	url = {https://journals.eagora.org/revTECHNO/article/view/3118},
	doi = {10.37467/gkarevtechno.v10.3118},
	number = {2},
	urldate = {2022-01-21},
	journal = {TECHNO REVIEW. International Technology, Science and Society Review},
	author = {Magadán-Díaz, Marta and Rivas-García, Jesús I.},
	month = dec,
	year = {2021},
	pages = {185--198},
}
@article{malone1981,
	title = {Toward a {Theory} of {Intrinsically} {Motivating} {Instruction}*},
	volume = {5},
	url = {http://doi.wiley.com/10.1207/s15516709cog0504_2},
	doi = {10.1207/s15516709cog0504_2},
	number = {4},
	urldate = {2022-01-21},
	journal = {Cognitive Science},
	author = {Malone, Thomas W.},
	month = oct,
	year = {1981},
	pages = {333--369},
}
@incollection{malone1987,
	address = {Hillsdale, New Jersey},
	title = {Making {Learning} {Fun}: {A} {Taxonomy} of {Intrinsic} {Motivations} for {Learning}},
	volume = {3: Conative and Affective Process Analyses},
	booktitle = {Aptitude, {Learning}, and {Instruction}},
	publisher = {Lawrence Erlbaum Associates Publishers},
	author = {Malone, Thomas W. and Lepper, Mark R.},
	editor = {Snow, Richard E. and Farr, Marshall J},
	year = {1987},
	pages = {223--253},
}
@article{mason2021,
	title = {Teachers’ {Perception} towards the {Use} of {Quizizz} in the {Teaching} and {Learning} of {English}: {A} {Systematic} {Review}},
	volume = {13},
	url = {https://www.mdpi.com/2071-1050/13/11/6436},
	doi = {10.3390/su13116436},
	number = {11},
	urldate = {2022-01-21},
	journal = {Sustainability},
	author = {Mason, Thomas and Yunus, Melor Md},
	month = jun,
	year = {2021},
	pages = {6436},
}
@article{mekler2017,
	title = {Towards understanding the effects of individual gamification elements on intrinsic motivation and performance},
	volume = {71},
	url = {https://linkinghub.elsevier.com/retrieve/pii/S0747563215301229},
	doi = {10.1016/j.chb.2015.08.048},
	urldate = {2022-01-21},
	journal = {Computers in Human Behavior},
	author = {Mekler, Elisa D. and Brühlmann, Florian and Tuch, Alexandre N. and Opwis, Klaus},
	month = jun,
	year = {2017},
	pages = {525--534},
}
@article{mendez2013,
	title = {Software "{Socrative}" and {Smartphones} as {Tools} for {Implementation} of {Basic} {Processes} of {Active} {Physics} {Learning} in {Classroom}: {An} {Initial} {Feasibility} {Study} with {Prospective} {Teachers}},
	volume = {4},
	url = {https://eric.ed.gov/?id=EJ1052308},
	number = {2},
	urldate = {2022-01-21},
	journal = {European Journal of Physics Education},
	author = {Méndez, David and Slisko, Josip},
	year = {2013},
	pages = {17--24},
}
@article{mohamad2020,
	title = {Student as teacher – alternative revision method via {Quizizz} app},
	volume = {21},
	url = {http://ejournal.ukm.my/malim/article/view/44178/11366},
	doi = {10.17576/malim-2020-2101-12},
	number = {1},
	urldate = {2022-01-21},
	journal = {MALIM: Jurnal Pengajian Umum Asia Tenggara},
	author = {Mohamad, Amirul Mukminin},
	month = nov,
	year = {2020},
	pages = {150--159},
}
@article{nielsen2013,
	title = {Teaching with student response systems ({SRS}): teacher-centric aspects that can negatively affect students’ experience of using {SRS}},
	volume = {21},
	url = {https://journal.alt.ac.uk/index.php/rlt/article/view/1340},
	doi = {10.3402/rlt.v21i0.18989},
	urldate = {2022-01-21},
	journal = {Research in Learning Technology},
	author = {Nielsen, Kjetil L. and Hansen, Gabrielle and Stav, John B.},
	month = jun,
	year = {2013},
}
@article{pahamzah2020,
	title = {Quizizz as a {Students}’ {Reading} {Comprehension} {Learning} {Media}: {A} {Case} {Study} at the {Eleventh} {Grade} of {Dwi} {Putra} {Bangsa} {Vocational} {School} in {Cimanggu}},
	volume = {8},
	url = {https://www.eajournals.org/journals/international-journal-of-english-language-and-linguistics-research-ijellr/vol-8-issue-5-november-2020/quizizz-as-a-students-reading-comprehension-learning-media-a-case-study-at-the-eleventh-grade-of-dwi-putra-bangsa-vocational-school-in-cimanggu/},
	number = {5},
	urldate = {2022-01-21},
	journal = {International Journal of English Language and Linguiatics Research},
	author = {Pahamzah, John and {Syafrizal Syafrizal} and {Yudi Juniardi} and Sukaenah, Phita Matsnah},
	year = {2020},
	pages = {27--33},
}
@article{rahmawati2021,
	title = {Students’ {Perceptions} {Toward} {Quizizz} as an {Online} {Learning} {Media}},
	volume = {3},
	url = {http://ejournal.iainmadura.ac.id/index.php/panyonara/article/view/4282},
	doi = {10.19105/panyonara.v3i1.4282},
	number = {1},
	urldate = {2022-01-21},
	journal = {PANYONARA: Journal of English Education},
	author = {Rahmawati, Sari},
	month = mar,
	year = {2021},
	pages = {62--70},
}
@article{robson2015,
	title = {Is it all a game? {Understanding} the principles of gamification},
	volume = {58},
	url = {https://linkinghub.elsevier.com/retrieve/pii/S000768131500035X},
	doi = {10.1016/j.bushor.2015.03.006},
	number = {4},
	urldate = {2022-01-21},
	journal = {Business Horizons},
	author = {Robson, Karen and Plangger, Kirk and Kietzmann, Jan H. and McCarthy, Ian and Pitt, Leyland},
	month = jul,
	year = {2015},
	pages = {411--420},
}
@article{ryan2000,
	title = {Self-determination theory and the facilitation of intrinsic motivation, social development, and well-being.},
	volume = {55},
	url = {http://doi.apa.org/getdoi.cfm?doi=10.1037/0003-066X.55.1.68},
	doi = {10.1037/0003-066X.55.1.68},
	number = {1},
	urldate = {2022-01-21},
	journal = {American Psychologist},
	author = {Ryan, Richard M. and Deci, Edward L.},
	year = {2000},
	pages = {68--78},
}
@article{sahak2021,
	title = {Students’ {Acceptance} towards {Kahoot} {Application} in {Mastering} {Culinary} {Terminology}},
	volume = {27},
	copyright = {Copyright (c) 2021 Jurnal Pendidikan Teknologi dan Kejuruan},
	url = {https://journal.uny.ac.id/index.php/jptk/article/view/38391},
	doi = {10.21831/jptk.v27i1.38391},
	number = {1},
	urldate = {2022-01-21},
	journal = {Jurnal Pendidikan Teknologi dan Kejuruan},
	author = {Sahak, Adibah Aishah Md and Rahman, Abdul Wafi Abdul and Ismail, Mohd Raden Farhan Helmy Raden and Rohiat, Mohd Akmal and Yazid, Nur Diyana Mohd and Aminudin, Siti Nurshafiqa and Zakariah, Siti Hajar},
	month = apr,
	year = {2021},
	pages = {1--6},
}
@article{saleem2021,
	title = {Gamification {Applications} in {E}-learning: {A} {Literature} {Review}},
	url = {http://link.springer.com/10.1007/s10758-020-09487-x},
	doi = {10.1007/s10758-020-09487-x},
	urldate = {2022-01-21},
	journal = {Technology, Knowledge and Learning},
	author = {Saleem, Awaz Naaman and Noori, Narmin Mohammed and Ozdamli, Fezile},
	month = jan,
	year = {2021},
}
@article{sanchez2020,
	title = {Gamification in the classroom: {Examining} the impact of gamified quizzes on student learning},
	volume = {144},
	url = {https://linkinghub.elsevier.com/retrieve/pii/S0360131519302192},
	doi = {10.1016/j.compedu.2019.103666},
	urldate = {2022-01-21},
	journal = {Computers \& Education},
	author = {Sanchez, Diana R. and Langer, Markus and Kaur, Rupinder},
	month = jan,
	year = {2020},
	pages = {103666},
}
@article{schoonenboom2017,
	title = {How to {Construct} a {Mixed} {Methods} {Research} {Design}},
	volume = {69},
	url = {http://link.springer.com/10.1007/s11577-017-0454-1},
	doi = {10.1007/s11577-017-0454-1},
	number = {S2},
	urldate = {2022-01-21},
	journal = {KZfSS Kölner Zeitschrift für Soziologie und Sozialpsychologie},
	author = {Schoonenboom, Judith and Johnson, R. Burke},
	month = oct,
	year = {2017},
	pages = {107--131},
}
@article{vergara_rodriguez2019,
	title = {Metodología {Innovadora} basada en la {Gamificación} {Educativa}: {Evaluación} {Tipo} {Test} con la {Herramienta} {QUIZIZZ}},
	volume = {23},
	url = {https://revistaseug.ugr.es/index.php/profesorado/article/view/11232},
	doi = {10.30827/profesorado.v23i3.11232},
	number = {3},
	urldate = {2022-01-21},
	journal = {Profesorado, Revista de Currículum y Formación del Profesorado},
	author = {Vergara Rodríguez, Diego and Mezquita Mezquita, José María and Gómez Vallecillo, Ana Isabel},
	month = sep,
	year = {2019},
	pages = {363--387},
}
@book{vygotskii1978,
	address = {Cambridge},
	title = {Mind in society: the development of higher psychological processes},
	publisher = {Harvard University Press},
	author = {Vygotskiĭ, Lev Semiónovich},
	year = {1978},
}
@article{wang2015,
	title = {The wear out effect of a game-based student response system},
	volume = {82},
	url = {https://linkinghub.elsevier.com/retrieve/pii/S0360131514002516},
	doi = {10.1016/j.compedu.2014.11.004},
	urldate = {2022-01-21},
	journal = {Computers \& Education},
	author = {Wang, Alf Inge},
	month = mar,
	year = {2015},
	pages = {217--227},
}
@article{wang2020,
	title = {The effect of using {Kahoot}! for learning – {A} literature review},
	volume = {149},
	url = {https://linkinghub.elsevier.com/retrieve/pii/S0360131520300208},
	doi = {10.1016/j.compedu.2020.103818},
	urldate = {2022-01-21},
	journal = {Computers \& Education},
	author = {Wang, Alf Inge and Tahir, Rabail},
	month = may,
	year = {2020},
	pages = {103818},
}
@article{wentao2017,
	title = {Advantages and {Disadvantages} of {Clicker} {Use} in {Education}:},
	volume = {13},
	url = {http://services.igi-global.com/resolvedoi/resolve.aspx?doi=10.4018/IJICTE.2017010106},
	doi = {10.4018/IJICTE.2017010106},
	number = {1},
	urldate = {2022-01-21},
	journal = {International Journal of Information and Communication Technology Education},
	author = {Wentao, Chen and Jinyu, Zhang and Zhonggen, Yu},
	month = jan,
	year = {2017},
	pages = {61--71},
}
@article{wolff2016,
	title = {Quizlet live: {The} classroom game now taking the world by storm},
	volume = {40},
	url = {https://jalt-publications.org/node/27/articles/5528-quizlet-live-classroom-game-now-taking-world-storm},
	number = {6},
	urldate = {2022-01-21},
	journal = {The Language Teacher},
	author = {Wolff, Gary},
	year = {2016},
	pages = {25--27},
}
@article{yunus2021,
	title = {Exploring a {Gamified} {Learning} {Tool} in the {ESL} {Classroom}: {The} {Case} of {Quizizz}},
	volume = {8},
	url = {http://www.asianonlinejournals.com/index.php/JEELR/article/view/2638},
	doi = {10.20448/journal.509.2021.81.103.108},
	number = {1},
	urldate = {2022-01-21},
	journal = {Journal of Education and e-Learning Research},
	author = {Yunus, Crystal Callista Anak and Hua, Tan Kim},
	month = feb,
	year = {2021},
	pages = {103--108},
}
@article{zhao2019,
	title = {Using {Quizizz} to {Integrate} {Fun} {Multiplayer} {Activity} in the {Accounting} {Classroom}},
	volume = {8},
	copyright = {Copyright (c) 2019 International Journal of Higher Education},
	url = {https://www.sciedu.ca/journal/index.php/ijhe/article/view/14120},
	doi = {10.5430/ijhe.v8n1p37},
	number = {1},
	urldate = {2022-01-21},
	journal = {International Journal of Higher Education},
	author = {Zhao, Fang},
	month = jan,
	year = {2019},
	pages = {37},
}
@article{zuhriyah2020,
	title = {Exploring {Students}' {Views} in the {Use} of {Quizizz} as an {Assessment} {Tool} in {English} as a {Foreign} {Language} ({EFL}) {Class}},
	volume = {8},
	url = {http://www.hrpub.org/journals/article_info.php?aid=9917},
	doi = {10.13189/ujer.2020.081132},
	number = {11},
	urldate = {2022-01-21},
	journal = {Universal Journal of Educational Research},
	author = {Zuhriyah, Siti and Pratolo, Bambang Widi},
	month = oct,
	year = {2020},
	pages = {5312--5317},
}