
@inproceedings{aguiar_desafios_2018,
	title = {Desafios e restrições dos corpora paralelos alinhados online: {Linguee}, {Reverso} {Context} e {MyMemory}},
	url = {https://conferencias.unb.br/index.php/iniciacaocientifica/24CICUNB15DF/paper/view/13407},
	urldate = {2022-02-24},
	booktitle = {24º {Congresso} de {Iniciação} {Científica} da {Unb} e 15º do {DF}},
	author = {Aguiar, L. M.},
	month = nov,
	year = {2018},
}

@article{asik_ict_2020,
	title = {{ICT} integration in {English} language teacher education: insights from {Turkey}, {Portugal} and {Poland}},
	volume = {33},
	url = {https://www.tandfonline.com/doi/full/10.1080/09588221.2019.1588744},
	doi = {10.1080/09588221.2019.1588744},
	number = {7},
	urldate = {2022-02-24},
	journal = {Computer Assisted Language Learning},
	author = {Aşık, A. and Köse, S. and Yangın Ekşi, G. and Seferoğlu, G. and Pereira, R. and Ekiert, M.},
	month = sep,
	year = {2020},
	pages = {708--731},
}

@article{anita_baptista_circulacao_2019,
	title = {A circulação da (des)informação política no {WhatsApp} e no {Facebook}},
	volume = {13},
	url = {https://livrepository.liverpool.ac.uk/3069393},
	number = {3},
	urldate = {2022-02-24},
	journal = {Lumina},
	author = {Anita Baptista, E. and Rossini, P. and Veiga de Oliveira, V. and Stromer-Galley, J.},
	month = dec,
	year = {2019},
	pages = {29--46},
}

@phdthesis{boechat_o_2019,
	address = {Belo Horizonte},
	type = {Mestrado em {Estudos} {Linguísticos}},
	title = {O ensino de {Inglês} e o {WhatsApp}: propiciamentos além dos muros escolares},
	school = {Universidade Federal de Minas Gerais},
	author = {Boechat, G. R.},
	year = {2019},
}

@incollection{bottentuit_junior_o_2017,
	address = {Portugal},
	title = {O aplicativo {Kahoot} na educação: verificando os conhecimentos dos alunos em tempo real},
	url = {http://fatecead.com.br/ma/artigo01.pdf},
	urldate = {2022-02-24},
	booktitle = {Challenges. 2017: {Aprender} nas {Nuvens}, {Learning} in the {Clouds}},
	publisher = {Universidade do Minho},
	author = {Bottentuit Junior, J. B.},
	editor = {Gomes, M. J. and Osório, A. J. and Valente, L.},
	editortype = {organizer},
	year = {2017},
	pages = {1587--1602},
}

@article{braga_aprendizagem_2017,
	title = {Aprendizagem móvel no contexto de formação continuada: um estudo sobre affordances emergentes de interações de professores de inglês via {WhatsApp}},
	volume = {24},
	url = {https://periodicoscientificos.ufmt.br/ojs/index.php/polifonia/article/view/6033},
	number = {35/1},
	urldate = {2022-02-24},
	journal = {Polifonia},
	author = {Braga, J. de C. F. and Gomes Junior, R. C. and Martins, A. C. S.},
	month = dec,
	year = {2017},
	pages = {50--72},
}

@article{braga_reflexoes_2017,
	title = {Reflexões sobre ensino e aprendizagem de línguas na formação de professores via dispositivos móveis},
	volume = {16},
	url = {https://periodicos.ufpe.br/revistas/hipertextus/article/view/247920},
	number = {1},
	urldate = {2022-02-24},
	journal = {Hipertextus - Revista Digital},
	author = {Braga, J. de C. F. and Junior, R. C. G. and Racilan, M.},
	year = {2017},
}

@article{braga_elephant_2021,
	title = {The elephant in the (class)room: {Emergency} {Remote} {Teaching} in an ecological perspective},
	volume = {21},
	url = {http://www.scielo.br/scielo.php?script=sci_arttext&pid=S1984-63982021000401071&tlng=en},
	doi = {10.1590/1984-6398202117890},
	number = {4},
	urldate = {2022-02-24},
	journal = {Revista Brasileira de Linguística Aplicada},
	author = {Braga, J. de C. F. and Martins, A. C. S. and Racilan, M.},
	month = dec,
	year = {2021},
	pages = {1071--1101},
}

@misc{brasil_parametros_2000,
	title = {Parâmetros {Curriculares} {Nacionais}. {Linguagens}, {Códigos} e suas tecnologias},
	publisher = {Ministério da Educação},
	author = {{Brasil}},
	year = {2000},
}

@book{castells_sociedade_2006,
	address = {São Paulo},
	title = {A sociedade em rede},
	publisher = {Paz e Terra},
	author = {Castells, M.},
	year = {2006},
}

@article{caetano_you_2007,
	title = {{YOU} {TUBE}: uma opção para uso do vídeo na {EAD}},
	volume = {5},
	url = {https://seer.ufrgs.br/renote/article/view/14149},
	doi = {10.22456/1679-1916.14149},
	number = {1},
	urldate = {2022-02-24},
	journal = {RENOTE},
	author = {Caetano, S. V. N. and Falkembach, G. A. M.},
	month = jul,
	year = {2007},
}

@book{conselho_da_europa_quadro_2001,
	address = {Porto},
	title = {Quadro comum europeu de referência para as línguas: aprendizagem, ensino, avaliação},
	url = {http://area.dge.mec.pt/gramatica/Quadro_Europeu_total.pdf},
	urldate = {2022-02-24},
	publisher = {Edições Asa},
	author = {{Conselho da Europa}},
	year = {2001},
}

@book{british_council_o_2015,
	address = {São Paulo, SP},
	title = {O ensino de inglês na educação pública brasileira: elaborado com exclusividade para o {British} {Council} pelo {Instituto} de {Pesquisas} {Plano} {CDE}},
	url = {https://www.britishcouncil.org.br/sites/default/files/estudo_oensinodoinglesnaeducacaopublicabrasileira.pdf},
	urldate = {2022-02-24},
	publisher = {British Council Brasil},
	author = {{British Council}},
	year = {2015},
}

@incollection{gartner_por_2016,
	address = {Ouro Preto},
	title = {Por que escrever colaborativamente na aula de inglês usando a tecnologia do google docs?},
	booktitle = {Multiletramentos no ensino de inglês: experiências da escola regular contemporânea},
	publisher = {Instituto Federal de Minas Gerais},
	author = {Gartner, S.},
	editor = {Oliveira, S. B. and Sól, V. dos S. A.},
	editortype = {organizer},
	year = {2016},
	pages = {181--208},
}

@book{geddes_video_1982,
	address = {London},
	title = {Video in the language classroom},
	publisher = {Heinemann Educational Books},
	editor = {Geddes, M. and Sturtridge, G.},
	year = {1982},
}

@article{grespan_escrita_2017,
	title = {Escrita acadêmica e o ensino do léxico: o problema de inadequação vocabular},
	volume = {9},
	url = {https://revistas.uece.br/index.php/linguagememfoco/article/view/1584},
	number = {2},
	urldate = {2022-02-24},
	journal = {Revista Linguagem em Foco},
	author = {Grespan, T. M.},
	year = {2017},
	pages = {137--146},
}

@misc{hart_edu100:_nodate,
	title = {{EDU100}: {Top} 100 {Tools} for {Higher} {Education} 2019},
	url = {https://www.toptools4learning.com/},
	urldate = {2022-02-24},
	year = {2019},
	author = {Hart, J.},
}

@phdthesis{honorato_duolingo_2018,
	address = {São José do Rio Preto},
	type = {Mestrado em {Ensino} e {Processos} {Formativos}},
	title = {Duolingo no ensino-aprendizagem de inglês com foco no vocabulário: potencialidades e limitações},
	url = {https://repositorio.unesp.br/bitstream/handle/11449/155983/honorato_aa_me_sjrp.pdf?sequence=3},
	urldate = {2022-02-24},
	school = {Universidade Estadual Paulista “Júlio de Mesquita Filho”},
	author = {Honorato, A. A.},
	year = {2018},
}

@article{marques-schafer_concepcoes_2018,
	title = {Concepções de aprendizagem de línguas e o {Duolingo}: uma análise crítica sobre sua proposta e experiências de aprendizes},
	volume = {11},
	url = {https://periodicos.ufmg.br/index.php/textolivre/article/view/16820},
	doi = {10.17851/1983-3652.11.3.228-251},
	number = {3},
	urldate = {2022-02-24},
	journal = {Texto Livre},
	author = {Marques-Schäfer, G. and Orlando, A. A. da S.},
	month = dec,
	year = {2018},
	pages = {228--251},
}

@article{mcgill_ten_2010,
	title = {Ten task-based {ESL}/{EFL} video lessons},
	volume = {16},
	url = {http://iteslj.org/Lessons/McGill-VideoActivities.html},
	number = {1},
	urldate = {2022-02-24},
	journal = {The Internet TESL Journal},
	author = {McGill, D. G.},
	year = {2010},
}

@incollection{moran_ensino_2013,
	address = {Campinas},
	title = {Ensino e aprendizagem inovadores com apoio de novas tecnologias},
	booktitle = {Novas tecnologias e mediação pedagógica},
	publisher = {Papirus},
	author = {Moran, J. M.},
	editor = {Moran, J. M. and Behrens, M. and Masetto, M. A.},
	editortype = {organizer},
	year = {2013},
}

@article{paiva_aplicativos_2017,
	title = {Aplicativos móveis para aprendizagem de língua inglesa},
	volume = {24},
	url = {https://periodicoscientificos.ufmt.br/ojs/index.php/polifonia/article/view/6025},
	number = {35/1},
	urldate = {2022-02-24},
	journal = {Polifonia},
	author = {Paiva, V. L. M. de O. e},
	month = dec,
	year = {2017},
	pages = {10--31},
}

@article{pereira_critical_2016,
	title = {Análise crítica dos vídeos sobre punção venosa periférica com cateter disponibilizados no YouTube},
	volume = {20},
	url = {http://www.gnresearch.org/doi/10.5935/1415-2762.20160040},
	doi = {10.5935/1415-2762.20160040},
	urldate = {2022-02-24},
	journal = {REME: Revista Mineira de Enfermagem},
	author = {Pereira, K. da C. and Cogo, A. L. P. and Silva, A. P. S. S. da},
	year = {2016},
	pages = {20:e970},
}

@article{pereira_o_2017,
	title = {O dicionário na era digital: o uso de dicionários eletrônicos nas aulas de {Língua} {Inglesa}},
	volume = {17},
	url = {https://seer.ufs.br/index.php/edapeci/article/view/7166},
	doi = {10.29276/redapeci.2017.17.037166.110-121},
	number = {03},
	urldate = {2022-02-24},
	journal = {Revista EDaPECI},
	author = {Pereira, L. M de S},
	month = dec,
	year = {2017},
	pages = {110--121},
}

@article{romio_kahoot_2017,
	title = {Kahoot e {GoConqr}: uso de jogos educacionais para o ensino da matemática},
	volume = {5},
	url = {http://www.ucs.br/etc/revistas/index.php/scientiacumindustria/article/view/5234/pdf},
	doi = {10.18226/23185279.v5iss2p90},
	number = {2},
	urldate = {2022-02-24},
	journal = {Scientia cum Industria},
	author = {Romio, T. and Cristine Mendes Paiva, S.},
	month = sep,
	year = {2017},
	pages = {90--94},
}

@article{santiago_google_2014,
	title = {Google {Drive} como ferramenta de produção de textos em aulas de inglês instrumental},
	volume = {29},
	url = {https://revistas.pucsp.br/index.php/intercambio/article/view/20961},
	urldate = {2022-02-24},
	journal = {Intercâmbio},
	author = {Santiago, M. E. V. and Santos, R. dos},
	month = oct,
	year = {2014},
}

@phdthesis{santos_os_2011,
	address = {Belo Horizonte},
	type = {Mestrado em {Estudos} {Linguísticos}},
	title = {Os jogos {MMORPG} como auxiliares no processo de aquisição de língua inglesa},
	school = {Universidade Federal de Minas Gerais},
	author = {Santos, V. R. F.},
	year = {2011},
}

@phdthesis{silva_contribuicoes_2018,
	address = {Belo Horizonte},
	type = {Mestrado em {Estudos} {Linguísticos}},
	title = {Contribuições pedagógicas da rede social {YouTube} para o ensino e a aprendizagem de língua estrangeira},
	url = {https://repositorio.ufmg.br/handle/1843/LETR-B7BJ43},
	urldate = {2022-02-24},
	school = {Universidade Federal de Minas Gerais},
	author = {Silva, M. T.},
	year = {2018},
}

@book{sue_conducting_2007,
	address = {Los Angeles},
	title = {Conducting online surveys},
	publisher = {Sage},
	author = {Sue, V. M. and Ritter, L. A.},
	year = {2007},
}

@article{teixeira_formacao_2018,
	title = {Formação de professores via {WhatsApp}: diálogos de extensão e pesquisa},
	volume = {7},
	url = {http://www.periodicos.letras.ufmg.br/index.php/anais_linguagem_tecnologia/article/view/15032},
	number = {1},
	urldate = {2022-02-24},
	journal = {Anais do Encontro Virtual de Documentação em Software Livre e Congresso Internacional de Linguagem e Tecnologia Online},
	author = {Teixeira, A. G. D.},
	month = mar,
	year = {2018},
}

@inproceedings{weissheimer_escrita_2012,
	address = {Florianópolis},
	title = {Escrita colaborativa com {Google} docs na aprendizagem de inglês como língua adicional},
	booktitle = {Anais do {III} {Congresso} {Internacional} da {ABRAPUI}},
	publisher = {Universidade Federal de Santa Catarina},
	author = {Weissheimer, J. and Bergsleithner, J. M. and Leandro, D. C.},
	editor = {Beck, M. S. and Silveira, R. and Funck, S. B. and Xavier, R. P.},
	year = {2012},
}

@article{weissheimer_aplicativos_2017,
	title = {Aplicativos digitais móveis nas aulas de inglês: efeitos da gamificação na aprendizagem e na motivação dos aprendizes},
	volume = {16},
	url = {https://periodicos.ufpe.br/revistas/hipertextus/article/view/247930},
	number = {1},
	urldate = {2022-02-24},
	journal = {Hipertextus - Revista Digital},
	author = {Weissheimer, J. and Braga, I. P. da S.},
	year = {2017},
}

@misc{who_who_2020,
	title = {{WHO} {Director}-{General}'s opening remarks at the media briefing on {COVID}-19 - 11 {March} 2020},
	url = {https://www.who.int/director-general/speeches/detail/who-director-general-s-opening-remarks-at-the-media-briefing-on-covid-19---11-march-2020},
	urldate = {2022-02-24},
	journal = {World Health Organization},
	author = {{WHO}},
	year = {2020},
}

@misc{youtube_about_nodate,
	title = {About {YouTube}},
	url = {https://about.youtube/},
	urldate = {2022-02-24},
	author = {{YouTube}},
}