@article{bruner1991construcao,
    title         = {A construção narrativa da realidade},
    author        = {Bruner, Jerome},
    year          = {1991},
    journal       = {Critical Inquiry},
    volume        = {18},
    number        = {1},
    pages         = {1--21},
    url           = {https://www.academia.edu/4598706/BRUNER_Jerome_A_constru%C3%A7%C3%A3o_narrativa_da_realidade},
    urldate       = {2025-01-25},
}

@book{levy2001cibercultura,
    title         = {Cibercultura},
    author        = {Lévy, Pierre},
    year          = {2001},
    publisher     = {Editora 34},
    address       = {São Paulo},
}

@phdthesis{busatto2005narrando,
    title         = {Narrando histórias no século XXI: tradição e ciberespaço},
    author        = {Busatto, Cleomari},
    year          = {2005},
    address       = {Florianópolis},
    url           = {https://repositorio.ufsc.br/handle/123456789/102929},
    urldate       = {2025-01-25},
    school        = {Universidade Federal de Santa Catarina},
}

@inproceedings{robin2006usos,
    title         = {Os usos educacionais da narrativa digital},
    author        = {Robin, Bernardo},
    year          = {2006},
    booktitle     = {Proceedings da Society for Information Technology \& Teacher Education International Conference},
    publisher     = {Association for the Advancement of Computing in Education (AACE)},
    address       = {Waynesville},
    pages         = {709--716},
    url           = {https://www.scirp.org/(S(czeh2tfqw2orz553k1w0r45))/reference/referencespapers?referenceid=3753074},
    urldate       = {2025-01-25},
}

@misc{signes2010practical,
    title         = {Practical uses of digital storytelling},
    author        = {Signes, Carmen Gregori},
    year          = {2010},
    url           = {https://www.researchgate.net/publication/253907387},
    urldate       = {2025-01-25},
}

@article{almeida2012integracao,
    title         = {Integração currículo e tecnologias e a produção de narrativas digitais},
    author        = {Almeida, Maria Elizabeth Bianconcini de and Valente, José Armando},
    year          = {2012},
    month         = {set./dez.},
    journal       = {Currículo sem fronteiras},
    volume        = {12},
    number        = {3},
    pages         = {57--82},
    url           = {http://www.curriculosemfronteiras.org/vol12iss3articles/almeida-valente.pdf},
    urldate       = {2025-01-25},
}

@article{hack2013digital,
    title         = {Digital storytelling, educação superior e literacia digital},
    author        = {Hack, Josias Ricardo and Guedes, Olga},
    year          = {2013},
    journal       = {Roteiro},
    volume        = {38},
    number        = {1},
    pages         = {9--32},
    url           = {https://periodicos.unoesc.edu.br/roteiro/article/view/2065},
    urldate       = {2025-01-25},
}

@article{victor2013tecnologias,
    title         = {Tecnologias e currículo: trajetórias convergentes ou divergentes? de Maria Elizabeth Bianconcini de Almeida e José Armando Valente},
    author        = {Victor, Kelly},
    year          = {2013},
    journal       = {Dialogia},
    number        = {17},
    pages         = {185--187},
    doi           = {10.5585/dialogia.N17.4199},
    url           = {https://periodicos.uninove.br/dialogia/article/view/4199},
    urldate       = {2025-01-25},
}

@book{gil2014metodos,
    title         = {Métodos e técnicas de pesquisa social},
    author        = {Gil, Antonio Carlos},
    year          = {2014},
    publisher     = {Atlas},
    address       = {São Paulo},
}

@article{farias2015aprendizagem,
    title         = {Aprendizagem ativa na educação em saúde: percurso histórico e aplicações},
    author        = {Farias, Pablo Antonio Maia de and Martin, Ana Luiza de Aguiar Rocha and Cristo, Cinthia Sampaio},
    year          = {2015},
    journal       = {Revista Brasileira de Educação Médica},
    volume        = {39},
    number        = {1},
    pages         = {143--158},
    doi           = {https://doi.org/10.1590/1981-52712015v39n1e00602014},
    url           = {https://www.scielo.br/j/rbem/a/MkJ5fd68dYhJYJdBRRHjfrp/},
    urldate       = {2025-01-25},
}

@book{jenkins2015cultura,
    title         = {Cultura da conexão: criando valor e significado da mídia propagável},
    author        = {Jenkins, Henry},
    year          = {2015},
    publisher     = {Aleph},
    address       = {São Paulo},
}

@article{moran2015mudando,
    title         = {Mudando a educação com metodologias ativas},
    author        = {Moran, José},
    year          = {2015},
    journal       = {Convergências Midiáticas, Educação e Cidadania: aproximações jovens},
    volume        = {2},
    pages         = {16},
    url           = {https://edisciplinas.usp.br/pluginfile.php/4941832/mod_resource/content/1/Artigo-Moran.pdf},
    urldate       = {2025-01-25},
}

@incollection{cruz2016letramentos,
    title         = {Letramentos, práticas pedagógicas e formação de professores para as mídias: reflexões sobre a relação entre a cultura digital e a universidade},
    author        = {Cruz, Dulce Márcia},
    year          = {2016},
    booktitle     = {Educação a distância, qualidade e convergências: sujeitos, conhecimentos, práticas e tecnologias},
    publisher     = {EDUFSCar},
    address       = {São Carlos},
    volume        = {1},
    pages         = {177--192},
    url           = {https://www.academia.edu/30880381/Letramentos_pr%C3%A1ticas_pedag%C3%B3gicas_e_forma%C3%A7%C3%A3o_de_professores_para_as_m%C3%ADdias_reflex%C3%B5es_sobre_a_rela%C3%A7%C3%A3o_entre_a_cultura_digital_e_a_universidade},
    urldate       = {2025-01-25},
    editor        = {Mill, Daniel and Reali, Aline},
}

@book{severino2016metodologia,
    title         = {Metodologia do trabalho científico},
    author        = {Severino, Antonio Joaquim},
    year          = {2016},
    publisher     = {Cortez},
    address       = {São Paulo},
}

@article{prado2017narrativas,
    title         = {Narrativas digitais: conceitos e contextos de letramento},
    author        = {Ana Lúcia Prado and Ellen Maira de Alcântara Laudares and Patrícia Peixoto Carneiro Viegas and Ilsa do Carmo Vieira Goulart},
    year          = {2017},
    journal       = {Revista Ibero-Americana de Estudos em Educação},
    volume        = {12},
    number        = {2},
    pages         = {1156--1176},
    doi           = {https://doi.org/10.21723/riaee.v12.n.esp.2.10286},
    url           = {https://periodicos.fclar.unesp.br/iberoamericana/article/view/10286},
    urldate       = {2025-01-25},
}

@article{valente2017metodologias,
    title         = {Metodologias ativas: das concepções às práticas em distintos níveis de ensino},
    author        = {Valente, José Armando and Almeida, Maria Elizabeth Bianconcini de and Geraldini, Alexandra Fogli Serpa},
    year          = {2017},
    journal       = {Revista Diálogo Educacional},
    volume        = {17},
    number        = {52},
    pages         = {455--478},
    doi           = {https://doi.org/10.7213/1981-416X.17.052.DS07},
    url           = {https://periodicos.pucpr.br/dialogoeducacional/article/view/9900},
    urldate       = {2025-01-25},
}

@book{bacich2018metodologias,
    title         = {Metodologias ativas para uma educação inovadora: uma abordagem teórico-prática},
    author        = {Bacich, Lilian and Moran, José},
    year          = {2018},
    publisher     = {Penso},
    address       = {Porto Alegre},
    url           = {https://edisciplinas.usp.br/pluginfile.php/7722229/mod_resource/content/1/Metodologias-Ativas-para-uma-Educacao-Inovadora-Bacich-e-Moran.pdf},
    urldate       = {2025-01-25},
}

@phdthesis{canini2018narrativas,
    title         = {Narrativas digitais de professores: perspectivas educomunicativas para as práticas pedagógicas},
    author        = {Canini, Carlos Eduardo},
    year          = {2018},
    address       = {Lages},
    url           = {https://data.uniplaclages.edu.br/mestrado_educacao/dissertacoes/a1af9441263e40d829e2d651257d1a03.pdf},
    urldate       = {2025-01-25},
    school        = {Universidade do Planalto Catarinense},
}

@article{barrett2019storytelling,
    title         = {Storytelling no ensino superior: uma teoria da reflexão sobre a prática para apoiar a aprendizagem profunda},
    author        = {Barrett, Helen},
    year          = {2019},
    journal       = {Rev. Carta Inter.},
    volume        = {14},
    number        = {2},
    pages         = {221--243},
    doi           = {10.21530/ci.v14n2.2019.917},
    url           = {https://www.researchgate.net/publication/335469301_O_Storytelling_como_ferramenta_de_aprendizado_ativo},
    urldate       = {2025-01-25},
}

@article{valenca2019storytelling,
    title         = {O storytelling como ferramenta de aprendizado ativo},
    author        = {Valença, Marcelo and Tostes, Ana Paula Baltazar},
    year          = {2019},
    journal       = {Revista Carta Internacional},
    volume        = {14},
    number        = {2},
    pages         = {221--243},
    doi           = {https://doi.org/10.21530/ci.v14n2.2019.917},
    url           = {https://www.researchgate.net/publication/335469301_O_Storytelling_como_ferramenta_de_aprendizado_ativo},
    urldate       = {2025-01-25},
}

@article{rodrigues2020narrativas,
    title         = {Narrativas digitais e experiência: exploração de conceitos e implicações para a educação em uma perspectiva humanista},
    author        = {Rodrigues, Alessandra},
    year          = {2020},
    journal       = {Revista e-Curriculum},
    volume        = {18},
    number        = {2},
    pages         = {692--714},
    doi           = {https://doi.org/10.23925/1809-3876.2020v18i2p692-714},
    url           = {https://revistas.pucsp.br/curriculum/article/view/47767},
    urldate       = {2025-01-25},
}

@article{moura2023narrativa,
    title         = {Narrativa transmídia na formação de professores: produções e potencialidades},
    author        = {Moura, Késsia Mileny de Paulo and Franco, Sergio Roberto Kieling},
    year          = {2023},
    journal       = {Revista Contemporânea de Educação},
    volume        = {18},
    number        = {41},
    pages         = {327--345},
    doi           = {https://doi.org/10.20500/rce.v18i41.54981},
    url           = {https://revistas.ufrj.br/index.php/rce/article/view/54981},
    urldate       = {2025-01-25},
}

@article{pasinato2023educacao,
    title         = {Educação na modernidade líquida: percepções da construção de narrativas digitais na formação de professores na busca do inédito-viável},
    author        = {Pasinato, Nara Maria Bernardes and Lopes, Gabriel César Dias and Motta, Everson Luiz de Oliveira},
    year          = {2023},
    journal       = {Revista Ibero-Americana de Estudos em Educação},
    volume        = {18},
    number        = {00},
    pages         = {e023086},
    doi           = {https://doi.org/10.21723/riaee.v18iesp.1.18511},
    url           = {https://periodicos.fclar.unesp.br/iberoamericana/article/view/18511},
    urldate       = {2025-01-25},
}

@article{rodrigues2023para,
    title         = {Para Além das Plataformas e do Tecnicismo: Narrativas Digitais e Formação Docente Crítico-Reflexiva},
    author        = {Rodrigues, Alessandra and Almeida, Maria Elizabeth Bianconcini},
    year          = {2023},
    journal       = {Sisyphus - Journal of Education},
    volume        = {11},
    number        = {3},
    pages         = {46--68},
    url           = {https://www.redalyc.org/journal/5757/575777387004/575777387004.pdf},
    urldate       = {2025-01-25},
}
