@online{google,
    title         = {Visualizador de livros Ngram},
    author        = {Google},
    url           = {https://books.google.com/ngrams/},
    urldate       = {2023-03-01},
}

@book{levy1993tecnologias,
    title         = {As tecnologias da intelig{\^e}ncia: o futuro do pensamento na era da inform{\'a}tica},
    author        = {L{\'e}vy, Pierre},
    year          = {1993},
    publisher     = {Editora 34},
    address       = {Rio de Janeiro},
}

@misc{feenberg2003,
    title         = {O que \'{e} filosofia da tecnologia},
    author        = {Feenberg, Andrew},
    year          = {2003},
    address       = {Confer\^{e}ncia realizada para os estudantes universit\'{a}rios de Komaba em junho de 2003, sob o t\'{\i}tulo de ``What is Philosophy of Technology?''},
    url           = {https://www.sfu.ca/~andrewf/Feenberg\_OQueEFilosofiaDaTecnologia.pdf},
    urldate       = {2023-03-25},
    translator    = {Apaza, Agust\'{\i}n},
}

@article{feenberg2004,
    title         = {Teoria Cr\'{\i}tica da Tecnologia},
    author        = {Feenberg, Andrew},
    year          = {2004},
    journal       = {Col\'{o}quio Internacional Teoria Cr\'{\i}tica e Educa\c{c}\~{a}o},
    publisher     = {Unimep, Ufscar, Unesp},
    url           = {https://www.sfu.ca/~andrewf/critport.pdf},
    urldate       = {2023-03-25},
}

@book{mclean2006,
    title         = {A discourse on the method of correctly conducting one's reason and seeking truth in the sciences â€“ Rene Descartes},
    author        = {Maclean, Ian},
    year          = {2006},
    publisher     = {Oxford University Press},
    address       = {New York},
}

@book{bauman2013cultura,
    title         = {A cultura no mundo l{\'\i}quido moderno},
    author        = {Bauman, Zygmunt},
    year          = {2013},
    publisher     = {Zahar},
    address       = {Rio de Janeiro},
}

@article{demoraes2023,
    title         = {Todo poderoso GPT},
    author        = {De Moraes, Jo\~{a}o Ant\^{o}nio and Matilha, Adriano},
    year          = {2013},
    journal       = {Revista Humanitas},
    number        = {162},
    pages         = {20--30},
}

@incollection{ninis2013,
    title         = {O mito da neutralidade da ci\^{e}ncia},
    author        = {Ninis, Alessandra Bortoni et al.},
    year          = {2013},
    booktitle     = {Teoria cr\'{\i}tica da tecnologia: experi\^{e}ncias brasileiras},
    publisher     = {Observat\'{o}rio do Movimento pela Tecnologia Social na Am\'{e}rica Latina. UnB/Capes-Escola de Altos Estudos},
    address       = {Bras\'{\i}lia},
    pages         = {15--28},
    editor        = {Neder, Ricardo T.},
}

@article{dijck_data_2017,
    title         = {In data we trust? {The} implications of datafication for social monitoring},
    author        = {Dijck, Jos\'{e} van},
    year          = {2017},
    month         = apr,
    journal       = {Matrizes},
    volume        = {11},
    number        = {1},
    pages         = {39--59},
    doi           = {10.11606/issn.1982-8160.v11i1p39-59},
    issn          = {1982-8160},
    url           = {https://www.revistas.usp.br/matrizes/article/view/131620},
    urldate       = {2023-09-01},
}

@book{coeckelbergh2020ai,
    title         = {AI ethics},
    author        = {Coeckelbergh, Mark},
    year          = {2020},
    publisher     = {MIT Press},
    address       = {Cambridge},
}

@book{massaroo2020,
    title         = {Produ\c{c}\~{a}o de Conte\'{u}do: audiovisual multiplataforma},
    year          = {2020},
    publisher     = {Soul},
    address       = {S\~{a}o Paulo},
    editor        = {Massaroo, Jo\~{a}o Carlos and Mesquita, Dario},
}

@article{ribas2020,
    title         = {Aprendizagem e Intelig\^{e}ncia na obra ``Cibern\'{e}tica e Sociedade'', de Norbert Wiener},
    author        = {Ribas, Marcos},
    year          = {2020},
    journal       = {Linguagens, Tecnologias e p\'{o}s-humanismo/ humanidades},
    publisher     = {Unicamp},
    url           = {https://www2.iel.unicamp.br/litpos/2020/06/12/aprendizagem-e-inteligencia-na-obra-cibernetica-e-sociedade-de-norbert-wiener/},
    urldate       = {2023-04-02},
}

@article{kaufman2021,
    title         = {Um projeto de futuro},
    author        = {Kaufman, Dora},
    year          = {2021},
    journal       = {Piau\'{\i}},
    url           = {https://bit.ly/36SUw6S},
    urldate       = {2023-07-27},
}

@book{santaella2021humanos,
    title         = {Humanos hiper-h{\'\i}bridos: linguagens e cultura na segunda era da internet},
    author        = {Santaella, Lucia},
    year          = {2021},
    publisher     = {Paulus},
    address       = {S\~{a}o Paulo},
}

@book{2022kaufman,
    title         = {Desmistificando a intelig{\^e}ncia artificial},
    author        = {Kaufman, Dora},
    year          = {2022},
    publisher     = {Aut\^{e}ntica},
    address       = {Belo Horizonte},
}

@article{baltar2023professores,
    title         = {Professores ser{\~a}o substitu{\'\i}dos pela intelig{\^e}ncia artificial?},
    author        = {Baltar, Ronaldo},
    year          = {2023},
    journal       = {Newsletters: LinkedIn Corporation},
}

@article{marques2023,
    title         = {O pl\'{a}gio encoberto em textos do ChatGPT},
    author        = {Marques, Fabr\'{\i}cio},
    year          = {2023},
    journal       = {Pesquisa Fapesp},
    number        = {326},
    pages         = {40--41},
    url           = {https://revistapesquisa.fapesp.br/o-plagio-encoberto-em-textos-do-chatgpt/},
    urldate       = {2023-07-20},
}

@book{santaella2023inteligencia,
    title         = {A intelig{\^e}ncia artificial {\'e} inteligente?},
    author        = {Santaella, Lucia},
    year          = {2023},
    publisher     = {Almedina},
    address       = {S\~{a}o Paulo},
}
