@article{acosta_nates_culturas_2014,
	title = {Culturas tradicionales y cambios contemporáneos: el pueblo indígena kokonuco y las tecnologías de la información y la comunicación},
	volume = {26},
	url = {https://revistas.urosario.edu.co/index.php/desafios},
	doi = {10.12804/desafios26.02.2014.06},
	number = {2},
	urldate = {2022-04-13},
	journal = {Desafíos},
	author = {Acosta Nates, P. A.},
	month = jul,
	year = {2014},
	pages = {153--178},
}

@article{alavion_rural_2020,
	title = {Rural {E}-marketing in {Iran}; {Modeling} villagers' intention and clustering rural regions},
	volume = {8},
	url = {https://linkinghub.elsevier.com/retrieve/pii/S2214317319301866},
	doi = {10.1016/j.inpa.2020.02.008},
	number = {1},
	urldate = {2022-04-13},
	journal = {Information Processing in Agriculture},
	author = {Alavion, S. J. and Taghdisi, A.},
	month = mar,
	year = {2020},
	pages = {105--133},
}

@article{ali_framework_2019,
	title = {A framework for development of social networking site skill among rural women communities},
	volume = {7},
	url = {https://mgesjournals.com/hssr/article/view/hssr.2019.7533},
	doi = {10.18510/hssr.2019.7533},
	number = {5},
	urldate = {2022-04-13},
	journal = {Humanities \& Social Sciences Reviews},
	author = {Ali, N. and Suriyani, M. and Abdul Jalil, M. and Man, Mu.},
	month = sep,
	year = {2019},
	pages = {280--285},
}

@article{alvarez_cadavid_apropiacion_2011,
	title = {Apropiación de las {TIC} en comunidades vulnerables: el caso de {Medellín} {Digital}.},
	volume = {3},
	number = {1},
	journal = {Apertura},
	author = {Álvarez Cadavid, G. M. and Vega Velásquez, A. and Álvarez, G.},
	year = {2011},
	pages = {1--26},
}

@article{andres_aproximacion_2014,
	title = {Una aproximación conceptual a la “apropiación social” de {TIC}.},
	volume = {1},
	number = {43},
	journal = {Questión, Revista especializada en Periodismo y Comunicación},
	author = {Andrés, G. D.},
	year = {2014},
	pages = {17--31},
}

@phdthesis{barbosa_trigos_propuesta_2016,
	address = {Medellín, Colombia},
	type = {Disertación ({Tesis} de {Maestría} en comunicación digital)},
	title = {Propuesta de fortalecimiento de la comunicación entre dos juntas de acción comunal de la zona rural de {Ocaña}, {Norte} de {Santander} y la {Administración} {Municipal}, por medio del uso de herramientas {TIC}. 2016.},
	school = {Universidad Pontificia Bolivariana, Medellín},
	author = {Barbosa Trigos, J. F.},
	year = {2016},
}

@article{benitz_laghi_lo_2013,
	title = {Lo popular a partir de la apropiación de las {TIC}. {Tensiones} entre representaciones hegemónicas y prácticas. },
	volume = {1},
	number = {38},
	journal = {Questión},
	author = {Benítz Laghi, S.},
	year = {2013},
	pages = {1--15},
}

@article{benitz_larghi_apropiacion_2016,
	title = {La apropiación en cuestión. {Experiencias} juveniles con {TIC} en perspectiva comparada.},
	volume = {4},
	number = {7},
	journal = {Horizontes sociológicos},
	author = {Benítz Larghi, S. and Lemus, M. and Moguillansky, M. and Ponce de León, J.},
	year = {2016},
	pages = {62--81},
}

@book{bossio_desarrollo_2005,
	address = {Lima},
	title = {Desarrollo rural y {Tecnologías} de {Información} y {Comunicación}. {Experiencias} en el {Perú}: {Lecciones} aprendidas y recomendaciones.},
	publisher = {GTZ, ITDG, MINAG-DGIA},
	author = {Bossio, J. F. and LÓPEZ, J. and Saraiva, M. and Wolf, P.},
	year = {2005},
}

@article{bowman_technological_2019,
	title = {Technological {Distribution} in {Uganda}: {Information} and {Communications} {Technology} and the {State} in an {Eastern} {African} {Nation}},
	volume = {36},
	url = {https://onlinelibrary.wiley.com/doi/10.1111/ropr.12358},
	doi = {10.1111/ropr.12358},
	number = {6},
	urldate = {2022-04-14},
	journal = {Review of Policy Research},
	author = {Bowman, W. M.},
	month = nov,
	year = {2019},
	pages = {835--865},
}

@phdthesis{castro_hidalgo_impacto_2014,
	address = {Lima},
	type = {Disertación. ({Tesis})},
	title = {El impacto percibido de la apropiación de las {Tecnologías} de la {Información} y {Comunicación} ({TIC}) y el rol del emprendedor en el desarrollo rural. {Estudio} de caso de la {Asociación} de {Turismo} {Rural} {Solidario} ({ASTURS}) en {Capachica} – {Puno}.},
	school = {Pontificia Universidad Católica del Perú, Lima},
	author = {Castro Hidalgo, Y.},
	year = {2014},
}

@article{crovi_drueta_dimension_2008,
	title = {Dimensión social del acceso, uso y apropiación de las {TIC}},
	url = {https://revistas.ulima.edu.pe/index.php/contratexto/article/view/784},
	doi = {10.26439/contratexto2008.n016.784},
	number = {016},
	urldate = {2022-04-14},
	journal = {Contratexto},
	author = {Crovi Drueta, D.},
	year = {2008},
	pages = {65--79},
}

@article{duarte_metodologipara_2014,
	title = {Metodología para el diseño participativo de un recurso basado en {TIC}, como herramienta de desarrollo de un proyecto con impacto rural},
	volume = {9},
	url = {http://revistas.uniminuto.edu/index.php/Inventum/article/view/1015},
	doi = {10.26620/uniminuto.inventum.9.17.2014.38-43},
	number = {17},
	urldate = {2022-04-14},
	journal = {Inventum},
	author = {Duarte, D. and Peralta, M. and Vera, B. and Cortés, J. and Herrera, M.},
	month = jul,
	year = {2014},
	pages = {38--43},
}

@article{gomez_vargas_estado_2015,
	title = {El estado del arte: una metodología de investigación},
	volume = {6},
	url = {http://www.funlam.edu.co/revistas/index.php/RCCS/article/view/1469},
	doi = {10.21501/22161201.1469},
	number = {2},
	urldate = {2022-04-14},
	journal = {Revista Colombiana de Ciencias Sociales},
	author = {Gómez Vargas, M. and Galeano Higuita, C. and Jaramillo Muñoz, D. A.},
	month = jul,
	year = {2015},
	pages = {423--442},
}

@article{felizzola_cruz_tecnologias_2010,
	title = {Tecnologías de {Información} y {Comunicación} para el desarrollo rural en {Colombia}.},
	number = {10},
	journal = {Economía Gestión y Desarrollo},
	author = {Felizzola Cruz, Y. M.},
	year = {2010},
	pages = {97--124},
}

@article{hatakka_understanding_2020,
	title = {Understanding the role of {ICT} and study circles in enabling economic opportunities: {Lessons} learned from an educational project in {Kenya}},
	volume = {30},
	url = {https://onlinelibrary.wiley.com/doi/10.1111/isj.12277},
	doi = {10.1111/isj.12277},
	number = {4},
	urldate = {2022-04-14},
	journal = {Information Systems Journal},
	author = {Hatakka, M. and Thapa, D. and Sæbø, Ø.},
	year = {2020},
	pages = {664--698},
}

@article{ievoli_information_2019,
	title = {Information and {Communication} {Infrastructures} and {New} {Business} {Models} in {Rural} {Areas}: {The} {Case} of {Molise} {Region} in {Italy}},
	volume = {11},
	url = {https://www.sciendo.com/article/10.2478/euco-2019-0027},
	doi = {10.2478/euco-2019-0027},
	number = {4},
	urldate = {2022-04-14},
	journal = {European Countryside},
	author = {Ievoli, C. and Belliggiano, A. and Marandola, D. and Milone, P. and Ventura, F.},
	month = dec,
	year = {2019},
	pages = {475--496},
}

@book{izaguirre_remon_revision_nodate,
	title = {La revisión bibliográfica como paso lógico y método de la investigación científica.},
	author = {Izaguirre Remón, R. and Rivera Oliva, R. and Mustelier, S.},
	year = 2010
}

@article{khan_farmers_2020,
	title = {Farmers’ use of mobile phone-based farm advisory services in {Punjab}, {Pakistan}},
	volume = {36},
	url = {http://journals.sagepub.com/doi/10.1177/0266666919864126},
	doi = {10.1177/0266666919864126},
	number = {3},
	urldate = {2022-04-14},
	journal = {Information Development},
	author = {Khan, N. A. and Qijie, G. and Sertse, S. F. and Nabi, M. N. and Khan, P.},
	year = {2020},
	pages = {390--402},
}

@incollection{lago_martinez_teori_2017,
	address = {Buenos Aires},
	title = {Teoría, debates y nuevas perspectivas sobre la apropiación de tecnologías digitales.},
	booktitle = {Contribuciones al estudio de procesos de apropiación de tecnologías},
	publisher = {Ediciones del gato gris},
	author = {Lago Martínez, S. and Méndez, A. and Gendler, M.},
	editor = {Cabello, R.; López, A.},
	year = {2017},
	pages = {75--87},
}

@incollection{lopez_apropiarse_2017,
	address = {Buenos Aires},
	title = {Apropiarse de la técnica. {Sobre} la necesidad de estudiar los vínculos con tecnologías desde una perspectiva sociohistórica. },
	booktitle = {Contribuciones al estudio de procesos de apropiación de tecnologías},
	publisher = {Ediciones del gato gris},
	author = {López, A.},
	editor = {Cabello, R.; López, A.},
	year = {2017},
	pages = {87--100},
}

@article{ma_smartphone_2020,
	title = {Smartphone use and income growth in rural {China}: empirical results and policy implications},
	volume = {20},
	url = {http://link.springer.com/10.1007/s10660-018-9323-x},
	doi = {10.1007/s10660-018-9323-x},
	number = {4},
	urldate = {2022-04-14},
	journal = {Electronic Commerce Research},
	author = {Ma, W. and Grafton, R. Q. and Renwick, A.},
	year = {2020},
	pages = {713--736},
}

@article{mariscal_aviles_informational_2016,
	title = {The informational life of the poor: {A} study of digital access in three {Mexican} towns},
	volume = {40},
	url = {https://linkinghub.elsevier.com/retrieve/pii/S0308596115001779},
	doi = {10.1016/j.telpol.2015.11.001},
	number = {7},
	urldate = {2022-04-14},
	journal = {Telecommunications Policy},
	author = {Mariscal Avilés, J. and Benítez Larghi, S. and Martínez Aguayo, M. A.},
	year = {2016},
	pages = {661--672},
}

@article{matellanes-lazo_uso_2015,
	title = {Uso de las nuevas tecnologías por las personas mayores en una localidad rural},
	volume = {0},
	url = {http://vivatacademia.net/index.php/vivat/article/view/616},
	doi = {10.15178/va.2015.130.35-63},
	number = {130},
	urldate = {2022-04-14},
	journal = {Vivat Academia},
	author = {Matellanes-Lazo, M.},
	year = {2015},
	pages = {35--50},
}

@article{matsenjwa_pro-poor_2019,
	title = {Pro-poor value chains for small scale farming innovation: Sustainability improvements through ICT},
	volume = {30},
	url = {http://sajie.journals.ac.za/pub/article/view/2176},
	doi = {10.7166/30-4-2176},
	number = {4},
	urldate = {2022-04-14},
	journal = {South African Journal of Industrial Engineering},
	author = {Matsenjwa, B. and Grobbelaar, S. and Meyer, I. A.},
	year = {2019},
	pages = {156--171},
}

@article{min_does_2020,
	title = {Does the application of {ICTs} facilitate rural economic transformation in {China}? {Empirical} evidence from the use of smartphones among farmers},
	volume = {70},
	url = {https://linkinghub.elsevier.com/retrieve/pii/S1049007820300993},
	doi = {10.1016/j.asieco.2020.101219},
	number = {5},
	urldate = {2022-04-14},
	journal = {Journal of Asian Economics},
	author = {Min, S. and Liu, M. and Huang, J.},
	year = {2020},
	pages = {1--16},
}

@incollection{morales_imaginacion_2017,
	address = {Buenos Aires},
	title = {Imaginación y software: aportes para la construcción del paradigma de la apropiación},
	booktitle = {Contribuciones al estudio de procesos de apropiación de tecnologías},
	editor = {Cabello, R.; López, A.},
	publisher = {Ediciones del gato gris},
	author = {Morales, Susana},
	year = {2017},
	pages = {39--53},
}

@article{mwalupaso_towards_2019,
	title = {Towards {Auspicious} {Agricultural} {Informatization}—{Implication} of {Farmers}’ {Behavioral} {Intention} {Apropos} of {Mobile} {Phone} {Use} in {Agriculture}},
	volume = {11},
	url = {https://www.mdpi.com/2071-1050/11/22/6282},
	doi = {10.3390/su11226282},
	number = {22},
	urldate = {2022-04-14},
	journal = {Sustainability},
	author = {Mwalupaso, G. E. and Wang, S. and Xu, Z. and Tian, X.},
	year = {2019},
	pages = {1--21},
}

@article{owusu_smallholder_2017,
	title = {Smallholder farmers’ knowledge of mobile telephone use: {Gender} perspectives and implications for agricultural market development},
	volume = {18},
	url = {http://journals.sagepub.com/doi/10.1177/1464993417735389},
	doi = {10.1177/1464993417735389},
	number = {1},
	urldate = {2022-04-14},
	journal = {Progress in Development Studies},
	author = {Owusu, A. B. and Yankson, P. W. K. and Frimpong, S.},
	year = {2017},
	pages = {36--51},
}

@article{paulhiac_perez_uso_2019,
	title = {Uso y apropiación de las {TIC}: una exploración del acceso a los cibercafés y {Kioskos} {Vive} {Digital} en comunidades rurales},
	volume = {51},
	url = {https://revistas.usantotomas.edu.co/index.php/analisis/article/view/4456},
	doi = {10.15332/21459169.4456},
	number = {95},
	urldate = {2022-04-14},
	journal = {Análisis},
	author = {Paulhiac Pérez, J. C. and Ortega Hoyos, A. J.},
	year = {2019},
	pages = {289--318},
}

@article{perez-estebanez_technological_2018,
	title = {Technological and {Economic} {Factors} {Determining} {ICT} {Level}: {Evidence} from {Rural} {Micro}-{Businesses} in {Democratic} {Republic} of {Congo}: {Factors} determining {ICT} level in rural micro-businesses in {RDC}},
	volume = {30},
	url = {https://onlinelibrary.wiley.com/doi/10.1002/jid.3281},
	doi = {10.1002/jid.3281},
	number = {1},
	urldate = {2022-04-14},
	journal = {Journal of International Development},
	author = {Perez-Estebanez, R. and Urquía-Grande, E. and Rautiainen, A.},
	year = {2018},
	pages = {118--133},
}

@incollection{rivoir_reflexiones_2017,
	address = {Buenos Aires},
	title = {Reflexiones teóricas y metodológicas a partir de la investigación social sobre inclusión y desigualdad digital},
	booktitle = {Contribuciones al estudio de procesos de apropiación de tecnologías},
	editor = {Cabello, R.; López, A.},
	publisher = {Ediciones del gato gris},
	author = {Rivoir, A.},
	year = {2017},
	pages = {53--62},
}

@article{roberts_review_2017,
	title = {A review of the rural-digital policy agenda from a community resilience perspective},
	volume = {54},
	url = {https://linkinghub.elsevier.com/retrieve/pii/S074301671630033X},
	doi = {10.1016/j.jrurstud.2016.03.001},
	urldate = {2022-04-14},
	journal = {Journal of Rural Studies},
	author = {Roberts, E. and Anderson, B. A. and Skerratt, S. and Farrington, J.},
	year = {2017},
	pages = {372--385},
}

@article{salemink_rural_2017,
	title = {Rural development in the digital age: {A} systematic literature review on unequal {ICT} availability, adoption, and use in rural areas},
	volume = {54},
	url = {https://linkinghub.elsevier.com/retrieve/pii/S0743016715300176},
	doi = {10.1016/j.jrurstud.2015.09.001},
	urldate = {2022-04-14},
	journal = {Journal of Rural Studies},
	author = {Salemink, K. and Strijker, D. and Bosworth, G.},
	year = {2017},
	pages = {360--371},
}

@article{sanchez_davila_nuevas_2018,
	title = {Nuevas {TIC}, agricultura y turismo. {Usos} económicos del internet y el celular en la comunidad de {Yanque} ({Caylloma}, {Arequipa})},
	volume = {3},
	number = {4},
	journal = {Revista Peruana de Antropología},
	author = {Sánchez Dávila, M.},
	year = {2018},
	pages = {115--125},
}

@incollection{sandoval_algunos_2017,
	address = {Buenos Aires},
	title = {Algunos usos (efectivos y potenciales) de la categoría de apropiación},
	booktitle = {Contribuciones al estudio de procesos de apropiación de tecnologías},
	publisher = {Ediciones del gato gris},
	editor = {Cabello, R.; López, A.},
	author = {Sandoval, L. and Bianchi, M.},
	year = {2017},
	pages = {61--75},
}

@article{santini_uso_2017,
	title = {Uso de las {TIC} por parte de {Agricultores} {Familiares} en el {Sudeste} de la provincia de {Buenos} {Aires}},
	url = {http://repositorio.inta.gob.ar:80/handle/20.500.12123/4172},
	urldate = {2022-04-14},
	journal = {X Jornadas Interdisciplinarias de Estudios Agrarios y Agroindustriales Argentinos y Latinoamericanos. Buenos Aires, 7 al 10 de Noviembre de 2017},
	author = {Santini, S. and Ghezan, G. S. and Bontempo, M.},
	year = {2017},
}

@article{santini_uso_2018,
	title = {Uso y resignificación de las tic por parte de las artesanas de manos {La} {Madrid}},
	url = {http://repositorio.inta.gob.ar:80/handle/20.500.12123/4175},
	urldate = {2022-04-14},
	journal = {XIX Jornadas Nacionales de Extension Rural y XI del Mercosur. Lujan de Cuyo, Mendoza, del 19 al 21 de setiembre de 2018},
	author = {Santini, S. and Ghezan, G. S.},
	year = {2018},
}

@article{savira_digitalizing_2020,
	title = {Digitalizing rural entrepreneurship: towards a model of {Pangalengan} digital agropolitan development},
	volume = {592},
	url = {https://iopscience.iop.org/article/10.1088/1755-1315/592/1/012030},
	doi = {10.1088/1755-1315/592/1/012030},
	number = {1},
	urldate = {2022-04-14},
	journal = {IOP Conference Series: Earth and Environmental Science},
	author = {Savira, M. and Fahmi, F.},
	year = {2020},
}

@article{shaibu_digital_2018,
	title = {Digital {Technology} and {Rural} {Livelihood} - {A} {Study} of {Peasant} {Communities} in {Pru} {District}},
	volume = {10},
	url = {http://online.agris.cz/archive/2018/4/08},
	doi = {10.7160/aol.2018.100408},
	number = {4},
	urldate = {2022-04-14},
	journal = {Agris on-line Papers in Economics and Informatics},
	author = {Shaibu, A.-F. and Hudu, Z. and Israel, M.},
	year = {2018},
	pages = {71--78},
}

@article{sheng_influence_2020,
	title = {The influence of information communication technology on farmers’ sales channels in environmentally affected areas of {China}},
	volume = {27},
	url = {https://link.springer.com/10.1007/s11356-020-10203-6},
	doi = {10.1007/s11356-020-10203-6},
	number = {34},
	urldate = {2022-04-14},
	journal = {Environmental Science and Pollution Research},
	author = {Sheng, J. and Lu, Q.},
	year = {2020},
	pages = {42513--42529},
}

@article{sikundla_socioeconomic_2018,
	title = {Socioeconomic drivers of mobile phone adoption for marketing among smallholder irrigation farmers in {South} {Africa}},
	doi = {10.1080/23311886.2018.1505415},
	number = {4},
	journal = {Cogent Social Sciences},
	author = {Sikundla, T. and Mushunje, A. and Akinyemi, B.},
	year = {2018},
	pages = {1--12},
}

@article{urcola_articulacion_2012,
	title = {Articulación de las “{TIC}” en el sector agrícola pampeano: la apropiación de la telefonía celular, las computadoras e {Internet} entre los productores de una localidad del sur santafesino},
	volume = {16},
	number = {23},
	journal = {Temas y debates},
	author = {Urcola, M.},
	year = {2012},
	pages = {73--100},
}

@article{vong_empowering_2019,
	title = {Empowering {Rural} {Youth} for {Socio}-{Economic} {Benefits}: {A} {Case} {Study} of {Knowledge} {Management} {Practices} in {Sarawak}},
	volume = {15},
	journal = {Information Technologies and International Development},
	author = {Vong, W.-T. and Then, P.},
	year = {2019},
	pages = {62--78},
}

@article{yasya_rural_2020,
	title = {Rural empowerment through education: {Case} study of a learning community telecentre in {Indonesia}},
	volume = {4},
	journal = {International Journal of Modern Education and Computer Science},
	author = {Yasya, W.},
	year = {2020},
	pages = {12--26},
}

@article{ye_citizen-led_2021,
	title = {The citizen-led information practices of {ICT4D} in rural communities of {China}: {A} mixed-method study},
	volume = {56},
	url = {https://linkinghub.elsevier.com/retrieve/pii/S026840122031447X},
	doi = {10.1016/j.ijinfomgt.2020.102248},
	urldate = {2022-04-14},
	journal = {International Journal of Information Management},
	author = {Ye, L. and Pan, S. L. and Li, M. and Dai, Y. and Dong, X.},
	year = {2021},
	pages = {1--18},
}

@article{zaremohzzabieh_information_2016,
	title = {Information and {Communications} {Technology} {Acceptance} by {Youth} {Entrepreneurs} in {Rural} {Malaysian} {Communities}: {The} {Mediating} {Effects} of {Attitude} and {Entrepreneurial} {Intention}},
	volume = {22},
	url = {https://www.tandfonline.com/doi/full/10.1080/02681102.2015.1128384},
	doi = {10.1080/02681102.2015.1128384},
	number = {4},
	urldate = {2022-04-14},
	journal = {Information Technology for Development},
	author = {Zaremohzzabieh, Z. and Samah, B. A. and Muhammad, M. and Omar, S. Z. and Bolong, J. and Hassan, S. B. H. and Mohamed Shaffril, H. A.},
	month = oct,
	year = {2016},
	pages = {606--629},
}

@article{zhu_ict_2020,
	title = {{ICT} {Adoption}, {Individual} {Income} and {Psychological} {Health} of {Rural} {Farmers} in {China}},
	url = {https://link.springer.com/10.1007/s11482-020-09879-2},
	doi = {10.1007/s11482-020-09879-2},
	number = {3},
	urldate = {2022-04-14},
	journal = {Applied Research in Quality of Life},
	author = {Zhu, Z. and Ma, W. and Leng, C.},
	year = {2020},
	pages = {1--21},
}

@article{zapata_-_cardenas_ruralidad_2015,
	title = {Ruralidad y dispositivos móviles: apropiación social y uso de la {Tableta} de {Información} {Cafetera} {TIC}. {Estudio} de caso {Federación} {Nacional} de {Cafeteros} para {Antioquia}},
	volume = {12},
	number = {2},
	journal = {Revista Lasallista de Investigación},
	author = {Zapata-Cárdenas, M. and Marín-Ochoa, B.},
	year = {2015},
	pages = {19--27},
}

@article{becerra-cortes_estudiantes_2012,
	title = {Estudiantes indígenas y los usos y apropiación de las tecnologías de información y comunicación},
	volume = {2},
	number = {3},
	journal = {Paakat: Revista de Tecnología y Sociedad},
	author = {Becerra-Cortés, Y. E.},
	year = {2012},
	pages = {1--12},
}

@phdthesis{bonilla_lugo_capacitacion_2016,
	address = {Colombia},
	type = {Maestría en {Planeación} para el {Desarrollo}},
	title = {La capacitación en proyectos productivos a través del uso de las {TIC}: el caso de “{Produciendo} por mi futuro” },
	school = { Universidad Santo Tomás, Bogotá},
	author = {Bonilla Lugo, S. M.},
	year = {2016},
}

@article{flores_delgado_campesino_2019,
	title = {Campesino agrosociodigitalmente alfabetizado, tipología emergente del campo mexicano},
	url = {http://revistas.anahuac.mx/sintaxis/article/view/193},
	doi = {10.36105/stx.2019n2.08},
	number = {2},
	urldate = {2022-04-22},
	journal = {Revista Anahuac},
	author = {Flores Delgado, E. R.},
	year = {2019},
	pages = {1--14},
}

@article{fornasari_jovenes_2014,
	title = {Los jóvenes de contextos rurales y su relación con las {TIC} en {San} {Luis}, {Argentina}. {Aproximaciones} a las prácticas y tensiones en el proceso de apropiación},
	number = {125},
	journal = {Chasqui. Revista Latinoamericana de Comunicación},
	author = {Fornasari, M. E.},
	year = {2014},
	pages = {76--83},
}

@phdthesis{garcia_rodea_uso_2019,
	address = {México},
	type = {Maestría en {Agroindustria} rural, desarrollo territorial},
	title = {El uso de las tecnologías de la información y la comunicación ({TICs}) como estrategias de comercialización para alojamientos rurales en el {Estado} de {México} },
	school = {Universidad Autónoma del Estado de México},
	author = {García Rodea, L. F.},
	year = {2019},
}

@article{hoque_impact_2020,
	title = {The impact of the {ICT4D} project on sustainable rural development using a capability approach: {Evidence} from {Bangladesh}},
	volume = {61},
	url = {https://linkinghub.elsevier.com/retrieve/pii/S0160791X18303415},
	doi = {10.1016/j.techsoc.2020.101254},
	urldate = {2022-04-22},
	journal = {Technology in Society},
	author = {Hoque, R.},
	year = {2020},
	pages = {1--8},
}

@article{hudson_using_2017,
	title = {Using radio and interactive {ICTs} to improve food security among smallholder farmers in {Sub}-{Saharan} {Africa}},
	volume = {41},
	url = {https://linkinghub.elsevier.com/retrieve/pii/S0308596117301982},
	doi = {10.1016/j.telpol.2017.05.010},
	number = {7-8},
	urldate = {2022-04-22},
	journal = {Telecommunications Policy},
	author = {Hudson, H. and Leclair, M. and Pelletier, B. and Sullivan, B.},
	year = {2017},
	pages = {670--684},
}

@article{jimenez_carrasco_tecnologias_2016,
	title = {Las tecnologías de la información y comunicación como fuente de conocimientos en el sector rural},
	url = {https://cienciasagricolas.inifap.gob.mx/index.php/agricolas/article/view/426},
	doi = {10.29312/remexca.v0i15.426},
	number = {15},
	urldate = {2022-04-22},
	journal = {Revista Mexicana de Ciencias Agrícolas},
	author = {Jiménez Carrasco, J. and Rendón Medel, R. and Toledo, J. and Aranda Osorio, G.},
	year = {2016},
	pages = {3063--3074},
}

@article{krell_smallholder_2021,
	title = {Smallholder farmers' use of mobile phone services in central {Kenya}},
	volume = {13},
	url = {https://www.tandfonline.com/doi/full/10.1080/17565529.2020.1748847},
	doi = {10.1080/17565529.2020.1748847},
	number = {3},
	urldate = {2022-04-22},
	journal = {Climate and Development},
	author = {Krell, N. T. and Giroux, S. A. and Guido, Z. and Hannah, C. and Lopus, S. E. and Caylor, K. K. and Evans, T. P.},
	year = {2021},
	pages = {215--227},
}

@article{martinez-suarez_objetos_2015,
	title = {Objetos nómadas digitales: caso de estudio las comunidades shuar ecuatorianas},
	volume = {12},
	number = {35},
	journal = {Comunicacion midia consumo},
	author = {Martínez-Suárez,  Y.  and De Salvador Agra, S.},
	year = {2015},
	pages = {73--91},
}

@article{mukerji_reexamining_2020,
	title = {Re‐examining strategic and developmental implications of e‐{Choupal}, {India}},
	volume = {86},
	url = {https://onlinelibrary.wiley.com/doi/10.1002/isd2.12132},
	doi = {10.1002/isd2.12132},
	number = {4},
	urldate = {2022-04-22},
	journal = {The Electronic Journal of Information Systems in Developing Countries},
	author = {Mukerji, M.},
	year = {2020},
}

@phdthesis{noscue_mera_usos_2019,
	address = {Argentina},
	type = {Doctorado en {Comunicación} social},
	title = {Usos y apropiaciones de {Tics} digitales: representaciones socioculturales y mediáticas en situaciones de migración involuntaria y/o desplazamiento forzado en el suroccidente colombiano},
	school = {Universidad de La Plata},
	author = {Noscué Mera, E.},
	year = {2019},
}

@article{parmar_evaluating_2019,
	title = {Evaluating {Farmers}’ {Access} to {Agricultural} {Information}: {Evidence} from {Semi}-{Arid} {Region} of {Rajasthan} {State}, {India}},
	volume = {9},
	url = {https://www.mdpi.com/2077-0472/9/3/60},
	doi = {10.3390/agriculture9030060},
	number = {3},
	urldate = {2022-04-22},
	journal = {Agriculture},
	author = {Parmar, I. and Soni, P. and Kuwornu, J. and Salin, K.},
	year = {2019},
	pages = {1--17},
}

@article{parra_affonso_uso_2015,
	title = {Uso de tecnologia da informação na agricultura familiar: {Planilha} para gestão de insumos},
	url = {http://biblios.pitt.edu/ojs/index.php/biblios/article/view/221},
	doi = {10.5195/BIBLIOS.2015.221},
	number = {60},
	urldate = {2022-04-22},
	journal = {Biblios},
	author = {Parra Affonso, E. and Toyoko Hashimoto, C. and Gonçalves Sant'Ana, R. C.},
	year = {2015},
	pages = {45--54},
}

@article{petridis_factors_2020,
	title = {Factors affecting innovation and imitation of {ICT} in the agrifood sector},
	volume = {294},
	url = {http://link.springer.com/10.1007/s10479-018-2834-y},
	doi = {10.1007/s10479-018-2834-y},
	number = {1-2},
	urldate = {2022-04-22},
	journal = {Annals of Operations Research},
	author = {Petridis, N. E. and Digkas, G. and Anastasakis, L.},
	year = {2020},
	pages = {501--514},
}

@article{quinchoa-cajas_apropiacion_2011,
	title = {Apropiación y resistencia social de las {TIC} en el resguardo indígena de {Puracé}, {Cauca}, {Colombia}},
	volume = {6},
	number = {18},
	journal = {Revista iberoamericana de ciencia, tecnología y sociedad},
	author = {Quinchoa-Cajas, W. J.},
	year = {2011},
}

@article{romero_hurtado_ensenanza_2016,
	title = {Enseñanza de las {TIC} en comunidades {Wayuu}: innovación o ruptura de tradición},
	volume = {32},
	number = {12},
	journal = { Opción},
	author = {Romero Hurtado, L. C. and Colina De Andrade, D. M.},
	year = {2016},
	pages = {476--499},
}

@article{salcedo_parra_compartel_2018,
	title = {Compartel (telecentros): una evaluación de su apropiación social},
	volume = {41},
	url = {http://www.cude.es/ojs/index.php/CUDE/article/view/72},
	doi = {10.32826/cude.v42i116.72},
	number = {116},
	urldate = {2022-04-22},
	journal = {Cuadernos de Economía},
	author = {Salcedo Parra, O. J. and Aguilera-Prado, M. and Guevara Fletcher, D.},
	year = {2018},
	pages = {181--187},
}

@article{samsuddin_youth_2018,
	title = {Youth development in rural library: {ICT} gratification as mediating effect},
	volume = {23},
	url = {https://mjlis.um.edu.my/index.php/MJLIS/article/view/12766},
	doi = {10.22452/mjlis.vol23no2.7},
	number = {2},
	urldate = {2022-04-22},
	journal = {Malaysian Journal of Library \& Information Science},
	author = {Samsuddin, S. and Omar, S. and Shaffril, H.},
	year = {2018},
	pages = {11--134},
}

@article{sheng_influence_2020,
	title = {The influence of information communication technology on farmers’ sales channels in environmentally affected areas of {China}},
	volume = {27},
	url = {https://link.springer.com/10.1007/s11356-020-10203-6},
	doi = {10.1007/s11356-020-10203-6},
	number = {34},
	urldate = {2022-04-22},
	journal = {Environmental Science and Pollution Research},
	author = {Sheng, J. and Lu, Q.},
	year = {2020},
	pages = {42513--42529},
}

@article{susihuaman_sisa_tecnologias_2020,
	title = {Tecnologías de la información y comunicación, interculturalidad y desarrollo rural en la provincia de la unión, {Arequipa} {Perú}},
	volume = {50},
	url = {https://revistaseug.ugr.es/index.php/publicaciones/article/view/13940},
	doi = {10.30827/publicaciones.v50i2.13940},
	number = {2},
	urldate = {2022-04-22},
	journal = {Publicaciones},
	author = {Susihuamán Sisa, G. N. and Alarcón Condori, J. G. and Ontiveros Aparicio, W. R.},
	year = {2020},
	pages = {15--29},
}

@article{subejo_modernization_2019,
	title = {Modernization of {Agriculture} and {Use} of {Information} and {Communication} {Technologies} by {Farmers} in {Coastal} {Yogyakarta}},
	volume = {51},
	url = {https://jurnal.ugm.ac.id/ijg/article/view/41706},
	doi = {10.22146/ijg.41706},
	number = {3},
	urldate = {2022-04-22},
	journal = {Indonesian Journal of Geography},
	author = {Subejo, S. and Untari, D. W. and Wati, R. I. and Mewasdinta, G.},
	year = {2019},
	pages = {332--345},
}

@article{villa-orrego_efectos_2011,
	title = {Efectos de la implementación del programa gubernamental orientado a la alfabetización digital en una comunidad rural},
	volume = {19},
	number = {1},
	journal = {Investigación y desarrollo},
	author = {Villa-Orrego, N. H. and Moncada-Velásquez, J. M.},
	year = {2011},
	pages = {26--41},
}

@article{wei_e-commerce_2020,
	title = {E-{Commerce}, {Taobao} {Villages} and {Regional} {Development} in China},
	volume = {110},
	url = {https://www.tandfonline.com/doi/full/10.1111/gere.12367},
	doi = {10.1111/gere.12367},
	number = {3},
	urldate = {2022-04-22},
	journal = {Geographical Review},
	author = {Wei, Y. D. and Lin, J. and Zhang, L.},
	year = {2020},
	pages = {380--405},
}

@article{vico-bosch_incidencia_2018,
	title = {Incidencia de las políticas de inclusión digital en el uso de las redes sociales de mujeres de entorno rural},
	volume = {21},
	journal = {Prisma sócial},
	author = {Vico-Bosch, A. and Rebollo-Catalán, Á.},
	year = {2018},
	pages = {263--281},
}
