@article{alemi2007,
	title = {An {Avatar}’s {Day} in court: {A} proposal for obtaining relief and resolving disputes in virtual world games},
	volume = {11},
	number = {2},
	journal = {UCLA Journal of Law and Technology},
	author = {Alemi, Famaz},
	year = {2007},
	pages = {1-54},
}
@article{barker2012,
	title = {{MMORPGing} - {The} {Legalities} of {Game} {Play}},
	volume = {3},
	url = {https://ejlt.org/index.php/ejlt/article/view/119},
	number = {1},
	urldate = {2021-09-22},
	journal = {European Journal of Law and Technology},
	author = {Barker, Kim},
	month = jan,
	year = {2012},
}
@article{bell2008,
	title = {Toward a {Definition} of “{Virtual} {Worlds}”},
	volume = {1},
	copyright = {Copyright (c)},
	url = {https://journals.tdl.org/jvwr/index.php/jvwr/article/view/283},
	number = {1},
	urldate = {2021-09-22},
	journal = {Journal For Virtual Worlds Research},
	author = {Bell, Mark W.},
	year = {2008},
	pages = {1-5},
}
@article{bradley2004,
	title = {Virtual worlds, real rules},
	volume = {49},
	number = {1},
	journal = {New York Law School Law Review},
	author = {Bradley, Caroline and Froomkin, Michael},
	year = {2004},
	pages = {103-146},
}
@inproceedings{chen2007,
	address = {Salzburg, Austria},
	title = {Understanding social interaction in world of warcraft},
	url = {http://portal.acm.org/citation.cfm?doid=1255047.1255052},
	doi = {10.1145/1255047.1255052},
	urldate = {2021-09-22},
	booktitle = {Proceedings of the international conference on {Advances} in computer entertainment technology  - {ACE} '07},
	publisher = {ACM Press},
	author = {Chen, Vivian Hsueh-hua and Duh, Henry Been-Lirn},
	year = {2007},
	pages = {21},
}
@article{collins2012,
	title = {Personality traits associated with problematic and non-problematic massively multiplayer online role playing game use},
	volume = {52},
	url = {https://linkinghub.elsevier.com/retrieve/pii/S0191886911004442},
	doi = {10.1016/j.paid.2011.09.015},
	number = {2},
	urldate = {2021-09-24},
	journal = {Personality and Individual Differences},
	author = {Collins, Emily and Freeman, Jonathan and Chamarro-Premuzic, Tomas},
	month = jan,
	year = {2012},
	pages = {133-138},
}
@article{cornillie2012,
	title = {{ReCALL} special issue: {Digital} games for language learning: challenges and opportunities: {Editorial} {Digital} games for language learning: from hype to insight?},
	volume = {24},
	url = {https://www.cambridge.org/core/product/identifier/S0958344012000134/type/journal_article},
	doi = {10.1017/S0958344012000134},
	number = {3},
	urldate = {2021-09-24},
	journal = {ReCALL},
	author = {Cornillie, Frederik and Thorne, Steven L. and Desmet, Piet},
	month = sep,
	year = {2012},
	pages = {243-256},
}
@book{costa1992,
	address = {Odessa, FL},
	title = {{NEO} personality inventory-revised ({NEO} {PI}-{R})},
	publisher = {Psychological Assessment Resources},
	author = {Costa, Paul},
	year = {1992},
}
@article{cole2007,
	title = {Social {Interactions} in {Massively} {Multiplayer} {Online} {Role}-{Playing} {Gamers}},
	volume = {10},
	url = {http://www.liebertpub.com/doi/10.1089/cpb.2007.9988},
	doi = {10.1089/cpb.2007.9988},
	number = {4},
	urldate = {2021-09-24},
	journal = {CyberPsychology \& Behavior},
	author = {Cole, Helena and Griffiths, Mark D.},
	month = aug,
	year = {2007},
	pages = {575-583},
}
@article{dickey2007,
	title = {Game design and learning: a conjectural analysis of how massively multiple online role-playing games ({MMORPGs}) foster intrinsic motivation},
	volume = {55},
	url = {http://link.springer.com/10.1007/s11423-006-9004-7},
	doi = {10.1007/s11423-006-9004-7},
	number = {3},
	urldate = {2021-09-27},
	journal = {Educational Technology Research and Development},
	author = {Dickey, Michele D.},
	month = may,
	year = {2007},
	pages = {253-273},
}
@article{farrell1998,
	title = {Modest expectations: {What} training and knowledge of language do teachers need?},
	volume = {20},
	number = {3},
	journal = {Fine Print: A Journal of Adult English Language and Literacy Education},
	author = {Farrell, Lesley},
	year = {1998},
	pages = {3-6},
}
@book{foley1997,
	address = {Malden, MA},
	series = {Language in society},
	title = {Anthropological linguistics: an introduction},
	number = {24},
	publisher = {Blackwell Publishers},
	author = {Foley, William A.},
	year = {1997},
}
@article{gordon2008,
	title = {Placeworlds: {Using} {Virtual} {Worlds} to {Foster} {Civic} {Engagement}},
	volume = {11},
	url = {http://journals.sagepub.com/doi/10.1177/1206331208319743},
	doi = {10.1177/1206331208319743},
	number = {3},
	urldate = {2021-09-27},
	journal = {Space and Culture},
	author = {Gordon, Eric and Koo, Gene},
	month = aug,
	year = {2008},
	pages = {204-221},
}
@book{guntermann1982,
	address = {Washington, DC},
	title = {Functional-{Notional} {Concepts}: {Adapting} the {FL} {Textbook}},
	publisher = {Center for Applied Linguistics},
	author = {Guntermann, Gail and Phillips, June K.},
	year = {1982},
}
@article{mancini2017,
	title = {Offline personality and avatar customisation. {Discrepancy} profiles and avatar identification in a sample of {MMORPG} players},
	volume = {69},
	doi = {10.1016/j.chb.2016.12.031},
	journal = {Computers in Human Behavior},
	author = {Mancini, Tiziana and Sibilla, Federica},
	month = apr,
	year = {2017},
	pages = {275-283},
}
@article{mccreery2015,
	title = {Social interaction in a virtual environment: {Examining} socio-spatial interactivity and social presence using behavioral analytics},
	volume = {51},
	url = {https://linkinghub.elsevier.com/retrieve/pii/S0747563215003398},
	doi = {10.1016/j.chb.2015.04.044},
	urldate = {2021-09-27},
	journal = {Computers in Human Behavior},
	author = {McCreery, Michael P. and Vallett, David B. and Clark, Cynthia},
	month = oct,
	year = {2015},
	pages = {203-206},
}
@article{nagy2016,
	title = {‘{I} {Create} {Therefore} {I} {Virtually} {Exist}’: {Digital} {Content} {Creation}, {Virtual} {Consumption}, and {Motivation} in {Second} {Life}},
	volume = {9},
	url = {https://jvwr-ojs-utexas-stage.tdl.org/jvwr/index.php/jvwr/article/view/7205},
	doi = {10.4101/jvwr.v9i2.7205},
	number = {2},
	urldate = {2021-09-22},
	journal = {Journal For Virtual Worlds Research},
	author = {Nagy, Peter and Koles, Bernadett},
	month = sep,
	year = {2016},
	pages = {1-22},
}
@article{nakamura2009,
	title = {Don't {Hate} the {Player}, {Hate} the {Game}: {The} {Racialization} of {Labor} in {World} of {Warcraft}},
	volume = {26},
	url = {http://www.tandfonline.com/doi/abs/10.1080/15295030902860252},
	doi = {10.1080/15295030902860252},
	number = {2},
	urldate = {2021-09-22},
	journal = {Critical Studies in Media Communication},
	author = {Nakamura, Lisa},
	month = jun,
	year = {2009},
	pages = {128-144},
}
@article{reinders2009,
	title = {Using computer games to teach writing},
	volume = {63},
	number = {1},
	journal = {English Teaching Professional},
	author = {Reinders, Hayo},
	year = {2009},
	pages = {6-58},
}
@book{siwek2007,
	address = {Washington, DC},
	title = {Video-game in the 21st {Century}: {The} 2017 {Report}},
	publisher = {Entertainment Software Association},
	author = {Siwek, Stephen},
	year = {2007},
}
@incollection{smith2005,
	address = {New York, NY},
	title = {Agreeing to disagree–pre-game interaction and the issue of community},
	booktitle = {Entertainment {Computing} - {ICEC}},
	publisher = {Springer},
	author = {Smith, Jonas},
	editor = {Kishino, Fumio and Kitamura, Y. and Kato, H. and Nagata, N.},
	year = {2005},
	pages = {136-147},
}
@article{stone2016,
	title = {The {WoW} experience: grounding a graduate {English} seminar},
	volume = {24},
	url = {https://www.emerald.com/insight/content/doi/10.1108/OTH-08-2015-0045/full/html},
	doi = {10.1108/OTH-08-2015-0045},
	number = {1},
	urldate = {2021-09-22},
	journal = {On the Horizon},
	author = {Stone, Jennifer C. and Day, Jathan and Dym, Brianna and Kahlenbeck, Katie O'Regan and Kraft, Zebadiah R. and Reynaga, September V. and Shearer-Ihrig, LaVon and Waetjen, Elizabeth and Allen, Shanna},
	editor = {Prof. Elizabeth King, Prof. Constan, Assistant},
	month = feb,
	year = {2016},
	pages = {38-43},
}
@article{whang2004,
	title = {Lifestyles of {Virtual} {World} {Residents}: {Living} in the {On}-{Line} {Game} "{Lineage}"},
	volume = {7},
	url = {http://www.liebertpub.com/doi/10.1089/cpb.2004.7.592},
	doi = {10.1089/cpb.2004.7.592},
	number = {5},
	urldate = {2021-09-22},
	journal = {CyberPsychology \& Behavior},
	author = {Whang, Leo Sang-Min and Chang, Geunyoung},
	month = oct,
	year = {2004},
	pages = {592-600},
}
@incollection{yee2006,
	address = {London},
	title = {The psychology of massively multiuser online role-playing games: motivations, emotional investment, relationships, and problematic usage},
	volume = {34},
	url = {http://link.springer.com/10.1007/1-4020-3898-4},
	urldate = {2021-09-22},
	booktitle = {Avatars at {Work} and {Play}},
	publisher = {Springer-Verlag},
	author = {Yee, Nicholas},
	editor = {Schroeder, Ralph and Axelsson, Ann-Sofie},
	year = {2006},
	doi = {10.1007/1-4020-3898-4},
	pages = {187-207},
}
@article{zhong2011,
	title = {The effects of collective {MMORPG} play on gamers’ online and offline social capital},
	volume = {27},
	url = {https://linkinghub.elsevier.com/retrieve/pii/S074756321100152X},
	doi = {10.1016/j.chb.2011.07.014},
	number = {6},
	urldate = {2021-09-22},
	journal = {Computers in Human Behavior},
	author = {Zhong, Zhi-Jin},
	month = nov,
	year = {2011},
	pages = {2352-2363},
}