@book{garvey1979,
    title         = {Communication: the essence of science},
    author        = {Garvey, William},
    year          = {1979},
    publisher     = {Pergamon Press},
    address       = {Oxford},
}

@book{ausubel1982,
    title         = {A aprendizagem significativa: a teoria de David Ausubel},
    author        = {Ausubel, David Paul},
    year          = {1982},
    publisher     = {Moraes},
    address       = {São Paulo},
}

@book{bell1990,
    title         = {O Advento da Sociedade Pós-Industrial},
    author        = {Bell, Daniel},
    year          = {1990},
    publisher     = {Cultrix},
    address       = {São Paulo},
}

@book{mcluhan1990,
    title         = {A galáxia de Gutenberg: a formação do homem tipográfico},
    author        = {McLuhan, Marshall},
    year          = {1990},
    publisher     = {Nacional},
    address       = {São Paulo},
    edition       = {4},
}

@book{drucker1994,
    title         = {Administração de organizações sem fins lucrativos: princípios e práticas},
    author        = {Drucker, Peter Ferdinand},
    year          = {1994},
    publisher     = {Pioneira},
    address       = {São Paulo},
}

@book{negroponte1995,
    title         = {A vida digital},
    author        = {Negroponte, Nicholas},
    year          = {1995},
    publisher     = {Companhia das Letras},
    address       = {São Paulo},
    edition       = {2},
}

@article{pellicer1997,
    title         = {La Mod a tecnológica en la educación: peligros de um espejismo},
    author        = {Pellicer, Gispert},
    year          = {1997},
    month         = {6},
    journal       = {Revista de Medios y Educación},
    number        = {9},
    url           = {http://www.sav.us.es/pixelbit/pixelbit/articulos/n9/n9art/art97.htm},
    urldate       = {2024-11-11},
}

@book{assmann1999,
    title         = {Reencantar a educação: rumo a sociedade aprendente},
    author        = {Assmann, Hugo},
    year          = {1999},
    publisher     = {Vozes},
    address       = {Petrópolis},
}

@book{rezende2000,
    title         = {Tecnologia da Informação Aplicada a Sistemas de Informações Empresariais},
    author        = {Rezende, Denis Alcides and Abreu, Aline França de},
    year          = {2000},
    publisher     = {Atlas},
    address       = {São Paulo},
}

@book{takahashi2000,
    title         = {Sociedade da informação no Brasil: livro verde},
    author        = {Takahashi, Tadao},
    year          = {2000},
    publisher     = {Ministério da Ciência e Tecnologia},
    address       = {Brasília},
}

@book{abreu2001,
    title         = {Uma biblioteca pública numa sociedade de informação obcecada pelo mercado: desafios e oportunidades},
    author        = {Abreu, Pedro Ferraz de},
    year          = {2001},
    publisher     = {Departamento de Cultura da Câmara Municipal de Lisboa},
    address       = {Lisboa},
}

@article{prensky2001,
    title         = {Digital Natives, Digital Immigrants},
    author        = {Prensky, Marc},
    year          = {2001},
    journal       = {MCB University Press},
}

@book{castells2002,
    title         = {O poder da identidade},
    author        = {Castells, Manuel},
    year          = {2002},
    publisher     = {Paz e Terra},
    address       = {São Paulo},
    edition       = {4},
}

@book{mattelart2002,
    title         = {História da sociedade da informação},
    author        = {Mattelart, Armand},
    year          = {2002},
    publisher     = {Loyola},
    address       = {São Paulo},
}

@book{pedro2002,
    title         = {Os Hipertextos de Flexibilidade Cognitiva e a planificação de conteúdos didácticos: um estudo com (futuros) professores de Línguas},
    author        = {Pedro, Luís and Moreira, António Augusto de Freitas Gonçalves},
    year          = {2002},
    publisher     = {s.n.},
    address       = {Aveiro},
}

@book{toffler2002,
    title         = {A terceira onda},
    author        = {Toffler, Alvin},
    year          = {2002},
    publisher     = {Record},
    address       = {São Paulo},
}

@book{hargreaves2003,
    title         = {O Ensino na Sociedade do Conhecimento: a educação na era da insegurança},
    author        = {Hargreaves, Andy},
    year          = {2003},
    publisher     = {Porto Editora},
    address       = {Porto},
}

@book{morin2003,
    title         = {Para sair do século XX},
    author        = {Morin, Edgar},
    year          = {2003},
    publisher     = {Nova Fronteira},
    address       = {Rio de Janeiro},
}

@book{sorj2003,
    title         = {brasil@povo.com: a luta contra a desigualdade na sociedade da informação},
    author        = {Sorj, Bernardo},
    year          = {2003},
    publisher     = {Jorge Zahar; UNESCO},
    address       = {Rio de Janeiro; Brasília},
}

@misc{gouveia2004a,
    title         = {Notas de contribuição para uma definição operacional},
    author        = {Gouveia, Luis Manuel Borges},
    year          = {2004},
    url           = {http://www2.ufp.pt/~lmbg/reserva/lbg_socinformacao04.pdf},
    urldate       = {2024-11-23},
}

@book{gouveia2004b,
    title         = {Sociedade da Informação: balanço e implicações},
    author        = {Gouveia, Luís Borges and Gaio, Sofia},
    year          = {2004},
    publisher     = {Universidade Fernando Pessoa},
    address       = {Portugal},
}

@incollection{levy2004,
    title         = {O ciberespaço como um passo metaevolutivo},
    author        = {Lévy, Pierre},
    year          = {2004},
    booktitle     = {A genealogia do virtual: comunicação, cultura e tecnologia do imaginário},
    publisher     = {Sulina},
    address       = {Porto Alegre},
    editor        = {Martins, Francisco Menezes and Silva, Juremir Machado da},
}

@incollection{masuda2004,
    title         = {Image of the future information society},
    author        = {Masuda, Yoneji},
    year          = {2004},
    booktitle     = {The Information Society Reader},
    publisher     = {Routledge},
    address       = {London},
    editor        = {Webster, Frank},
}

@article{pozo2004,
    title         = {A sociedade da aprendizagem e o desafio de converter informação em conhecimento},
    author        = {Pozo, Juan Ignacio},
    year          = {2004},
    journal       = {Revista Pátio, Educação ao Longo da Vida},
}

@misc{siemens2004,
    title         = {Conectivismo: uma teoria de aprendizagem para a idade digital},
    author        = {Siemens, George},
    year          = {2004},
    url           = {http://wiki.papagallis.com.br/George_Siemens_e_o_conectivismo},
    urldate       = {2024-11-12},
}

@book{webster2006,
    title         = {Theories of information society},
    author        = {Webster, Frank},
    year          = {2006},
    publisher     = {Routledge},
    address       = {London},
}

@book{junqueiro2009,
    title         = {A idade do Conhecimento: a nova era digital},
    author        = {Junqueiro, Raul},
    year          = {2009},
    publisher     = {Editora Notícias},
    address       = {Lisboa},
}

@book{levy2010,
    title         = {Cibercultura},
    author        = {Lévy, Pierre},
    year          = {2010},
    publisher     = {Editora 34},
    address       = {São Paulo},
}

@article{lisboa2010,
    title         = {Conceitos emergentes no contexto da sociedade da informação: um contributo teórico},
    author        = {Lisbôa, Eliana Santana and Bottentuit Junior, João Batista and Coutinho, Clara Pereira},
    year          = {2010},
    month         = {7},
    journal       = {Revista Paidéi@, Unimes Virtual},
    volume        = {2},
    number        = {3},
    url           = {http://revistapaideia.unimesvirtual.com.br},
    urldate       = {2024-11-23},
}

@article{silva2010,
    title         = {O conhecimento e as tecnologias na sociedade da informação},
    author        = {Silva, Alzira Karla Araújo da and Correia, Anna Elizabeth Galvão Coutinho and Lima, Izabel França de},
    year          = {2010},
    month         = {jan/jun},
    journal       = {Rev. Interam. Bibliot. Medellín},
    volume        = {33},
    number        = {1},
}

@misc{siemens2010,
    title         = {A informação torna-se conhecimento através das conexões},
    author        = {Siemens, George},
    year          = {2010},
    publisher     = {Educare},
    url           = {http://www.educare.pt/educare/Educare.aspx},
    urldate       = {2025-01-12},
}

@misc{lambert2010,
    title         = {Digital Storytelling Cookbook},
    author        = {Lambert, Joe},
    year          = {2010},
    publisher     = {Centro de Digital Storytelling},
    url           = {http://www.storycenter.org/cookbook.html},
    urldate       = {2024-12-29},
}

@article{coutinho2011,
    title         = {Sociedade da informação, do conhecimento e da aprendizagem: desafios para a educação no século XXI},
    author        = {Coutinho, Clara Pereira and Lisbôa, Eliana Santana},
    year          = {2011},
    journal       = {Revista de Educação},
    volume        = {18},
    number        = {1},
}

@book{levy2011,
    title         = {O que é o virtual?},
    author        = {Lévy, Pierre},
    year          = {2011},
    publisher     = {Editora 34},
    address       = {São Paulo},
}

@book{marcuse2011,
    title         = {O Homem Unidimensional: sobre a Ideologia da Sociedade Industrial Avançada},
    author        = {Marcuse, Herbert},
    year          = {2011},
    publisher     = {Letra Livre},
    address       = {Campo Grande},
}

@misc{cherubin2012,
    title         = {Para lidar com a geração Z, professores recorrem a redes sociais},
    author        = {Cherubin, Karina Gomes},
    year          = {2012},
    url           = {http://mpcidadania.ning.com/profiles/blogs/para-lidar-com-geracao-z-professor-recorre-as-redes-sociais},
    urldate       = {2024-11-23},
}

@book{gomes2012,
    title         = {Comunicação científica: alicerces, transformações e tendências},
    author        = {Gomes, Cristina Marques},
    year          = {2012},
    publisher     = {LabCom Books},
    address       = {Lisboa},
}

@book{kenski2012,
    title         = {Educação e tecnologias: o novo ritmo da informação},
    author        = {Kenski, Vani Moreira},
    year          = {2012},
    publisher     = {Editora Papirus},
    address       = {Campinas},
}

@book{santaella2013,
    title         = {Comunicação ubíqua: repercussões na cultura e na educação},
    author        = {Santaella, Lúcia},
    year          = {2013},
    publisher     = {Paulus},
    address       = {São Paulo},
}

@phdthesis{freitas2015,
    title         = {O estado da arte das discussões sobre currículo na pós-moderna Sociedade da Informação: estudo de caso e análise de conteúdo da produção científica dos pesquisadores em educação no período de 2001 a 2011},
    author        = {Freitas, Georgete Lopes},
    year          = {2015},
    address       = {Madeira},
    school        = {Universidade da Madeira, Faculdade de Ciências Sociais},
}

@book{gomez2015,
    title         = {Pedagogia da virtualidade: redes, cultura digital e educação},
    author        = {Gomez, Margarita Victoria},
    year          = {2015},
    publisher     = {Edições Loyola},
    address       = {São Paulo},
}

@book{castells2016,
    title         = {A sociedade em rede},
    author        = {Castells, Manuel},
    year          = {2016},
    publisher     = {Paz e Terra},
    address       = {São Paulo},
}

@book{rojo2016,
    title         = {Escola conectada: os multiletramentos e as TICs},
    year          = {2016},
    publisher     = {Parábola},
    address       = {São Paulo},
    editor        = {Rojo, Roxane},
    edition       = {2},
}

@article{galvao2017,
    title         = {Os sentidos do termo virtual em Pierre Lévy},
    author        = {Galvão, Cleyton Leandro},
    year          = {2017},
    journal       = {Revista Logeion (Filosofia da informação)},
    address       = {Rio de Janeiro},
}

@book{oliveira2017,
    title         = {Algumas práticas em divulgação científica: a importância de uma linguagem interativa},
    author        = {Oliveira, Samuel Rocha de},
    year          = {2017},
    publisher     = {Editora Rua},
    address       = {São Paulo},
}

@book{marconi2019,
    title         = {Metodologia científica},
    author        = {Marconi, Marina de Andrade and Lakatos, Eva Maria},
    year          = {2019},
    publisher     = {Editora Atlas},
    address       = {São Paulo},
    edition       = {11},
}

@mastersthesis{monteiro2019,
    title         = {Narrativas Hipertextuais na Educação Superior: uma proposta didática para o ensino de Jornalismo Multimídia},
    author        = {Monteiro, Jean Carlos da Silva},
    year          = {2019},
    address       = {Brasil},
    url           = {https://tedebc.ufma.br/jspui/browse?type=author&value=MONTEIRO%2C+Jean+Carlos+da+Silva},
    urldate       = {2024-11-23},
    school        = {Universidade Federal do Maranhão},
    type          = {Dissertação (Mestrado em Cultura e Sociedade)},
}

@book{gil2020,
    title         = {Como elaborar projetos de pesquisa},
    author        = {Gil, Antônio Carlos},
    year          = {2020},
    publisher     = {Atlas},
    address       = {São Paulo},
    edition       = {10},
}
