
@article{zosh_accessing_2018,
	title = {Accessing the {Inaccessible}: {Redefining} {Play} as a {Spectrum}},
	volume = {9},
	url = {https://www.frontiersin.org/article/10.3389/fpsyg.2018.01124/full},
	doi = {10.3389/fpsyg.2018.01124},
	journal = {Frontiers in Psychology},
	author = {Zosh, Jennifer M. and Hirsh-Pasek, Kathy and Hopkins, Emily J. and Jensen, Hanne and Liu, Claire and Neale, Dave and Solis, S. Lynneth and Whitebread, David},
	month = aug,
	year = {2018},
	pages = {1124},
}

@article{xu_fourth_2018,
	title = {The {Fourth} {Industrial} {Revolution}: {Opportunities} and {Challenges}},
	volume = {9},
	shorttitle = {The {Fourth} {Industrial} {Revolution}},
	url = {http://www.sciedupress.com/journal/index.php/ijfr/article/view/13194},
	doi = {10.5430/ijfr.v9n2p90},
	number = {2},
	journal = {International Journal of Financial Research},
	author = {Xu, Min and David, Jeanne M. and Kim, Suk Hi},
	month = feb,
	year = {2018},
	pages = {90},
}

@article{vasquez_education_2021,
	title = {Education for {Sustainable} {Development} in {Primary} {Education} {Textbooks}—{An} {Educational} {Approach} from {Statistical} and {Probabilistic} {Literacy}},
	volume = {13},
	url = {https://www.mdpi.com/2071-1050/13/6/3115},
	doi = {10.3390/su13063115},
	number = {6},
	journal = {Sustainability},
	author = {Vásquez, Claudia and García-Alonso, Israel and Seckel, María José and Alsina, Ángel},
	month = mar,
	year = {2021},
	pages = {3115},
}

@article{toma_stem_2021,
	title = {«{De} {STEM} nos gusta todo menos {STEM}». {Análisis} crítico de una tendencia educativa de moda},
	volume = {39},
	url = {https://ensciencias.uab.cat/article/view/v39-n1-toma-garcia},
	doi = {10.5565/rev/ensciencias.3093},
	number = {1},
	journal = {Enseñanza de las Ciencias. Revista de investigación y experiencias didácticas},
	author = {Toma, Radu Bogdan and García-Carmona, Antonio},
	month = mar,
	year = {2021},
	pages = {65--80},
}

@article{thibaut_integrated_2018,
	title = {Integrated {STEM} {Education}: {A} {Systematic} {Review} of {Instructional} {Practices} in {Secondary} {Education}},
	volume = {3},
	url = {http://www.lectitopublishing.nl/Article/Detail/integrated-stem-education-a-systematic-review-of-instructional-practices-in-secondary-education},
	doi = {10.20897/ejsteme/85525},
	number = {1},
	journal = {European Journal of STEM Education},
	author = {Thibaut, Lieve and Ceuppens, Stijn and De Loof, Haydée and De Meester, Jolien and Goovaerts, Leen and Struyf, Annemie and Boeve-de Pauw, Jelle and Dehaene, Wim and Deprez, Johan and De Cock, Mieke and Hellinckx, Luc and Knipprath, Heidi and Langie, Greet and Struyven, Katrien and Van De Velde, Didier and Van Petegem, Peter and Depaepe, Fien},
	month = may,
	year = {2018},
}

@article{strobel_role_2013,
	title = {The role of authenticity in design-based learning environments: {The} case of engineering education},
	volume = {64},
	url = {https://linkinghub.elsevier.com/retrieve/pii/S0360131512002990},
	doi = {10.1016/j.compedu.2012.11.026},
	journal = {Computers \& Education},
	author = {Strobel, J. and Wang, J. and Weber, N.R. and Dyehouse, M.},
	month = may,
	year = {2013},
	pages = {143--152},
}

@article{stephenson_increasing_2022,
	title = {Increasing {Girls}’ {STEM} {Engagement} in {Early} {Childhood}: {Conditions} {Created} by the {Conceptual} {PlayWorld} {Model}},
	volume = {52},
	url = {https://link.springer.com/10.1007/s11165-021-10003-z},
	doi = {10.1007/s11165-021-10003-z},
	number = {4},
	journal = {Research in Science Education},
	author = {Stephenson, Tanya and Fleer, Marilyn and Fragkiadaki, Glykeria},
	month = aug,
	year = {2022},
	pages = {1243--1260},
}

@article{silva-hormazabal_conectando_2022,
	title = {Conectando matemáticas e ingeniería a través de la estadística: una actividad {STEAM} en educación primaria},
	volume = {18},
	url = {https://www.camjol.info/index.php/recsp/article/view/15118},
	number = {66},
	journal = {Revista Electrónica de Conocimientos, Saberes y Prácticas},
	author = {Silva-Hormazábal, Marcela and Rodrigues-Silva, Jefferson and Alsina, Ángel},
	year = {2022},
}

@article{schlesinger_cognitive_2020,
	title = {Cognitive {Behavioral} {Science} behind the {Value} of {Play}: {Leveraging} {Everyday} {Experiences} to {Promote} {Play}, {Learning}, and {Positive} {Interactions}},
	volume = {19},
	url = {https://www.tandfonline.com/doi/full/10.1080/15289168.2020.1755084},
	doi = {10.1080/15289168.2020.1755084},
	number = {2},
	journal = {Journal of Infant, Child, and Adolescent Psychotherapy},
	author = {Schlesinger, Molly A. and Hassinger-Das, Brenna and Zosh, Jennifer M. and Sawyer, Jeremy and Evans, Natalie and Hirsh-Pasek, Kathy},
	month = apr,
	year = {2020},
	pages = {202--216},
}

@article{rodrigues-silva_stem/steam_2023,
	title = {{STEM}/{STEAM} in {Early} {Childhood} {Education} for {Sustainability} ({ECEfS}): {A} {Systematic} {Review}},
	volume = {15},
	url = {https://www.mdpi.com/2071-1050/15/4/3721},
	doi = {10.3390/su15043721},
	number = {4},
	journal = {Sustainability},
	author = {Rodrigues-Silva, Jefferson and Alsina, Ángel},
	month = feb,
	year = {2023},
	pages = {3721},
}

@article{rodrigues-silva_educacion_2023,
	title = {La educación {STEAM} y el aprendizaje lúdico en todos los niveles educativos},
	volume = {1},
	copyright = {Copyright (c) 2022},
	url = {https://periodicos.feevale.br/seer/index.php/revistapraksis/article/view/3170},
	doi = {10.25112/rpr.v1.3170},
	journal = {Revista Prâksis},
	author = {Rodrigues-Silva, Jefferson and Alsina, Ángel},
	month = jan,
	year = {2023},
	keywords = {Revisión narrativa de la literatura},
	pages = {188--212},
}

@article{rodrigues-silva_predisposicoes_2022,
	title = {Predisposições dos professores sobre a aprendizagem lúdica: implicações para a formação docente},
	volume = {7},
	issn = {2448-3583},
	shorttitle = {Predisposições dos professores sobre a aprendizagem lúdica},
	url = {https://revistas.uece.br/index.php/redufor/article/view/8325},
	doi = {10.25053/redufor.v7.e8325},
	abstract = {Durante a Covid-19, as escolas adotaram o Ensino Remoto Emergencial e os professores tiveram a oportunidade de utilizar metodologias baseadas na aprendizagem lúdica (brincar livre e guiado, etc.). Nesse contexto, desenvolveu-se uma pesquisa quantitativa sobre as predisposições de 157 professores brasileiros para a aprendizagem lúdica, comparando-se experiência docente, nível educacional e tipo de instituição. Os resultados obtidos a partir de um questionário previamente validado mostraram que os professores do ensino fundamental I (6-10 anos) e das escolas municipais estão mais predispostos ao aprendizado lúdico, o qual utilizam com mais frequência e o consideram mais adequado ao Ensino Remoto Emergencial. Por outro lado, os professores das escolas municipais e estaduais relataram menos apoio na formação docente voltada para a diversificação didática e perceberam mais dificuldades durante o Ensino Remoto Emergencial. Além disso, essas dificuldades estão significativamente relacionadas à não diversificação das atividades no período.},
	urldate = {2023-07-24},
	journal = {Educ. Form.},
	author = {Rodrigues-Silva, Jefferson and Alsina, Ángel},
	month = nov,
	year = {2022},
	pages = {e8325},
}

@article{quigley_developing_2017,
	title = {Developing a {Conceptual} {Model} of {STEAM} {Teaching} {Practices}: {Developing} a {Conceptual} {Model}},
	volume = {117},
	url = {https://onlinelibrary.wiley.com/doi/10.1111/ssm.12201},
	doi = {10.1111/ssm.12201},
	number = {1-2},
	journal = {School Science and Mathematics},
	author = {Quigley, Cassie F. and Herro, Dani and Jamil, Faiza M.},
	month = feb,
	year = {2017},
	pages = {1--12},
}

@article{perignat_steam_2019,
	title = {{STEAM} in practice and research: {An} integrative literature review},
	volume = {31},
	url = {https://linkinghub.elsevier.com/retrieve/pii/S1871187118302190},
	doi = {10.1016/j.tsc.2018.10.002},
	journal = {Thinking Skills and Creativity},
	author = {Perignat, Elaine and Katz-Buonincontro, Jen},
	month = mar,
	year = {2019},
	pages = {31--43},
}

@article{pearson_national_2017,
	title = {National academies piece on integrated {STEM}},
	volume = {110},
	url = {https://www.tandfonline.com/doi/full/10.1080/00220671.2017.1289781},
	doi = {10.1080/00220671.2017.1289781},
	number = {3},
	journal = {The Journal of Educational Research},
	author = {Pearson, Greg},
	month = may,
	year = {2017},
	pages = {224--226},
}

@article{ortiz-revilla_mirada_2021,
	title = {Una mirada crítica a los modelos teóricos sobre educación {STEAM} integrada},
	volume = {87},
	doi = {10.35362/rie8724634},
	number = {2},
	journal = {Revista Iberoamericana de Educación},
	author = {Ortiz-Revilla, Jairo and Sanz-Camarero, Raquel and Greca, Ileana M.},
	month = nov,
	year = {2021},
	pages = {13--33},
}

@article{moore_framework_2014,
	title = {A {Framework} for {Quality} {K}-12 {Engineering} {Education}: {Research} and {Development}},
	volume = {4},
	url = {https://docs.lib.purdue.edu/jpeer/vol4/iss1/2},
	doi = {10.7771/2157-9288.1069},
	number = {1},
	journal = {Journal of Pre-College Engineering Education Research (J-PEER)},
	author = {Moore, Tamara J. and Glancy, Aran W. and Tank, Kristina M. and Kersten, Jennifer A. and Smith, Karl A. and Stohlmann, Micah S.},
	month = may,
	year = {2014},
}

@article{prisma-p_group_preferred_2015,
	title = {Preferred reporting items for systematic review and meta-analysis protocols ({PRISMA}-{P}) 2015 statement},
	volume = {4},
	url = {https://systematicreviewsjournal.biomedcentral.com/articles/10.1186/2046-4053-4-1},
	doi = {10.1186/2046-4053-4-1},
	number = {1},
	journal = {Systematic Reviews},
	author = {{PRISMA-P Group} and Moher, David and Shamseer, Larissa and Clarke, Mike and Ghersi, Davina and Liberati, Alessandro and Petticrew, Mark and Shekelle, Paul and Stewart, Lesley A},
	month = dec,
	year = {2015},
	pages = {1},
}

@article{michael_wheres_2006,
	title = {Where's the evidence that active learning works?},
	volume = {30},
	url = {https://www.physiology.org/doi/10.1152/advan.00053.2006},
	doi = {10.1152/advan.00053.2006},
	number = {4},
	journal = {Advances in Physiology Education},
	author = {Michael, Joel},
	month = dec,
	year = {2006},
	pages = {159--167},
}

@article{mejias_trouble_2021,
	title = {The trouble with {STEAM} and why we use it anyway},
	volume = {105},
	url = {https://onlinelibrary.wiley.com/doi/10.1002/sce.21605},
	doi = {10.1002/sce.21605},
	number = {2},
	journal = {Science Education},
	author = {Mejias, Sam and Thompson, Naomi and Sedas, Raul Mishael and Rosin, Mark and Soep, Elisabeth and Peppler, Kylie and Roche, Joseph and Wong, Jen and Hurley, Mairéad and Bell, Philip and Bevan, Bronwyn},
	month = mar,
	year = {2021},
	pages = {209--231},
}

@article{marin-marin_steam_2021,
	title = {{STEAM} in education: a bibliometric analysis of performance and co-words in {Web} of {Science}},
	volume = {8},
	issn = {2196-7822},
	url = {https://stemeducationjournal.springeropen.com/articles/10.1186/s40594-021-00296-x},
	doi = {10.1186/s40594-021-00296-x},
	number = {1},
	journal = {International Journal of STEM Education},
	author = {Marín-Marín, José-Antonio and Moreno-Guerrero, Antonio-José and Dúo-Terrón, Pablo and López-Belmonte, Jesús},
	month = jun,
	year = {2021},
	pages = {41},
}

@article{lu_project-based_2022,
	title = {Project-based learning oriented {STEAM}: the case of micro–bit paper-cutting lamp},
	volume = {32},
	url = {https://link.springer.com/10.1007/s10798-021-09714-1},
	doi = {10.1007/s10798-021-09714-1},
	number = {5},
	journal = {International Journal of Technology and Design Education},
	author = {Lu, Shih-Yun and Lo, Chih-Cheng and Syu, Jia-Yu},
	month = nov,
	year = {2022},
	pages = {2553--2575},
}

@article{lin_effect_2021,
	title = {The {Effect} of a {Pedagogical} {STEAM} {Model} on {Students}’ {Project} {Competence} and {Learning} {Motivation}},
	volume = {30},
	url = {http://link.springer.com/10.1007/s10956-020-09885-x},
	doi = {10.1007/s10956-020-09885-x},
	number = {1},
	journal = {Journal of Science Education and Technology},
	author = {Lin, Chien-Liang and Tsai, Chun-Yen},
	month = feb,
	year = {2021},
	pages = {112--124},
}

@incollection{khine_creating_2019,
	address = {Cham},
	title = {Creating a {STEAM} {Map}: {A} {Content} {Analysis} of {Visual} {Art} {Practices} in {STEAM} {Education}},
	url = {https://link.springer.com/10.1007/978-3-030-04003-1_3},
	booktitle = {{STEAM} {Education}},
	publisher = {Springer International Publishing},
	author = {Liao, Christine},
	editor = {Khine, Myint Swe and Areepattamannil, Shaljan},
	year = {2019},
	pages = {37--55},
}

@article{kelley_conceptual_2016,
	title = {A conceptual framework for integrated {STEM} education},
	volume = {3},
	url = {https://stemeducationjournal.springeropen.com/articles/10.1186/s40594-016-0046-z},
	doi = {10.1186/s40594-016-0046-z},
	number = {1},
	journal = {International Journal of STEM Education},
	author = {Kelley, Todd R. and Knowles, J. Geoff},
	month = dec,
	year = {2016},
	pages = {1--11},
}

@article{guyotte_steam_2014,
	title = {Steam as {Social} {Practice}: {Cultivating} {Creativity} in {Transdisciplinary} {Spaces}},
	volume = {67},
	url = {https://www.tandfonline.com/doi/full/10.1080/00043125.2014.11519293},
	doi = {10.1080/00043125.2014.11519293},
	number = {6},
	journal = {Art Education},
	author = {Guyotte, Kelly W. and Sochacka, Nicki W. and Costantino, Tracie E. and Walther, Joachim and Kellam, Nadia N.},
	month = nov,
	year = {2014},
	pages = {12--19},
}

@article{guyotte_toward_2020,
	title = {Toward a {Philosophy} of {STEAM} in the {Anthropocene}},
	volume = {52},
	url = {https://www.tandfonline.com/doi/full/10.1080/00131857.2019.1690989},
	doi = {10.1080/00131857.2019.1690989},
	number = {7},
	journal = {Educational Philosophy and Theory},
	author = {Guyotte, Kelly W.},
	month = jun,
	year = {2020},
	pages = {769--779},
}

@article{green_writing_2006,
	title = {Writing narrative literature reviews for peer-reviewed journals: secrets of the trade},
	volume = {5},
	url = {https://linkinghub.elsevier.com/retrieve/pii/S0899346707601426},
	doi = {10.1016/S0899-3467(07)60142-6},
	number = {3},
	journal = {Journal of Chiropractic Medicine},
	author = {Green, Bart N. and Johnson, Claire D. and Adams, Alan},
	month = sep,
	year = {2006},
	pages = {101--117},
}

@article{florentino_disciplinaridade_2015,
	title = {Disciplinaridade, interdisciplinaridade e complexidade na educação: desafios à formação docente},
	volume = {6},
	url = {http://revistaseletronicas.pucrs.br/ojs/index.php/porescrito/article/view/17410},
	doi = {10.15448/2179-8435.2015.1.17410},
	number = {1},
	journal = {Educação Por Escrito},
	author = {Florentino, José Augusto and Rodrigues, Léo Peixoto},
	month = apr,
	year = {2015},
	pages = {54},
}

@article{ferrari_writing_2015,
	title = {Writing narrative style literature reviews},
	volume = {24},
	url = {http://www.tandfonline.com/doi/full/10.1179/2047480615Z.000000000329},
	doi = {10.1179/2047480615Z.000000000329},
	number = {4},
	journal = {Medical Writing},
	author = {Ferrari, Rossella},
	month = dec,
	year = {2015},
	pages = {230--235},
}

@article{danermark_applied_2019,
	title = {Applied interdisciplinary research: a critical realist perspective},
	volume = {18},
	url = {https://www.tandfonline.com/doi/full/10.1080/14767430.2019.1644983},
	doi = {10.1080/14767430.2019.1644983},
	number = {4},
	journal = {Journal of Critical Realism},
	author = {Danermark, Berth},
	month = aug,
	year = {2019},
	pages = {368--382},
}

@article{costa-lizama_hack4women:_2022,
	title = {Hack4women: un paso hacia la equidad de género},
	volume = {15},
	url = {https://periodicos.ufmg.br/index.php/textolivre/article/view/39348},
	doi = {10.35699/1983-3652.2022.39348},
	journal = {Texto Livre},
	author = {Costa-Lizama, Giannina and San Martín, Lilian and Pinto, Oscar and Gatica, Gustavo},
	month = oct,
	year = {2022},
	pages = {e39348},
}

@incollection{cohrssen_stem_2021,
	address = {Cham},
	title = {{STEM} or {STEAM} or {STREAM}? {Integrated} or {Interdisciplinary}?},
	url = {https://link.springer.com/10.1007/978-3-030-65624-9_13},
	booktitle = {Embedding {STEAM} in {Early} {Childhood} {Education} and {Care}},
	publisher = {Springer International Publishing},
	author = {Clements, Douglas H. and Sarama, Julie},
	editor = {Cohrssen, Caroline and Garvis, Susanne},
	year = {2021},
	pages = {261--275},
}

@incollection{chesky_introduction_2015,
	address = {New York},
	title = {Introduction to {STEM} {Education}},
	url = {http://link.springer.com/10.1057/9781137535467_1},
	booktitle = {Philosophy of {STEM} {Education}},
	publisher = {Palgrave Macmillan US},
	author = {Chesky, Nataly Z. and Wolfmeyer, Mark R.},
	collaborator = {Chesky, Nataly Z. and Wolfmeyer, Mark R.},
	year = {2015},
	pages = {1--16},
}

@article{catterall_brief_2017,
	title = {A {Brief} {History} of {STEM} and {STEAM} from an {Inadvertent} {Insider}},
	volume = {3},
	url = {http://scholarship.claremont.edu/steam/vol3/iss1/5/},
	doi = {10.5642/steam.20170301.05},
	number = {1},
	journal = {STEAM},
	author = {Catterall, Lisa},
	month = dec,
	year = {2017},
	pages = {1--13},
}

@article{byrne_improving_2016,
	title = {Improving the peer review of narrative literature reviews},
	volume = {1},
	url = {http://researchintegrityjournal.biomedcentral.com/articles/10.1186/s41073-016-0019-2},
	doi = {10.1186/s41073-016-0019-2},
	number = {1},
	journal = {Research Integrity and Peer Review},
	author = {Byrne, Jennifer A.},
	month = dec,
	year = {2016},
	pages = {12},
}

@article{boufleuer_interdisciplinaridade_2020,
	title = {Interdisciplinaridade e {Educação} na perspectiva de uma pedagogia hermenêutica},
	volume = {45},
	issn = {1984-6444},
	url = {https://periodicos.ufsm.br/reveducacao/article/view/35441},
	doi = {10.5902/1984644435441},
	number = {1},
	journal = {Educação (UFSM)},
	author = {Boufleuer, José Pedro and Moura, Leandro Renner De},
	month = may,
	year = {2020},
}

@article{bornmann_growth_2021,
	title = {Growth rates of modern science: a latent piecewise growth curve approach to model publication numbers from established and new literature databases},
	volume = {8},
	url = {https://www.nature.com/articles/s41599-021-00903-w},
	doi = {10.1057/s41599-021-00903-w},
	number = {1},
	journal = {Humanities and Social Sciences Communications},
	author = {Bornmann, Lutz and Haunschild, Robin and Mutz, Rüdiger},
	month = oct,
	year = {2021},
	pages = {224},
}

@article{biesta_por_2022,
	title = {Por qué la forma de la enseñanza importa: {Una} defensa de la integridad de la educación y del trabajo de los profesores más allá de programas y buenas intenciones},
	url = {https://doi.org/10.4438/1988-592X-RE-2022-395-519},
	doi = {10.4438/1988-592X-RE-2022-395-519},
	number = {395},
	journal = {Revista de Educación},
	author = {Biesta, Gert},
	year = {2022},
	pages = {1--13},
}

@article{biesta_risking_2020,
	title = {Risking {Ourselves} in {Education}: {Qualification}, {Socialization}, and {Subjectification} {Revisited}},
	volume = {70},
	url = {https://onlinelibrary.wiley.com/doi/10.1111/edth.12411},
	doi = {10.1111/edth.12411},
	number = {1},
	journal = {Educational Theory},
	author = {Biesta, Gert},
	month = feb,
	year = {2020},
	pages = {89--104},
}

@article{bassachs_fostering_2020,
	title = {Fostering {Critical} {Reflection} in {Primary} {Education} through {STEAM} {Approaches}},
	volume = {10},
	url = {https://www.mdpi.com/2227-7102/10/12/384},
	doi = {10.3390/educsci10120384},
	number = {12},
	journal = {Education Sciences},
	author = {Bassachs, Marcel and Cañabate, Dolors and Nogué, Lluís and Serra, Teresa and Bubnys, Remigijus and Colomer, Jordi},
	month = dec,
	year = {2020},
	pages = {384},
}

@article{aurava_expectations_2022,
	title = {Expectations and realities: {Examining} adolescent students’ game jam experiences},
	volume = {27},
	url = {https://link.springer.com/10.1007/s10639-021-10782-y},
	doi = {10.1007/s10639-021-10782-y},
	number = {3},
	journal = {Education and Information Technologies},
	author = {Aurava, Riikka and Meriläinen, Mikko},
	month = apr,
	year = {2022},
	pages = {4399--4426},
}

@article{ardoin_early_2020,
	title = {Early childhood environmental education: {A} systematic review of the research literature},
	volume = {31},
	url = {https://linkinghub.elsevier.com/retrieve/pii/S1747938X19305561},
	doi = {10.1016/j.edurev.2020.100353},
	journal = {Educational Research Review},
	author = {Ardoin, Nicole M. and Bowers, Alison W.},
	month = nov,
	year = {2020},
	pages = {100353},
}

@article{aguilera_stem_2021,
	title = {{STEM} vs. {STEAM} {Education} and {Student} {Creativity}: {A} {Systematic} {Literature} {Review}},
	volume = {11},
	url = {https://www.mdpi.com/2227-7102/11/7/331},
	doi = {10.3390/educsci11070331},
	number = {7},
	journal = {Education Sciences},
	author = {Aguilera, David and Ortiz-Revilla, Jairo},
	month = jul,
	year = {2021},
	pages = {331},
}
