@book{todorov1983,
    title         = {A conquista da América: a questão do outro},
    author        = {Tzvetan Todorov},
    year          = {1983},
    publisher     = {Martins Fontes},
    address       = {São Paulo},
}

@article{schutze1992,
    title         = {Pressure and guilt: war experiences of a young German soldier and their biographical implications},
    author        = {Fritz Schütze},
    year          = {1992},
    journal       = {International Sociology},
    volume        = {7},
    number        = {2},
    pages         = {187--208},
    doi           = {10.1177/026858092007002004},
}

@book{papert1996,
    title         = {A máquina das crianças: repensando a escola na era da informática},
    author        = {Seymour Papert},
    year          = {1996},
    publisher     = {Artmed},
    address       = {Porto Alegre},
}

@book{freire1996pedagogia,
    title         = {Pedagogia da Autonomia: saberes necessários à prática educativa},
    author        = {Paulo Freire},
    year          = {1996},
    publisher     = {Paz e Terra},
    address       = {São Paulo},
}

@book{lieblich1998,
    title         = {Narrative research: reading, analysis, and interpretation},
    author        = {Amia Lieblich and Rachel Tuval-Mashiach and Tova Zilber},
    year          = {1998},
    publisher     = {Sage Publications},
    address       = {Thousand Oaks},
}

@book{moran2001,
    title         = {Novas tecnologias e mediação pedagógica},
    author        = {José Manuel Moran},
    year          = {2001},
    publisher     = {Papirus},
    address       = {Campinas},
}

@incollection{jovchelovitch2002,
    title         = {Entrevista narrativa},
    author        = {Sandra Jovchelovitch and Martin W. Bauer},
    year          = {2002},
    booktitle     = {Pesquisa qualitativa com texto, imagem e som: um manual prático},
    publisher     = {Vozes},
    address       = {Petrópolis},
    pages         = {90--113},
    editor        = {Martin W. Bauer and Gillian Gaskell},
}

@book{soares2002,
    title         = {Letramento: um tema em três gêneros},
    author        = {Magda Soares},
    year          = {2002},
    publisher     = {Autêntica},
    address       = {Belo Horizonte},
}

@book{bruner2002atos,
    title         = {Atos de significação},
    author        = {Jerome Bruner},
    year          = {2002},
    publisher     = {Artmed},
    address       = {São Paulo},
    edition       = {2},
    translator    = {Sandra Costa},
}

@incollection{denzin2006introducao,
    title         = {Introdução: a disciplina e a prática da pesquisa qualitativa},
    author        = {Norman K. Denzin and Yvonna S. Lincoln},
    year          = {2006},
    booktitle     = {O planejamento da pesquisa qualitativa: teorias e abordagens},
    publisher     = {Artmed},
    address       = {Porto Alegre},
    pages         = {15--41},
    editor        = {Norman K. Denzin and Yvonna S. Lincoln},
    edition       = {2},
}

@book{bortoni2008,
    title         = {Educação em língua materna: a sociolinguística na sala de aula},
    author        = {Stella Maris Bortoni-Ricardo},
    year          = {2008},
    publisher     = {Parábola Editorial},
    address       = {São Paulo},
}

@book{castells2009,
    title         = {A sociedade em rede},
    author        = {Manuel Castells},
    year          = {2009},
    publisher     = {Paz e Terra},
    address       = {Rio de Janeiro},
}

@book{flick2009pt,
    title         = {Introdução à pesquisa qualitativa},
    author        = {Uwe Flick},
    year          = {2009},
    publisher     = {Artmed},
    address       = {Porto Alegre},
    edition       = {3},
}

@book{kenski2012,
    title         = {Tecnologias e ensino presencial e a distância},
    author        = {Vani Moreira Kenski},
    year          = {2012},
    publisher     = {Papirus},
    address       = {Campinas},
    edition       = {5},
}

@book{ribeiro2012,
    title         = {Novas tecnologias para ler e escrever: algumas ideias sobre ambientes e ferramentas digitais na sala de aula},
    author        = {Ana Elisa Ribeiro},
    year          = {2012},
    publisher     = {Rhj},
    address       = {Belo Horizonte},
}

@book{creswell2014,
    title         = {Investigação qualitativa e projeto de pesquisa: escolhendo entre cinco abordagens},
    author        = {John Ward Creswell},
    year          = {2014},
    publisher     = {Penso},
    address       = {Porto Alegre},
    edition       = {3},
}

@book{martino2014,
    title         = {Teorias das mídias digitais: Linguagens, ambientes e redes},
    author        = {Luis Mauro Sa Martino},
    year          = {2014},
    publisher     = {Vozes},
    address       = {Petrópolis},
}

@book{barton2015,
    title         = {Language online: Investigating digital texts and practices},
    author        = {David Barton and Carmen Lee},
    year          = {2015},
    publisher     = {Routledge},
    address       = {London},
}

@book{moran2015,
    title         = {Educação híbrida: novos modelos de ensino e aprendizagem},
    author        = {José Manuel Moran},
    year          = {2015},
    publisher     = {Penso},
    address       = {Porto Alegre},
}

@book{coscarelli2016,
    title         = {Novas tecnologias e ensino de língua portuguesa: desafios e possibilidades},
    author        = {Carla Viana Coscarelli},
    year          = {2016},
    publisher     = {Autêntica},
    address       = {Belo Horizonte},
}

@book{oliveira2016,
    title         = {Ética e pesquisa em educação: questões e desafios},
    author        = {Leandro Cristante Oliveira},
    year          = {2016},
    publisher     = {Cortez},
    address       = {São Paulo},
}

@book{ribeiro2016,
    title         = {Educação e tecnologias digitais: perspectivas para a prática pedagógica},
    author        = {Ana Elisa Ribeiro},
    year          = {2016},
    publisher     = {Editora Contexto},
    address       = {São Paulo},
}

@misc{brasil2018,
    title         = {Base Nacional Comum Curricular},
    author        = {{Brasil}},
    year          = {2018},
    publisher     = {Ministério da Educação},
    address       = {Brasília},
    url           = {http://basenacionalcomum.mec.gov.br/a-base},
    urldate       = {2025-06-17},
}

@book{ribeiro2018,
    title         = {A escrita na era digital: reflexões e desafios para o ensino},
    author        = {Ana Elisa Ribeiro},
    year          = {2018},
    publisher     = {Cortez},
    address       = {São Paulo},
}

@article{valente2019,
    title         = {Formação de professores para o uso das Tecnologias Digitais de Informação e Comunicação (TDIC) na educação},
    author        = {José Armando Valente},
    year          = {2019},
    journal       = {Revista e-Curriculum},
    address       = {São Paulo},
    volume        = {17},
    number        = {2},
    pages         = {319--343},
    url           = {http://revistas.pucsp.br/index.php/curriculum/article/view/42866},
    urldate       = {2025-06-17},
}

@book{barcelos2020,
    title         = {Narrativas e pesquisas em linguagem e educação},
    author        = {Ana Maria Ferreira Barcelos},
    year          = {2020},
    publisher     = {Pontes Editores},
    address       = {Campinas},
}

@book{coscarelli2020,
    title         = {Desafios do Ensino Remoto Emergencial: Análise da Adaptação de Professores e Estudantes},
    author        = {Carla Viana Coscarelli},
    year          = {2020},
    publisher     = {Editora Acadêmica},
    address       = {Rio de Janeiro},
    edition       = {1},
}

@article{paiva2020ensino,
    title         = {Ensino remoto ou ensino à distância: Efeitos da pandemia},
    author        = {Vera Lúcia Menezes de Oliveira e Paiva},
    year          = {2020},
    journal       = {Estudos Universitários},
    doi           = {10.51359/2675-7354.2020.249044},
    url           = {https://doi.org/10.51359/2675-7354.2020.249044},
    urldate       = {2025-06-17},
}

@book{andrea2020pesquisando,
    title         = {Pesquisando plataformas online: conceitos e métodos},
    author        = {Carlos Frederico de Brito d’Andréa},
    year          = {2020},
    publisher     = {Edufba},
    address       = {Salvador},
    series        = {Coleção Cibercultura},
    pages         = {79},
    isbn          = {978-65-5630-009-2},
    url           = {https://repositorio.ufba.br/ri/handle/ri/32043},
    urldate       = {2025-06-17},
}

@book{ribeiro2023linguistica,
    title         = {Linguística Aplicada: ensino de português},
    author        = {Ana Elisa Ribeiro and Carla Viana Coscarelli},
    year          = {2023},
    publisher     = {Contexto},
    address       = {São Paulo},
    series        = {Coleção Linguagem na Universidade},
    pages         = {128},
}

@online{berredo2025,
    title         = {O que é Chromebook? Veja guia completo!},
    author        = {Lucas Berredo},
    year          = {2025},
    url           = {https://olhardigital.com.br},
    urldate       = {2025-06-17},
}

@online{dutra2025,
    title         = {Por que usar aulas síncronas e assíncronas na educação?},
    author        = {Rodrigo Dutra},
    year          = {2025},
    url           = {https://tutormundi.com/blog/o-que-sao-aulas-sincronas-e-assincronas/},
    urldate       = {2025-06-17},
}
