@misc{rfielfuturo, 
  year = {2018},
  author = {RFI},
  title = {El futuro del idioma francés es africano},
  date = {2018-10-12},
  url = {https://www.france24.com/es/20181012-futuro-idioma-frances-africano},
}

@incollection{quijano2000colonialidad,
  title={Colonialidad del poder, eurocentrismo y Am{\'e}rica Latina},
  booktitle={La colonialidad del saber: eurocentrismo y ciencias sociales. Perspectivas latinoamericanas},
  editor={Lander, Edgardo},
  author={Quijano, An{\'\i}bal},
  year={2000},
  pages={122-151},
  publisher={CLACSO},
}

@book{phillipson1992linguistic,
  title={Linguistic imperialism},
  author={Phillipson, Robert},
  year={1992},
  address={Oxford},
  publisher={Oxford University Press},
}

@article{pedroza2006modernidad,
  title={Entre la modernidad y la postmodernidad: juventud y educaci{\'o}n superior},
  author={Pedroza Flores, Ren{\'e} and Villalobos, Guadalupe},
  journal={Educere},
  volume={10},
  number={34},
  pages={405--413},
  year={2006},
  publisher={Universidad de los Andes},
}

@article{mignolo2005paradigma,
  title={Un paradigma otro: Colonialidad global, pensamiento fronterizo y cosmopolitanismo crítico},
  author={Mignolo, Walter},
  journal={Dispositio},
  volume={25},
  number={52},
  pages={127--146},
  year={2005},
}

@online{lara2015pensamiento,
  title={Pensamiento decolonial como instrumento transgresor de la globalizaci{\'o}n},
  author={Lara, Jonnhy},
  url={http://www. analectica. org/tag/no-10},
  urldate={2023-02-03},
  year={2015},
}

@article{jude2019subtitulacion,
  title={La subtitulaci{\'o}n como estrategia de aprendizaje del espa{\~n}ol como LE},
  author={Jude, Diana Ioana},
  year={2019},
}

@misc{jaramillo2013,
title={Decolonizar el ser, el saber y el poder en la universidad latinoamericana},
author={Jaramillo, Claudia},
year={2013},
publisher={Universidad de San Buenaventura Seccional Medellín},
}

@article{gregson2006english,
  title={English Next:?` El fin del ingl{\'e}s como idioma extranjero?},
  author={Gregson, Mark},
  journal={N{\'u}cleo},
  volume={18},
  number={23},
  pages={227--232},
  year={2006},
}

@article{guerrero2009english,
  title={English as a neutral language in the Colombian National Standards: A constituent of dominance in English language education},
  author={Guerrero, Carmen Helena and Quintero Polo, {\'A}lvaro Hern{\'a}n},
  journal={Profile Issues in TeachersProfessional Development},
  volume={11},
  number={2},
  pages={135--150},
  year={2009},
  publisher={Universidad Nacional de Colombia},
}

@article{guerrero2010english,
  title={Is English the key to access the a wonders of the modern world? A Critical Discourse Analysis},
  author={Guerrero, Carmen Helena},
  journal={Signo y Pensamiento},
  volume={29},
  number={57},
  pages={294--313},
  year={2010},
  publisher={Pontificia Universidad Javeriana},
}

@article{garrido2010lengua,
  title={Lengua y globalizaci{\'o}n: ingl{\'e}s global y espa{\~n}ol pluric{\'e}ntrico},
  author={Garrido, Joaqu{\'\i}n},
  journal={Historia y comunicaci{\'o}n social},
  volume={15},
  pages={63--95},
  year={2010},
}

@article{endo2010chapter,
  title={Chapter 6: Monolingual ideology in the US: History, hegemony, and linguistic privilege},
  author={Endo, Hidehiro and Reece-Miller, Paul Chamness},
  journal={Counterpoints},
  volume={355},
  pages={83--101},
  year={2010},
  publisher={JSTOR},
}

@article{collins2018construccion,
  title={La construcci{\'o}n de" aprendices de lengua inglesa"(ELL): Un an{\'a}lisis de procesos de registro y efectos de Estado en la escolarizaci{\'o}n de estudiantes migrantes multiling{\"u}es},
  author={Collins, James},
  journal={Cuadernos de antropolog{\'\i}a social},
  number={47},
  pages={33--53},
  year={2018},
  publisher={SciELO Argentina},
}

@article{castro2007decolonizar,
  title={Decolonizar la universidad. La hybris del punto cero y el di{\'a}logo de saberes},
  author={Castro-G{\'o}mez, Santiago},
  journal={El giro decolonial. Reflexiones para una diversidad epist{\'e}mica m{\'a}s all{\'a} del capitalismo global},
  pages={79--91},
  year={2007},
}

@phdthesis{cardenas2019analisis,
  title={An{\'a}lisis de la traducci{\'o}n de los culturemas de la subtitulaci{\'o}n oficial de Netflix al ingl{\'e}s de la pel{\'\i}cula Asu Mare 2},
  author={C{\'a}rdenas, Ellen},
  year={2019},
  school={Tesis de licenciatura, Universidad C{\'e}sar Vallejo},
}

@online{baum2016problematicas,
  title={Problem{\'a}ticas y reflexiones en torno a los materiales de ense{\~n}anza del ingl{\'e}s lengua extranjera},
  author={Baum, Graciela},
  year={2016},
  address={Argentina},
  url={https://ridaa.unq.edu.ar/handle/20.500.11807/742},
  urldate={2023-02-03},
}

@inproceedings{baum2019decir,
  title={Decir (nos)(lo) en ingl{\'e}s. Pensamiento y pedagog{\'\i}a decolonial en la formaci{\'o}n de profesorxs de ingl{\'e}s en la Facultad de Humanidades de la UNLP},
  author={Baum, Graciela},
  booktitle={1º Congreso Internacional de Ciencias Humanas - Humanidades entre pasado y futuro},
  year={2019},
  address={San Martín},
  publisher={Escuela de Humanidades, Universidad Nacional de San Mart{\'\i}n},
  url={https://www.aacademica.org/1.congreso.internacional.de.ciencias.humanas/1498.pdf},
  urldate={2023-02-03},
}

@article{avalos2017ser,
  title={Ser o no ser como un hablante nativo del ingl{\'e}s: Creencias ambivalentes e ideolog{\'\i}a en el imaginario de los profesores de ingl{\'e}s en Brasil y M{\'e}xico},
  author={Avalos-Rivera, Alys D and Corcoran, James},
  journal={Revista mexicana de investigaci{\'o}n educativa},
  volume={22},
  number={75},
  pages={1117--1141},
  year={2017},
  publisher={Consejo Mexicano de Investigaci{\'o}n Educativa AC},
}

@article{zapata_decolonial_2018,
	title = {The decolonial turn. {Critical} considerations from {Latin} {America}},
	url = {http://www.scielo.cl/scielo.php?script=sci_abstract&pid=S0719-36962018000100049&lng=en&nrm=iso&tlng=en},
	doi = {10.4067/S0719-36962018000100049},
	number = {21},
	journal = {Pléyade (Santiago)},
	author = {Zapata, Claudia},
	month = jun,
	year = {2018},
	pages = {49--71},
}

@book{walsh_pedagogias_2013,
	address = {Quito, Ecuador},
	edition = {1era. edición},
	series = {Serie {Pensamiento} decolonial},
	title = {Pedagogías decoloniales: prácticas insurgentes de resistir, (re)existir y (re)vivir},
	shorttitle = {Pedagogías decoloniales},
	publisher = {Abya Yala},
	editor = {Walsh, Catherine },
	year = {2013},
	keywords = {Education, Political aspects, Latin America, Education, Political aspects, Decolonization, Decolonization, Latin America},
}

@article{veronelli_colonialidad_2019,
	title = {La colonialidad del lenguaje y el monolenguajear como práctica lingüística de racialización},
	volume = {26},
	copyright = {Copyright (c) 2019 Polifonia},
	url = {https://periodicoscientificos.ufmt.br/ojs/index.php/polifonia/article/view/9002},
	number = {44},
	journal = {Polifonia},
	author = {Veronelli, Gabriela},
	month = nov,
	year = {2019},
	pages = {146--159},
}

@article{veronelli_sobre_2015,
	title = {Sobre la colonialidad del lenguaje y el decir},
	volume = {81},
	url = {http://revistas.javeriana.edu.co/index.php/univhumanistica/article/view/11432},
	doi = {10.11144/Javeriana.uh81.scdl},
	number = {81},
	journal = {Universitas Humanística},
	author = {Veronelli, Gabriela},
	month = nov,
	year = {2015},
}

@article{torralba-miralles_uso_2020,
	title = {El uso de subtítulos pasivos y activos en la enseñanza de lenguas extranjeras: una revisión de las posibilidades didácticas de ambos recursos},
	volume = {25},
	url = {https://revistas.udea.edu.co/index.php/ikala/article/view/332147},
	doi = {10.17533/udea.ikala.v25n01a11},
	number = {1},
	journal = {Íkala},
	author = {Torralba-Miralles, Gloria},
	month = jan,
	year = {2020},
	pages = {231--250},
}

@book{thiongo_decolonising_1994,
	address = {Zimbabwe},
	title = {Decolonising the mind: the politics of language in {African} literature},
	publisher = {Publishing House},
	author = {Thiongʾo, Ngũgĩ wa},
	year = {1994},
	keywords = {African literature, History and criticism, Africa, Languages Political aspects},
}

@book{skutnabb-kangas_linguistic_2000,
	address = {Mahwah, N.J},
	title = {Linguistic genocide in education, or worldwide diversity and human rights?},
	publisher = {L. Erlbaum Associates},
	author = {Skutnabb-Kangas, Tove},
	year = {2000},
	keywords = {Language and education, Language and culture, Language policy, Multiculturalism, Human rights},
}

@book{palermo_para_2014,
	address = {Buenos Aires, Argentina},
	series = {Colección {El} desprendimiento},
	title = {Para una pedagogía decolonial},
	publisher = {Ediciones del Signo},
	editor = {Palermo, Zulma},
	year = {2014},
	keywords = {Education, Political aspects, Latin America, Decolonization, Latin America},
}

@article{munoz__actitudes_2019,
	title = {Las actitudes y creencias lingüísticas de estudiantes universitarios / {Linguistic} {Beliefs} and {Attitudes} of {University} {Students}},
	volume = {9},
	issn = {2007-7467},
	url = {https://www.ride.org.mx/index.php/RIDE/article/view/444},
	doi = {10.23913/ride.v9i18.444},
	number = {18},
	journal = {RIDE Revista Iberoamericana para la Investigación y el Desarrollo Educativo},
	author = {Muñoz , Mónica},
	month = apr,
	year = {2019},
	pages = {748--767},
}

@article{moncada_vera_hegemoniingles:_2018,
	title = {La hegemonía del inglés: una mirada desde las concepciones de un grupo de profesores de inglés en {Venezuela}},
	volume = {23},
	issn = {01233432},
	shorttitle = {La hegemonía del inglés},
	url = {https://revistas.udea.edu.co/index.php/ikala/article/view/325706},
	doi = {10.17533/udea.ikala.v23n02a02},
	number = {2},
	journal = {Íkala, Revista de Lenguaje y Cultura},
	author = {Moncada Vera, Belkys Siboney and Chacón Corzo, Carmen Teresa},
	month = jan,
	year = {2018},
	pages = {209--227},
}

@article{mastrella-de-andrade_abandonamos_2020,
	title = {Abandonamos a sala da universidade: uma opção decolonial no estágio de inglês e na formação docente crítica},
	volume = {20},
	url = {http://www.scielo.br/scielo.php?script=sci_arttext&pid=S1984-63982020000100189&tlng=pt},
	doi = {10.1590/1984-6398201914886},
	number = {1},
	journal = {Revista Brasileira de Linguística Aplicada},
	author = {Mastrella-de-Andrade, Mariana R.},
	month = mar,
	year = {2020},
	pages = {189--216},
}

@article{maniglio_alisis_2021,
	title = {El {Análisis} {Crítico} del {Discurso} y el giro decolonial ¿{Por} qué y para qué?},
	volume = {18},
	url = {https://www.tandfonline.com/doi/full/10.1080/17405904.2020.1754871},
	number = {1},
	journal = {Critical Discourse Studies},
	author = {Maniglio, Francesco and Barboza da Silva, Rosimeire},
	month = jan,
	year = {2021},
	pages = {156--184},
}

@article{lovon-cueva_compuestos_2021,
	title = {Compuestos reduplicados en el aimara},
	copyright = {Derechos de autor 2021},
	issn = {0716-1840},
	url = {https://revistas.udec.cl/index.php/atenea/article/view/4597},
	doi = {10.29393/AtAt523-408MLCR10408},
	language = {es},
	number = {523},
	journal = {Atenea},
	author = {Lovón, Marco},
	month = jul,
	year = {2021},
	keywords = {aimara},
	pages = {11--38},
}

@article{lovon-cueva_quien_2020,
	title = {¿{Quién} tiene derecho a opinar sobre política lingüística en {Perú}? {Un} análisis crítico del discurso},
	volume = {25},
	issn = {2145-566X, 0123-3432},
	url = {https://revistas.udea.edu.co/index.php/ikala/article/view/339405},
	doi = {10.17533/udea.ikala.v25n03a12},
	number = {3},
	journal = {Íkala},
	author = {Lovón, Marco and Quispe-Lacma, Alexandra Paola},
	month = sep,
	year = {2020},
	pages = {733--751},
}

@article{huaman_rosales_causas_2021,
	title = {Causas del bajo dominio del idioma inglés en los estudiantes de secundaria de la {Educación} {Básica} {Regular} en el {Perú}},
	volume = {20},
	url = {https://revistasinvestigacion.unmsm.edu.pe/index.php/lenguaysociedad/article/view/22272},
	doi = {10.15381/lengsoc.v11i1.22272},
	number = {1},
	journal = {Lengua y Sociedad},
	author = {Huamán, Jesús Prospero},
	month = jul,
	year = {2021},
	pages = {125--144},
}

@article{heiss_pluriversalizar_2018,
	title = {Pluriversalizar los regímenes globales de conocimiento: ¿{Puede} el {Análisis} del {Discurso} sociológico contribuir a estudios decoloniales?},
	volume = {18},
	url = {https://raled.comunidadaled.org/index.php/raled/article/view/291},
	doi = {10.35956/v.18.n1.2018.p.98-116},
	number = {1},
	journal = {Revista Latinoamericana de Estudios del Discurso},
	author = {Heiss, Sabine},
	month = jul,
	year = {2018},
	pages = {98},
}

@article{harambour_barbarie_2019,
	title = {Barbarie o justicia en la {Patagonia} occidental: las violencias coloniales en el ocaso del pueblo kawésqar, finales del siglo {XIX} e inicios del siglo {XX}},
	issn = {0121-1617, 1900-6152},
	url = {https://revistas.uniandes.edu.co/doi/10.7440/histcrit71.2019.02},
	doi = {10.7440/histcrit71.2019.02},
	language = {es},
	number = {71},
	journal = {Historia Crítica},
	author = {Harambour, Alberto and Barrena Ruiz, José},
	month = jan,
	year = {2019},
	pages = {25--48},
}

@article{gutierrez_english_2022,
	title = {English {Instructors} {Navigating} {Decoloniality} with {Afro} {Colombian} and {Indigenous} {University} {Students}},
	volume = {27},
	issn = {2145-566X, 0123-3432},
	url = {https://revistas.udea.edu.co/index.php/ikala/article/view/349009},
	doi = {10.17533/udea.ikala.v27n3a11},
	number = {3},
	journal = {Íkala, Revista de Lenguaje y Cultura},
	author = {Gutierrez, Claudia Patricia and Aguirre Ortega, Maure},
	month = sep,
	year = {2022},
	pages = {783--802},
}

@book{garces__colonialidad_2009,
	address = {La Paz, Bolivia: Quito, Ecuador},
	title = {Colonialidad o interculturalidad? representaciones de la lengua y el conocimiento quechuas},
	publisher = {PIEB; Universidad Andina Simón Bolívar, Ecuador},
	author = {Garcés, Luis Fernando},
	year = {2009},
	keywords = {CONOSUR ñawpaqman, Quechua language, Bolivia, Quechua language, Study and teaching, Bolivia, Education, Bilingual, Bolivia, Bolivia, Languages Political aspects, Quechua language},
}

@book{foucault_palabras_2001,
	address = {México D.F},
	title = {Las palabras y las cosas},
	publisher = {Siglo XXI},
	author = {Foucault, Michel},
	year = {2001},
}

@article{fandino-parra_decolonizing_2021,
	title = {Decolonizing {English} {Language} {Teaching} in {Colombia}: {Epistemological} {Perspectives} and {Discursive} {Alternatives}},
	volume = {23},
	url = {https://revistas.udistrital.edu.co/index.php/calj/article/view/17087},
	doi = {10.14483/22487085.17087},
	number = {2},
	journal = {Colombian Applied Linguistics Journal},
	author = {Fandiño-Parra, Yamith José},
	month = sep,
	year = {2021},
	pages = {166--181},
}

@article{dussel_nueva_2009,
	title = {Una nueva edad en la historia de la filosofía: el diálogo mundial entre tradiciones filosóficas},
	url = {http://www.revistatabularasa.org/numero11/una-nueva-edad-en-la-historia-de-la-filosofia-el-dialogo-mundial-entre-tradiciones-filosoficas/},
	doi = {10.25058/20112742.372},
	number = {11},
	journal = {Tabula Rasa},
	author = {Dussel, Enrique},
	month = dec,
	year = {2009},
	pages = {97--114},
}

@article{despagne__ideologias_2021,
	title = {Ideologías lingüísticas en un centro de investigación en {México}},
	issn = {20077033},
	url = {https://sinectica.iteso.mx/index.php/SINECTICA/article/view/1168},
	doi = {10.31391/S2007-7033(2021)0056-004},
	journal = {Sinéctica Revista Electrónica de Educación},
	author = {Despagne , Colette },
	month = jan,
	year = {2021},
	pages = {1--21},
}

@article{despagne_modernidad_2016,
	title = {Modernidad, colonialidad y discriminación en torno al aprendizaje del inglés en {Puebla}, {México}.},
	url = {http://trace.org.mx/index.php/trace/article/view/3},
	doi = {10.22134/trace.68.2015.3},
	number = {68},
	journal = {Revista Trace},
	author = {Despagne, Colette},
	month = jun,
	year = {2015},
	pages = {59},
}

@article{despagne_difficulties_2010,
	title = {The {Difficulties} of {Learning} {English}: {Perceptions} and {Attitudes} in {Mexico}},
	volume = {39},
	url = {https://ojs.lib.uwo.ca/index.php/cie-eci/article/view/9154},
	doi = {10.5206/cie-eci.v39i2.9154},
	number = {2},
	journal = {Comparative and International Education},
	author = {Despagne, Colette},
	month = jun,
	year = {2010},
}

@article{casas_linguistic_2019,
	title = {Linguistic ideologies of students entering an {Argentine} university},
	volume = {5},
	url = {https://www.asice.se/index.php/tep/article/view/69},
	doi = {10.17710/tep.2019.5.1.1casasgurvitpereira},
	number = {1},
	journal = {Textos en Proceso},
	author = {Casas, Ivana and Gurvit, Julieta and Pereira, Paola Viviana},
	month = jun,
	year = {2019},
	pages = {1--15},
}

@article{cardenas_cornelio_actitudes_2022,
	title = {Actitudes lingüísticas hacia el inglés británico y americano en alumnos de la especialidad de {Inglés} de la {Universidad} {Nacional} {Mayor} de {San} {Marcos}},
	volume = {21},
	url = {https://revistasinvestigacion.unmsm.edu.pe/index.php/lenguaysociedad/article/view/22477},
	doi = {10.15381/lengsoc.v21i1.22477},
	number = {1},
	journal = {Lengua y Sociedad},
	author = {Cárdenas, Yony and Esquivel, Jorge},
	month = jun,
	year = {2022},
	pages = {227--242},
}

@book{brown_principles_1994,
	address = {Englewood Cliffs, N.J},
	edition = {3rd ed},
	title = {Principles of language learning and teaching},
	isbn = {9780131919662},
	publisher = {Prentice Hall Regents},
	author = {Brown, H. Douglas},
	year = {1994},
	keywords = {Language and languages, Study and teaching, Language acquisition},
}

@article{bartolome_pobladores_2004,
	title = {Los pobladores del “desierto”: {Genocidio}, etnocidio y etnogénesis en la {Argentina}},
	issn = {1628-6731, 1777-5175},
	shorttitle = {Los pobladores del “desierto”},
	url = {http://journals.openedition.org/alhim/103},
	doi = {10.4000/alhim.103},
	number = {10},
	journal = {Amérique latine histoire et mémoire},
	author = {Bartolomé, Miguel Alberto},
	month = dec,
	year = {2004},
}

@article{arias_loaiza_ideologias_2022,
	title = {Ideologías lingüísticas sobre la normalización de los alfabetos de las lenguas originarias del {Perú}},
	issn = {2708-2644, 0567-6002},
	url = {https://revistas.apl.org.pe/index.php/boletinapl/article/view/934},
	doi = {10.46744/bapl.202201.004},
	language = {eo},
	journal = {Boletín de la Academia Peruana de la Lengua},
	author = {Arias, Geraldine and Lovón, Marco},
	month = jun,
	year = {2022},
}

@article{agha_social_2003,
	title = {The social life of cultural value},
	volume = {23},
	issn = {02715309},
	url = {https://linkinghub.elsevier.com/retrieve/pii/S0271530903000120},
	doi = {10.1016/S0271-5309(03)00012-0},
	number = {3-4},
	journal = {Language \& Communication},
	author = {Agha, Asif},
	month = jul,
	year = {2003},
	pages = {231--273},
}


@article{ricoy2016ensenanza,
  title={La ense{\~n}anza del ingl{\'e}s en la educaci{\'o}n b{\'a}sica de personas j{\'o}venes y adultas},
  author={Ricoy, Mar{\'\i}a-Carmen and {\'A}lvarez-P{\'e}rez, Sabela},
  journal={Revista mexicana de investigaci{\'o}n educativa},
  volume={21},
  number={69},
  pages={385--409},
  year={2016},
  publisher={Consejo Mexicano de Investigaci{\'o}n Educativa AC},
}

@article{mujica2019colonialidad,
  title={La colonialidad del ser: la infravaloraci{\'o}n de la vida humana en el sur-global},
  author={M{\'u}jica Garc{\'\i}a, Juan Antonio and Fabelo Corzo, Jos{\'e} Ram{\'o}n},
  journal={Estudios de filosof{\'\i}a pr{\'a}ctica e historia de las ideas},
  volume={21},
  number={2},
  pages={1--9},
  year={2019},
  publisher={SciELO Argentina},
}

@book{pennycook1998english,
  title={English and the discourses of colonialism},
  author={Pennycook, Alastair},
  year={1998},
  address={Londres},
  publisher={Routledge},
}

@book{escobar2005alla,
  title={M{\'a}s all{\'a} del tercer mundo: globalizaci{\'o}n y diferencia},
  author={Escobar, Arturo},
  address={Bogot{\'a}, Col{\^o}mbia},
  year={2005},
  publisher={ICANH},
}