
@article{zapata_decolonial_2018,
	title = {The decolonial turn. {Critical} considerations from {Latin} {America}},
	url = {http://www.scielo.cl/scielo.php?script=sci_abstract&pid=S0719-36962018000100049&lng=en&nrm=iso&tlng=en},
	doi = {10.4067/S0719-36962018000100049},
	number = {21},
	journal = {Pléyade (Santiago)},
	author = {Zapata, Claudia},
	month = jun,
	year = {2018},
	pages = {49--71},
}

@book{walsh_pedagogias_2013,
	address = {Quito, Ecuador},
	edition = {1era. edición},
	series = {Serie {Pensamiento} decolonial},
	title = {Pedagogías decoloniales: prácticas insurgentes de resistir, (re)existir y (re)vivir},
	shorttitle = {Pedagogías decoloniales},
	publisher = {Abya Yala},
	editor = {Walsh, Catherine },
	year = {2013},
	keywords = {Education, Political aspects, Latin America, Education, Political aspects, Decolonization, Decolonization, Latin America},
}

@article{veronelli_colonialidad_2019,
	title = {La colonialidad del lenguaje y el monolenguajear como práctica lingüística de racialización},
	volume = {26},
	copyright = {Copyright (c) 2019 Polifonia},
	url = {https://periodicoscientificos.ufmt.br/ojs/index.php/polifonia/article/view/9002},
	number = {44},
	journal = {Polifonia},
	author = {Veronelli, Gabriela Alejandra},
	month = nov,
	year = {2019},
	keywords = {lenguajear-monolenguajear},
	pages = {146--159},
}

@article{veronelli_sobre_2015,
	title = {Sobre la colonialidad del lenguaje y el decir},
	volume = {81},
	url = {http://revistas.javeriana.edu.co/index.php/univhumanistica/article/view/11432},
	doi = {10.11144/Javeriana.uh81.scdl},
	number = {81},
	journal = {Universitas Humanística},
	author = {Veronelli, Gabriela },
	month = nov,
	year = {2015},
}

@article{torralba-miralles_uso_2020,
	title = {El uso de subtítulos pasivos y activos en la enseñanza de lenguas extranjeras: una revisión de las posibilidades didácticas de ambos recursos},
	volume = {25},
	url = {https://revistas.udea.edu.co/index.php/ikala/article/view/332147},
	doi = {10.17533/udea.ikala.v25n01a11},
	number = {1},
	journal = {Íkala},
	author = {Torralba-Miralles, Gloria},
	month = jan,
	year = {2020},
	pages = {231--250},
}

@book{thiongo_decolonising_1994,
	address = {Zimbabwe},
	title = {Decolonising the mind: the politics of language in {African} literature},
	publisher = {Publishing House},
	author = {Thiongʾo, Ngũgĩ wa},
	year = {1994},
	keywords = {African literature, History and criticism, Africa, Languages Political aspects},
}

@book{skutnabb-kangas_linguistic_2000,
	address = {Mahwah, N.J},
	title = {Linguistic genocide in education, or worldwide diversity and human rights?},
	publisher = {L. Erlbaum Associates},
	author = {Skutnabb-Kangas, Tove},
	year = {2000},
	keywords = {Language and education, Language and culture, Language policy, Multiculturalism, Human rights},
}

@book{palermo_para_2014,
	address = {Buenos Aires, Argentina},
	series = {Colección {El} desprendimiento},
	title = {Para una pedagogía decolonial},
	publisher = {Ediciones del Signo},
	editor = {Palermo, Zulma},
	year = {2014},
	keywords = {Education, Political aspects, Latin America, Decolonization, Latin America},
}

@article{munoz__actitudes_2019,
	title = {Las actitudes y creencias lingüísticas de estudiantes universitarios / {Linguistic} {Beliefs} and {Attitudes} of {University} {Students}},
	volume = {9},
	issn = {2007-7467},
	url = {https://www.ride.org.mx/index.php/RIDE/article/view/444},
	doi = {10.23913/ride.v9i18.444},
	number = {18},
	journal = {RIDE Revista Iberoamericana para la Investigación y el Desarrollo Educativo},
	author = {Muñoz , Mónica},
	month = apr,
	year = {2019},
	pages = {748--767},
}

@article{moncada_vera_hegemoniingles:_2018,
	title = {La hegemonía del inglés: una mirada desde las concepciones de un grupo de profesores de inglés en {Venezuela}},
	volume = {23},
	issn = {01233432},
	shorttitle = {La hegemonía del inglés},
	url = {https://revistas.udea.edu.co/index.php/ikala/article/view/325706},
	doi = {10.17533/udea.ikala.v23n02a02},
	number = {2},
	journal = {Íkala, Revista de Lenguaje y Cultura},
	author = {Moncada Vera, Belkys Siboney and Chacón Corzo, Carmen Teresa and {Universidad de Los Andes}},
	month = jan,
	year = {2018},
	pages = {209--227},
}

@article{mastrella-de-andrade_abandonamos_2020,
	title = {Abandonamos a sala da universidade: uma opção decolonial no estágio de inglês e na formação docente crítica},
	volume = {20},
	url = {http://www.scielo.br/scielo.php?script=sci_arttext&pid=S1984-63982020000100189&tlng=pt},
	doi = {10.1590/1984-6398201914886},
	number = {1},
	journal = {Revista Brasileira de Linguística Aplicada},
	author = {Mastrella-de-Andrade, Mariana R.},
	month = mar,
	year = {2020},
	pages = {189--216},
}

@article{maniglio_alisis_2021,
	title = {El {Análisis} {Crítico} del {Discurso} y el giro decolonial ¿{Por} qué y para qué?},
	volume = {18},
	url = {https://www.tandfonline.com/doi/full/10.1080/17405904.2020.1754871},
	number = {1},
	journal = {Critical Discourse Studies},
	author = {Maniglio, Francesco and Barboza da Silva, Rosimeire},
	month = jan,
	year = {2021},
	pages = {156--184},
}

@article{lovon-cueva_compuestos_2021,
	title = {Compuestos reduplicados en el aimara},
	copyright = {Derechos de autor 2021},
	issn = {0716-1840},
	url = {https://revistas.udec.cl/index.php/atenea/article/view/4597},
	doi = {10.29393/AtAt523-408MLCR10408},
	language = {es},
	number = {523},
	journal = {Atenea},
	author = {Lovón-Cueva, Marco Antonio },
	month = jul,
	year = {2021},
	keywords = {aimara},
	pages = {11--38},
}

@article{lovon-cueva_quien_2020,
	title = {¿{Quién} tiene derecho a opinar sobre política lingüística en {Perú}? {Un} análisis crítico del discurso},
	volume = {25},
	issn = {2145-566X, 0123-3432},
	url = {https://revistas.udea.edu.co/index.php/ikala/article/view/339405},
	doi = {10.17533/udea.ikala.v25n03a12},
	number = {3},
	journal = {Íkala},
	author = {Lovón-Cueva, Marco Antonio and Quispe-Lacma, Alexandra Paola},
	month = sep,
	year = {2020},
	pages = {733--751},
}

@article{huaman_rosales_causas_2021,
	title = {Causas del bajo dominio del idioma inglés en los estudiantes de secundaria de la {Educación} {Básica} {Regular} en el {Perú}},
	volume = {20},
	url = {https://revistasinvestigacion.unmsm.edu.pe/index.php/lenguaysociedad/article/view/22272},
	doi = {10.15381/lengsoc.v11i1.22272},
	number = {1},
	journal = {Lengua y Sociedad},
	author = {Huamán Rosales, Jesús Prospero},
	month = jul,
	year = {2021},
	pages = {125--144},
}

@article{heiss_pluriversalizar_2018,
	title = {Pluriversalizar los regímenes globales de conocimiento: ¿{Puede} el {Análisis} del {Discurso} sociológico contribuir a estudios decoloniales?},
	volume = {18},
	url = {https://raled.comunidadaled.org/index.php/raled/article/view/291},
	doi = {10.35956/v.18.n1.2018.p.98-116},
	number = {1},
	journal = {Revista Latinoamericana de Estudios del Discurso},
	author = {Heiss, Sabine},
	month = jul,
	year = {2018},
	pages = {98},
}

@article{harambour_barbarie_2019,
	title = {Barbarie o justicia en la {Patagonia} occidental: las violencias coloniales en el ocaso del pueblo kawésqar, finales del siglo {XIX} e inicios del siglo {XX}},
	issn = {0121-1617, 1900-6152},
	url = {https://revistas.uniandes.edu.co/doi/10.7440/histcrit71.2019.02},
	doi = {10.7440/histcrit71.2019.02},
	language = {es},
	number = {71},
	journal = {Historia Crítica},
	author = {Harambour, Alberto and Barrena Ruiz, José},
	month = jan,
	year = {2019},
	pages = {25--48},
}

@article{gutierrez_english_2022,
	title = {English {Instructors} {Navigating} {Decoloniality} with {Afro} {Colombian} and {Indigenous} {University} {Students}},
	volume = {27},
	issn = {2145-566X, 0123-3432},
	url = {https://revistas.udea.edu.co/index.php/ikala/article/view/349009},
	doi = {10.17533/udea.ikala.v27n3a11},
	number = {3},
	journal = {Íkala, Revista de Lenguaje y Cultura},
	author = {Gutierrez, Claudia Patricia and Aguirre Ortega, Maure},
	month = sep,
	year = {2022},
	pages = {783--802},
}

@book{garces__colonialidad_2009,
	address = {La Paz, Bolivia : Quito, Ecuador},
	title = {Colonialidad o interculturalidad? representaciones de la lengua y el conocimiento quechuas},
	publisher = {PIEB ; Universidad Andina Simón Bolívar, Ecuador},
	author = {Garcés , Luis Fernando},
	year = {2009},
	keywords = {CONOSUR ñawpaqman, Quechua language, Bolivia, Quechua language, Study and teaching, Bolivia, Education, Bilingual, Bolivia, Bolivia, Languages Political aspects, Quechua language},
}

@book{foucault_palabras_2001,
	address = {México D.F},
	title = {Las palabras y las cosas},
	publisher = {Siglo XXI},
	author = {Foucault, Michel},
	year = {2001},
}

@article{fandino-parra_decolonizing_2021,
	title = {Decolonizing {English} {Language} {Teaching} in {Colombia}: {Epistemological} {Perspectives} and {Discursive} {Alternatives}},
	volume = {23},
	url = {https://revistas.udistrital.edu.co/index.php/calj/article/view/17087},
	doi = {10.14483/22487085.17087},
	number = {2},
	journal = {Colombian Applied Linguistics Journal},
	author = {Fandiño-Parra, Yamith José},
	month = sep,
	year = {2021},
	pages = {166--181},
}

@article{dussel_nueva_2009,
	title = {Una nueva edad en la historia de la filosofía: el diálogo mundial entre tradiciones filosóficas},
	url = {http://www.revistatabularasa.org/numero11/una-nueva-edad-en-la-historia-de-la-filosofia-el-dialogo-mundial-entre-tradiciones-filosoficas/},
	doi = {10.25058/20112742.372},
	number = {11},
	journal = {Tabula Rasa},
	author = {Dussel, Enrique},
	month = dec,
	year = {2009},
	pages = {97--114},
}

@article{despagne__ideologias_2021,
	title = {Ideologías lingüísticas en un centro de investigación en {México}},
	issn = {20077033},
	url = {https://sinectica.iteso.mx/index.php/SINECTICA/article/view/1168},
	doi = {10.31391/S2007-7033(2021)0056-004},
	journal = {Sinéctica Revista Electrónica de Educación},
	author = {Despagne , Colette },
	month = jan,
	year = {2021},
	pages = {1--21},
}

@article{despagne_modernidad_2016,
	title = {Modernidad, colonialidad y discriminación en torno al aprendizaje del inglés en {Puebla}, {México}.},
	url = {http://trace.org.mx/index.php/trace/article/view/3},
	doi = {10.22134/trace.68.2015.3},
	number = {68},
	journal = {Revista Trace},
	author = {Despagne, Colette},
	month = jun,
	year = {2016},
	pages = {59},
}

@article{despagne_difficulties_2010,
	title = {The {Difficulties} of {Learning} {English}: {Perceptions} and {Attitudes} in {Mexico}},
	volume = {39},
	url = {https://ojs.lib.uwo.ca/index.php/cie-eci/article/view/9154},
	doi = {10.5206/cie-eci.v39i2.9154},
	number = {2},
	journal = {Comparative and International Education},
	author = {Despagne, Colette},
	month = jun,
	year = {2010},
}

@article{casas_linguistic_2019,
	title = {Linguistic ideologies of students entering an {Argentine} university},
	volume = {5},
	url = {https://www.asice.se/index.php/tep/article/view/69},
	doi = {10.17710/tep.2019.5.1.1casasgurvitpereira},
	number = {1},
	journal = {Textos en Proceso},
	author = {Casas, Ivana and Gurvit, Julieta and Pereira, Paola Viviana},
	month = jun,
	year = {2019},
	pages = {1--15},
}

@article{cardenas_cornelio_actitudes_2022,
	title = {Actitudes lingüísticas hacia el inglés británico y americano en alumnos de la especialidad de {Inglés} de la {Universidad} {Nacional} {Mayor} de {San} {Marcos}},
	volume = {21},
	url = {https://revistasinvestigacion.unmsm.edu.pe/index.php/lenguaysociedad/article/view/22477},
	doi = {10.15381/lengsoc.v21i1.22477},
	number = {1},
	journal = {Lengua y Sociedad},
	author = {Cárdenas Cornelio, Yony and Esquivel Villafana, Jorge},
	month = jun,
	year = {2022},
	pages = {227--242},
}

@book{brown_principles_1994,
	address = {Englewood Cliffs, N.J},
	edition = {3rd ed},
	title = {Principles of language learning and teaching},
	isbn = {9780131919662},
	publisher = {Prentice Hall Regents},
	author = {Brown, H. Douglas},
	year = {1994},
	keywords = {Language and languages, Study and teaching, Language acquisition},
}

@article{bartolome_pobladores_2004,
	title = {Los pobladores del “desierto”: {Genocidio}, etnocidio y etnogénesis en la {Argentina}},
	issn = {1628-6731, 1777-5175},
	shorttitle = {Los pobladores del “desierto”},
	url = {http://journals.openedition.org/alhim/103},
	doi = {10.4000/alhim.103},
	number = {10},
	journal = {Amérique latine histoire et mémoire},
	author = {Bartolomé, Miguel Alberto},
	month = dec,
	year = {2004},
}

@article{arias_loaiza_ideologias_2022,
	title = {Ideologías lingüísticas sobre la normalización de los alfabetos de las lenguas originarias del {Perú}},
	issn = {2708-2644, 0567-6002},
	url = {https://revistas.apl.org.pe/index.php/boletinapl/article/view/934},
	doi = {10.46744/bapl.202201.004},
	language = {eo},
	journal = {Boletín de la Academia Peruana de la Lengua},
	author = {Arias Loaiza, Geraldine and Lovón Cueva, Marco Antonio},
	month = jun,
	year = {2022},
}

@article{agha_social_2003,
	title = {The social life of cultural value},
	volume = {23},
	issn = {02715309},
	url = {https://linkinghub.elsevier.com/retrieve/pii/S0271530903000120},
	doi = {10.1016/S0271-5309(03)00012-0},
	number = {3-4},
	journal = {Language \& Communication},
	author = {Agha, Asif},
	month = jul,
	year = {2003},
	pages = {231--273},
}
