@book{antunes_aula_2003,
	address = {São Paulo, SP},
	series = {Série {Aula}},
	title = {Aula de português: encontro \& interação},
	number = {1},
	publisher = {Parábola},
	author = {Antunes, Irandé},
	year = {2003}
}

@book{bakhtin_speech_1986,
	address = {Austin},
	title = {Speech Genres and Other Late Essays},
	publisher = {University of Texas Press},
	author = {Bakhtin, Mikhail},
	year = {1986}
}

@book{bakhtin_marxismo_2006,
	address = {São Paulo},
	edition = {12},
	title = {Marxismo e filosofia da linguagem},
	publisher = {Hucitec},
	author = {{Mikhail [=Valentin Volóchinov]} Bakhtin},
	year = {2006}
}

@book{barkhuizen_narrative_2014,
	address = {New York; London},
	title = {Narrative inquiry in language teaching and learning research},
	author = {Barkhuizen, Gary Patrick and Benson, Phil and Chik, Alice},
	year = {2014}
}

@article{benson_language_2011,
	title = {Language Learning Careers as a Unit of Analysis in Narrative Research},
	volume = {45},
	number = {3},
	journal = {TESOL Quarterly},
	author = {Benson, Phil},
	month = sep,
	year = {2011},
	pages = {545--553}
}

@inproceedings{castro_reflexao_2017,
	address = {Recife},
	title = {A    reflexão    sobre    práticas    de    leitura    e    escrita    para    o    fomento    de    novos    letramentos:    propósito    funcional,    tecnologias    digitais,    educação    do    campo    e    produção    de    gêneros    discursivos    na    universidade},
	url = {https://url.gratis/tKIJI},
	urldate = {2021-04-08},
	booktitle = {Anais eletrônicos},
	publisher = {NEHTE–Núcleo    de    Estudos    de    Hipertexto    e    Tecnologias    na    Educação},
	author = {Castro, Carlos    Henrique    Silva    de},
	year = {2017},
	pages = {32--53}
}

@phdthesis{fischer_construcao_2007,
	address = {Florianópolis},
	type = {Tese (Doutorado em Linguística)},
	title = {A construção de letramentos na esfera acadêmica},
	url = {https://repositorio.ufsc.br/xmlui/handle/123456789/89764},
	urldate = {2021-04-05},
	school = {Centro de Comunicação e Expressão da Universidade Federal de Santa Catarina},
	author = {Fischer, Adriana},
	year = {2007}
}

@book{freire_importancia_2011,
	address = {São Paulo (SP)},
	edition = {51},
	title = {A importancia do ato de ler: em tres artigos que se completam},
	publisher = {Cortez},
	author = {Freire, Paulo},
	year = {2011}
}

@article{lea_academic_2006,
	title = {The “Academic Literacies” Model: Theory and Applications},
	volume = {45},
	url = {http://www.tandfonline.com/doi/abs/10.1207/s15430421tip4504_11},
	doi = {10.1207/s15430421tip4504_11},
	number = {4},
	urldate = {2021-04-05},
	journal = {Theory Into Practice},
	author = {Lea, Mary R. and Street, Brian V.},
	month = nov,
	year = {2006},
	pages = {368--377}
}

@article{kennedy_technobiography:_2003,
	title = {Technobiography: researching lives, online and off},
	volume = {26},
	url = {https://www.jstor.org/stable/23540390},
	number = {1},
	urldate = {2021-04-05},
	journal = {Biography},
	author = {Kennedy, Helen},
	year = {2003},
	pages = {120--139}
}

@article{magnani_da_2018,
	title = {Da política pública de educação do campo à prática acadêmica para a formação de professores},
	volume = {07},
	url = {http://www.seer.ufu.br/index.php/revistaeducaopoliticas/article/view/46397},
	doi = {10.14393/REPOD.issn.2238-8346.v7n1a2018-06},
	number = {01},
	urldate = {2021-04-05},
	journal = {Revista Educação e Políticas em Debate},
	author = {Magnani, Luiz Henrique and Castro, Carlos Henrique Silva de and Marques, Luiz Otávio Costa},
	month = apr,
	year = {2018}
}

@book{marcuschi_da_2001,
	address = {São Paulo, SP},
	edition = {2},
	title = {Da fala para a escrita: atividades de retextualização},
	publisher = {Cortez Editora},
	author = {Marcuschi, Luiz Antônio},
	year = {2001}
}

@book{marcuschi_producao_2008,
	address = {Sao Paulo},
	series = {Educação linguística},
	title = {Produção textual, análise de gêneros e compreensão},
	publisher = {Parábola Editorial},
	author = {Marcuschi, Luiz Antônio},
	year = {2008}
}

@incollection{murphey_learners_2004,
	address = {Cambridge},
	editor = {Phil Benson and David Nunan},
	editortype = {organizer},
	title = {Learner’s Constructions of Identities and Imagined Communities},
	booktitle = {Learners’ Stories: Difference and Diversity in Language Learning},
	publisher = {Cambridge University Press},
	author = {Murphey, Tim  and Chen, Jin Brenda  and Chen, Li-Chi},
	year = {2004},
	pages = {83--100}
}

@incollection{santos_para_2005,
	address = {Rio de Janeiro},
	editor = {Boaventura de Souza Santos},
	editortype = {organizer},
	title = {Para ampliar o cânone da ciência: a diversidade epistemológica do mundo},
	booktitle = {Semear outras soluções: os caminhos da biodiversidade e dos conhecimentos rivais},
	publisher = {Civilização Brasileira},
	author = {Santos, Boaventura de Sousa and MENESES, Maria Paula and NUNES, João Arriscado},
	year = {2005},
	pages = {21--121}
}

@article{silva_letramento_2013,
	title = {Letramento acadêmico no estágio supervisionado da Licenciatura},
	volume = {7},
	url = {https://ojs.ufgd.edu.br/index.php/Raido/article/view/2487},
	number = {13},
	urldate = {2021-04-06},
	journal = {Raído},
	author = {Silva, Wagner Rodrigues and Pereira, Bruno Gomes},
	month = jul,
	year = {2013},
	pages = {37--60}
}

@book{soares_letramento_1998,
	address = {Belo Horizonte},
	title = {Letramento: um tema em três gêneros},
	publisher = {Autêntica},
	author = {Soares, Magda},
	year = {1998}
}

@book{street_letramentos_2014,
	address = {São Paulo},
	title = {Letramentos Sociais: abordagens críticas do letramento no desenvolvimento, na etnografia e na educação},
	publisher = {Parábola Editorial},
	author = {Street, Brian},
	year = {2014}
}

@phdthesis{takaki_letramentos_2008,
	address = {São Paulo},
	type = {Tese (Doutorado em Estudos Linguísticos)},
	title = {Letramentos na sociedade digital: navegar é e não é preciso},
	url = {https://www.teses.usp.br/teses/disponiveis/8/8147/tde-05022009-113813/publico/TESE_NARA_HIROKO_TAKAKI.pdf},
	urldate = {2021-04-05},
	school = {Faculdade de Filosofia, Letras e Ciências Humanas da Universidade de São Paulo},
	author = {Takaki, Nara Hiroko},
	year = {2008}
}