
@article{agra_analysis_2019,
	title = {Analysis of the concept of {Meaningful} {Learning} in light of the {Ausubel}'s {Theory}},
	volume = {72},
	issn = {1984-0446, 0034-7167},
	url = {http://www.scielo.br/scielo.php?script=sci_arttext&pid=S0034-71672019000100248&tlng=en},
	doi = {10.1590/0034-7167-2017-0691},
	number = {1},
	urldate = {2022-09-12},
	journal = {Revista Brasileira de Enfermagem},
	author = {Agra, G. and Formiga, N. S. and Oliveira, P. S. de and Costa, M. M. L. and Fernandes, M. das G. M. and Nóbrega, M. M. L. da},
	month = feb,
	year = {2019},
	pages = {248--255},
}

@article{anwar_systematic_2019,
	title = {Systematic {Literature} {Review} of {Knowledge} {Sharing} {Barriers} and {Facilitators} in {Global} {Software} {Development} {Organizations} {Using} {Concept} {Maps}},
	volume = {7},
	issn = {2169-3536},
	url = {https://ieeexplore.ieee.org/document/8630947/},
	doi = {10.1109/ACCESS.2019.2895690},
	urldate = {2022-09-12},
	journal = {IEEE Access},
	author = {Anwar, R. and Rehman, M. and Wang, K. S. and Hashmani, M. A.},
	year = {2019},
	pages = {24231--24247},
}

@book{ausubel_educational_1968,
	title = {Educational {Psychology}: {A} {Cognitive} {View}},
	isbn = {9780030899515},
	shorttitle = {Educational {Psychology}},
	publisher = {Holt, Rinehart and Winston},
	author = {Ausubel, D. P. and Novak, J. D. and Hanesian, H.},
	year = {1968},
}

@article{beam_mapping_2014,
	title = {Mapping the {Semantic} {Structure} of {Cognitive} {Neuroscience}},
	volume = {26},
	issn = {0898-929X, 1530-8898},
	url = {https://direct.mit.edu/jocn/article/26/9/1949/28256/Mapping-the-Semantic-Structure-of-Cognitive},
	doi = {10.1162/jocn_a_00604},
	number = {9},
	urldate = {2022-09-12},
	journal = {Journal of Cognitive Neuroscience},
	author = {Beam, E. and Appelbaum, L. G. and Jack, J. and Moody, J. and Huettel, S. A.},
	month = sep,
	year = {2014},
	pages = {1949--1965},
}

@article{enrique_bigne_concept_2002,
	title = {The concept mapping approach in marketing: an application in the travel agencies sector},
	volume = {5},
	issn = {1352-2752},
	url = {https://www.emerald.com/insight/content/doi/10.1108/13522750210423724/full/html},
	doi = {10.1108/13522750210423724},
	number = {2},
	urldate = {2022-09-12},
	journal = {Qualitative Market Research: An International Journal},
	author = {Enrique Bigné, J. and Aldás‐Manzano, J. and Küster, I. and Vila, N.},
	month = jun,
	year = {2002},
	pages = {87--95},
}

@inproceedings{canas2018ecmap,
  title={eCMap: An embeddable web-based concept map editor},
  author={Ca{\~n}as, A. J. and Carff, R. and Lott, J.},
  booktitle={Proceedings of the Eighth International Conference on Concept Mapping, Medell{\'\i}n, Colombia},
  year={2018}
}

@article{canas2018mapas,
  title={Mapas conceptuales?` Qu{\'e} son y c{\'o}mo elaborarlos?},
  author={Ca{\~n}as, A. J. and Novak, J. D.},
  journal={Eduteka, No. 3-2018},
  number={3},
  pages={1--48},
  year={2018},
  publisher={Universidad Icesi}
}

@article{santana2019disenos,
  title={Dise{\~n}os curriculares, modelos pedag{\'o}gicos y planificaci{\'o}n educativa en Neuroeducaci{\'o}n: perspectivas y controversias},
  author={Santana, R. C.},
  journal = {Docencia Universitaria}, 
  volume = {20}, 
  number = {1-2}, 
  pages = {47–68},
  year={2019}
}


@article{doamaral2021applying,
  title={Applying Neuroscience Concepts to Enhance Learning in an Online Project-Based Learning Centered Course},
  author={do Amaral, J. A. A. and Fregni, F.},
  journal={Journal of Problem Based Learning in Higher Education},
  volume={9},
  number={2},
  year={2021}
}


@article{dominguez2020efectos,
  title={Efectos del mapa conceptual sobre la s{\'\i}ntesis de informaci{\'o}n en un ambiente de aprendizaje interactivo: Un estudio preexperimental},
  author={Dominguez, L. C.s and Vega, N. V.},
  journal={Educaci{\'o}n M{\'e}dica},
  volume={21},
  number={3},
  pages={193--197},
  year={2020},
  publisher={Elsevier}
}


@article{dopp2019integrating,
  title={Integrating implementation and user-centred design strategies to enhance the impact of health services: protocol from a concept mapping study},
  author={Dopp, A. R. and Parisi, K. E. and Munson, S. A. and Lyon, A. R.},
  journal={Health research policy and systems},
  volume={17},
  number={1},
  pages={1--11},
  year={2019},
  publisher={Springer}
}

@inproceedings{uribe2010mapas,
  title={Los mapas conceptuales una, Una estrategia para mejorar el proceso de enseñanza aprendizaje de la neuroanatomía},
  author={Flórez Uribe, A. M. and Ayala Pimentel, J. O. and Conde Cotes, C. A.},
  editor = {Sánchez, J. and Cañas, A. J. and Novak, J. D.},
  booktitle={Proceedings of Fourth Int. Conference on Concept Mapping. Anais...},
  address = {Viña del mar},
  pages={298},
  year={2010},
}

@inproceedings{gaines1996knowledge,
  title={Knowledge management for distributed enterprises},
  author={Gaines, B. R. and Norrie, D. H. and Lapsley, A. Z. and Shaw, M. L. G.},
  booktitle={Proc. KAW-96, Banff, Canada},
  year={1996}
}

@article{gijon2016formacion,
  title={Formaci{\'o}n por competencias y competencias para la formaci{\'o}n, perspectivas desde la Investigaci{\'o}n},
  author={Gij{\'o}n Puerta, J.},
  journal={Madrid--Espa{\~n}a. Editorial s{\'\i}ntesis, SA},
  year={2016}
}


@phdthesis{marco_mapas_2018,
	title = {Mapas conceptuales y aprendizaje significativo en estudiantes del 2o grado de secundaria en el área de lenguaje y literatura, turno mañana de la {Institución} {Educativa} de {Aplicación} {Mixta} {Fortunato} {L}. {Herrera}-{Cusco}},
	school = {Universidad Nacional de San Antonio Abad del Cusco},
	author = {Marco, C. C. and Tania, H. H.},
	year = {2018},
}

@article{restrepo_limites_2020,
	title = {Los límites epistemológicos de las neurociencias: la falacia de las neuro–lo que sea},
	volume = {11},
	issn = {2256-1102, 2145-4892},
	url = {https://revistas.udea.edu.co/index.php/psicologia/article/view/339626},
	doi = {10.17533/udea.rp.v11n2a08},
	number = {2},
	urldate = {2022-09-12},
	journal = {Revista de Psicología Universidad de Antioquia},
	author = {Restrepo, J. E.},
	month = jul,
	year = {2020},
	pages = {201--224},
}

@article{colgan_pkc_2018,
	title = {{PKCα} integrates spatiotemporally distinct {Ca2}+ and autocrine {BDNF} signaling to facilitate synaptic plasticity},
	volume = {21},
	issn = {1097-6256, 1546-1726},
	url = {http://www.nature.com/articles/s41593-018-0184-3},
	doi = {10.1038/s41593-018-0184-3},
	number = {8},
	urldate = {2022-09-12},
	journal = {Nature Neuroscience},
	author = {Colgan, L. A. and Hu, M. and Misler, J. A. and Parra-Bueno, P. and Moran, C. M. and Leitges, M. and Yasuda, R.},
	month = aug,
	year = {2018},
	pages = {1027--1037},
}

@article{bezerra_cmap_2019,
	title = {Cmap tools: um suporte para o professor},
	volume = {3},
	issn = {2526-3560},
	url = {http://revistas.ufcg.edu.br/cfp/index.php/pesquisainterdisciplinar/article/view/705},
	doi = {10.24219/rpi.v3i1.705},
	number = {1},
	urldate = {2022-09-12},
	journal = {Revista de Pesquisa Interdisciplinar},
	author = {Bezerra, J. De J. and Lima Arrais, M. N. de},
	month = aug,
	year = {2019},
}

@book{dennett_conciencia_1995,
	address = {Barcelona},
	title = {La conciencia explicada: una teoría interdisciplinar},
	isbn = {9788449301704},
	publisher = {Ediciones Paidós Ibérica},
	author = {Dennett, D. C.},
	year = {1995},
}

@article{dominguez_efectos_2020,
	title = {Efectos del mapa conceptual sobre la síntesis de información en un ambiente de aprendizaje interactivo: {Un} estudio preexperimental},
	volume = {21},
	issn = {15751813},
	url = {https://linkinghub.elsevier.com/retrieve/pii/S1575181318302523},
	doi = {10.1016/j.edumed.2018.08.002},
	number = {3},
	urldate = {2022-09-12},
	journal = {Educación Médica},
	author = {Dominguez, L. C. and Vega, N. V.},
	month = may,
	year = {2020},
	pages = {193--197},
}

@article{dopp_integrating_2019,
	title = {Integrating implementation and user-centred design strategies to enhance the impact of health services: protocol from a concept mapping study},
	volume = {17},
	issn = {1478-4505},
	url = {https://health-policy-systems.biomedcentral.com/articles/10.1186/s12961-018-0403-0},
	doi = {10.1186/s12961-018-0403-0},
	number = {1},
	urldate = {2022-09-12},
	journal = {Health Research Policy and Systems},
	author = {Dopp, A. R. and Parisi, K. E. and Munson, S. A. and Lyon, A. R.},
	month = dec,
	year = {2019},
	pages = {1},
}

@book{puerta2016,
  author = {Gijón Puerta, J.},
  title = {Formación por competencias y competencias para la formación, perspectivas desde la Investigación},
  address = {Madrid, España},
  publisher = {Editorial síntesis, SA},
  year = {2016}
}

@incollection{puerta2020,
  author = {Gijón Puerta, J.},
  title = {La didáctica como enclave teórico de la formación de educadores para la planificación social},
  booktitle = {Innovaci{\'o}n Docente e Investigaci{\'o}n Educativa en la Sociedad del Conocimiento},
  editor = {Lucena, F. J. H. and Torres, J. M. T. and Reche, J. M. S. and Garc{\'\i}a, S. A.},
  address = {Madrid},
  publisher = {Dykinson S. L.}, 
  year = {2020},
  pages = {559--574}
}

@book{garcia2008mapa,
  title={El mapa conceptual y el diagrama UVE: Recursos para la ense{\~n}anza superior en el siglo XXI},
  author={Gonz{\'a}lez Garc{\'\i}a, F. M.},
  volume={17},
  year={2008},
  publisher={Narcea Ediciones}
}

@article{gonzalez2013modelos,
  title={Los modelos de conocimiento como agentes de aprendizaje significativo y de creaci{\'o}n de conocimiento},
  author={Gonz{\'a}lez Garc{\'\i}a, F. M. and Veloz Ortiz, J. F. and Rodr{\'\i}guez Moreno, I. A. and Velos Ortiz, L. E. and Guard{\'\i}an Soto, B.},
  journal={Los modelos de conocimiento como agentes de aprendizaje significativo y de creaci{\'o}n de conocimiento},
  pages={107--132},
  year={2013},
  publisher={Ediciones Universidad de Salamanca}
}


@article{goswami2006neuroscience,
  title={Neuroscience and education: from research to practice?},
  author={Goswami, U.},
  journal={Nature reviews neuroscience},
  volume={7},
  number={5},
  pages={406--413},
  year={2006},
  publisher={Nature Publishing Group}
}


@article{howard2014neuroscience,
  title={Neuroscience and education: myths and messages},
  author={Howard-Jones, P. A.},
  journal={Nature Reviews Neuroscience},
  volume={15},
  number={12},
  pages={817--824},
  year={2014},
  publisher={Nature Publishing Group}
}


@article{hsu2016randomized,
  title={Randomized comparison between objective-based lectures and outcome-based concept mapping for teaching neurological care to nursing students},
  author={Hsu, L.-L. and Pan, H.-C. and Hsieh, S.-I.},
  journal={Nurse education today},
  volume={37},
  pages={83--90},
  year={2016},
  publisher={Elsevier}
}


@phdthesis{hu2018neuroscience,
  title={Neuroscience for engineering sustainability: measuring cognition during design ideation and systems thinking among students in engineering},
  author={Hu, M.},
  year={2018},
  school={Virginia Tech}
}


@article{hu2019empirical,
  title={Empirical evidence that concept mapping reduces neurocognitive effort during concept generation for sustainability},
  author={Hu, M. and Shealy, T. and Grohs, J. and Panneton, R.},
  journal={Journal of Cleaner Production},
  volume={238},
  pages={117815},
  year={2019},
  publisher={Elsevier}
}


@article{jamison2014engaging,
  title={Engaging the learner by bridging the gap between theory and clinical competence: the impact of concept mapping and simulation as innovative strategies for nurse-sensitive outcome indicators},
  author={Jamison, T. and Lis, G. A.},
  journal={Nursing Clinics},
  volume={49},
  number={1},
  pages={69--80},
  year={2014},
  publisher={Elsevier}
}

@inproceedings{jorgenson2003brain,
  title={Brain scam? Why educators should be careful about embracing'brain research'},
  author={Jorgenson, O.},
  booktitle={The Educational Forum},
  volume={67},
  number={4},
  pages={364--369},
  year={2003},
  organization={Taylor \& Francis}
}

@article{khaled2017caracterizacion,
  title={Caracterizaci{\'o}n de los elementos clave que influyen en el comportamiento violento en el medio penitenciario y orientaciones para la formaci{\'o}n de educadores},
  author={Khaled Gij{\'o}n, M. and others},
  year={2017},
  publisher={Universidad de Granada}
}

@inproceedings{khaled2021andragogo,
  title={El andragogo en el entorno penitenciario:?` realidad o reto?},
  author={Khaled Gij{\'o}n, M. and Lizarte Sim{\'o}n, E. J. and Gij{\'o}n Puerta, J.},
  booktitle={Hacia un modelo de investigaci{\'o}n sostenible en educaci{\'o}n},
  pages={89},
  year={2021},
  editor={Marín Marín, J. A. and Trujillo Torres, J. M.}
}


@article{koh2016mapping,
  title={Mapping neuroscientists’ perceptions of the nature and effects of public visibility},
  author={Koh, E. J. and Dunwoody, S. and Brossard, D. and Allgaier, J.},
  journal={Science Communication},
  volume={38},
  number={2},
  pages={170--196},
  year={2016},
  publisher={SAGE Publications Sage CA: Los Angeles, CA}
}

@inproceedings{simon2019ambientes,
  title={Ambientes de aprendizaje para las nuevas-y viejas-metodolog{\'\i}as en la Educaci{\'o}n Superior},
  author={Lizarte Sim{\'o}n, E. J. and Gij{\'o}n Puerta, J.},
  booktitle={Investigaci{\'o}n, Innovaci{\'o}n docente y TIC. Nuevos horizontes educativos},
  pages={689--701},
  address={Madrid},
  publisher={Dykinson},
  year={2019},
  editor={Alonso, S. et al.}
}


@phdthesis{manandhar2022effects,
  title={The Effects of Concept Mapping on Design Neurocognition: An Empirical Study Measuring Changes in the Brain when Defining Design Problems},
  author={Manandhar, U.},
  year={2022},
  school={Virginia Tech}
}


@article{michalski2000differences,
  title={Differences in stakeholder perceptions about training evaluation: a concept mapping/pattern matching investigation},
  author={Michalski, G. V. and Cousins, J. B.},
  journal={Evaluation and Program Planning},
  volume={23},
  number={2},
  pages={211--230},
  year={2000},
  publisher={Elsevier}
}


@inproceedings{moore2012,
  author = {Moore, J. W.},
  title = {Visualizing Irregular Adversaries: Applied Concept Mapping in the Military and Security Domain},
  editor = {Ca{\~n}as, A. J. and Novak, J. D. and Vanhear, J. and Moore, J. W.},
  booktitle = {Proceedings of the Fifth Int. Conference on Concept Mapping},
  publisher={La Valetta},
  year = {2012}
}

@incollection{nonaka2009knowledge,
  title={The knowledge-creating company},
  author={Nonaka, I.},
  booktitle={The economic impact of knowledge},
  pages={175--187},
  year={2009},
  publisher={Routledge}
}


@article{nonaka2007knowledge,
  title={The knowledge-creating company},
  author={Nonaka, I. and Takeuchi, H.},
  journal={Harvard business review},
  volume={85},
  number={7/8},
  pages={162},
  year={2007}
}


@article{novak1990concept,
  title={Concept mapping: A useful tool for science education},
  author={Novak, J. D.},
  journal={Journal of research in science teaching},
  volume={27},
  number={10},
  pages={937--949},
  year={1990},
  publisher={Wiley Online Library}
}


@book{novak1984learning,
  title={Learning how to learn},
  author={Novak, J. D. and Gowin, D. B.},
  year={1984},
  publisher={cambridge University press}
}

@inproceedings{pedrajas2018innovacion,
  title={Innovaci{\'o}n educativa con CmapTools en la formaci{\'o}n inicial del profesorado de tecnolog{\'\i}a de ense{\~n}anza secundaria},
  author={Pedrajas, A. P. and Mart{\'\i}nez, M. V. and Quintero, J. L. L.},
  booktitle={Edunovatic 2017. Conference proceedings: 2nd Virtual International Conference on Education, Innovation and ICT. 12-14 December, 2017},
  pages={258--263},
  year={2018},
  organization={Adaya Press}
}


@inproceedings{ramos2020aproximacion,
  title={Aproximaci{\'o}n a los mapas conceptuales y su utilizaci{\'o}n pr{\'a}ctica en las aulas mediante el software cmaptools},
  author={Ramos, J. L. G.},
  booktitle={Libro de Actas del X Congreso Universitario Internacional sobre Contenidos, Investigaci{\'o}n, Innovaci{\'o}n y Docencia:(CUICIID 2020)},
  pages={560},
  year={2020},
  organization={F{\'o}rum Internacional de Comunicaci{\'o}n y Relaciones P{\'u}blicas (F{\'o}rum XXI)}
}


@article{sanchez_blanco_2016,
	title = {Blanco, {Carlos}. {Historia} de la neurociencia: el conocimiento del cerebro y la mente desde una perspectiva inter-disciplinar},
	volume = {65},
	issn = {2011-3668, 0120-0062},
	url = {http://revistas.unal.edu.co/index.php/idval/article/view/53729},
	doi = {10.15446//ideasyvalores.v65n160.53729},
	number = {160},
	urldate = {2022-09-12},
	journal = {Ideas y Valores},
	author = {Sánchez, C. E.},
	month = mar,
	year = {2016},
	pages = {266--277},
}

@article{schroeder2018studying,
  title={Studying and constructing concept maps: A meta-analysis},
  author={Schroeder, N. L. and Nesbit, J. C. and Anguiano, C. J. and Adesope, O. O.},
  journal={Educational Psychology Review},
  volume={30},
  number={2},
  pages={431--455},
  year={2018},
  publisher={Springer}
}


@inproceedings{shealy2017investigating,
  title={Investigating design cognition during brainstorming tasks with freshmen and senior engineering students using functional near infrared spectroscopy},
  author={Shealy, T. and Grohs, J. R. and Hu, M. and Maczka, D. K. and Panneton, R.},
  booktitle={2017 ASEE Annual Conference \& Exposition},
  year={2017}
}


@inproceedings{shealy2017evaluating,
  title={Evaluating the potential of neuroimaging methods to study engineering cognition and project-level decision making},
  author={Shealy, T. and Hu, M.},
  booktitle={EPOC-MW Conference, Engineering Project Organization Society, Fallen Leaf Lake, CA USA},
  year={2017}
}


@inproceedings{suinaga2019cmap,
  title={CMAP Tools como herramienta tecnol{\'o}gica en la creaci{\'o}n de mapas conceptuales a nivel universitario},
  author={Suinaga, M. I. M. and Jim{\'e}nez, D. P.},
  booktitle={CUICIID 2019: Congreso universitario internacional sobre la comunicaci{\'o}n en la profesi{\'o}n y en la Universidad de hoy IX: Contenidos, investigaci{\'o}n, innovaci{\'o}n y docencia: 23 y 24 octubre},
  pages={482},
  year={2019},
  organization={F{\'o}rum Internacional de Comunicaci{\'o}n y Relaciones P{\'u}blicas (F{\'o}rum XXI)}
}


@article{swanson2016cajal,
  title={From Cajal to connectome and beyond},
  author={Swanson, L. W. and Lichtman, J. W.},
  journal={Annu Rev Neurosci},
  volume={39},
  pages={197--216},
  year={2016}
}


@book{preiss1996neurodidaktik,
  title={Neurodidaktik: theoretische und praktische Beitr{\"a}ge},
  author={Prei{\ss}, G.},
  year={1996},
  publisher={Centaurus-Verlag-Gesellschaft}
}


@book{wilson1999unity,
  title={Consilience: The unity of knowledge},
  author={Wilson, E. O.},
  year={1998},
  publisher={Vintage Books},
  adress={New York},
}


@book{wilson2000sociobiology,
  title={Sociobiology: The new synthesis},
  author={Wilson, E. O.},
  year={2000},
  publisher={Harvard University Press}
}
