@article{gile1994,
  doi = {10.4000/palimpsestes.735},
  url = {https://doi.org/10.4000/palimpsestes.735},
  year = {1994},
  month = jan,
  publisher = {{OpenEdition}},
  number = {8},
  pages = {73--89},
  author = {Daniel Gile},
  title = {Les outils documentaires du traducteur},
  journal = {Palimpsestes}
}

 @book{gile2005,
  author = {Daniel Gile},
  title = {La Traduction. La comprendre, l’apprendre},
  publisher = {Presses Universitaires de France},
  address = {Paris},
  year = {2005}
}

@article{navarro2016,
  doi = {10.14746/strop.2016.425.005},
  url = {https://doi.org/10.14746/strop.2016.425.005},
  year = {2016},
  month = mar,
  publisher = {Adam Mickiewicz University Poznan},
  volume = {43},
  number = {1},
  pages = {63},
  author = {Aura E. Navarro},
  title = {La terminologie : un outil nécessaire pour le traducteur spécialisé},
  journal = {Studia Romanica Posnaniensia}
}

@book{cabre1998,
  author = {Maria Teresa Cabré},
  title = {La terminologie. Théorie, méthode et applications},
  publisher = {Les Presses de l'Université d'Ottawa},
  address = {Ottawa},
  year = {1998}
}

@article{zemni2020,
  author = {Bahia Zemni and Wiam Awwad and Chaouki Bounaas},
  title = {Audiovisual translation and contextual dictionaries: an exploratory comparative study of Reverso Context and Almaany uses},
  journal = {Asian EFL Journal Research Articles},
  volume = {27},
  number = {5.1},
  year = {2020},
  pages = {274--309}
}

@book{guidere2010,
  author = {Mathieu Guidère},
  title = {Introduction à la traductologie, penser la traduction: hier, aujourd’hui, demain},
  publisher = {De Boeck},
  address = {Bruxelles},
  edition = {2},
  year = {2010}
}

@article{kubler2015,
  author = {Natalie Kübler},
  title = {La linguistique de corpus, un futur de la traduction pragmatique?},
  journal = {Meta},
  volume = {60},
  number = {2},
  pages = {351},
  month = {8},
  year = {2015}
}

@book{maza2017,
  title = {Le conte de la cigogne},
  author = {Meriem Maza},
  isbn = {9789931457244},
  year = {2017},
  address = {Algérie},
  publisher={El Ibriz}
}

@incollection{white2003,
  author = {John S. White},
  title = {How to evaluate machine translation},
  booktitle = {Computers and Translation: A Translator's Guide},
  editor = {Harold Somers},
  isbn = {9789027216403},
  series = {Benjamins translation library},
  year = {2003},
  publisher = {John Benjamins Publishing Company},
  address = {Amsterdam},
  pages = {211--245}
}

@incollection{arnold2003,
  author = {Doug Arnold},
  title = {Why translation is difficult for computers},
  booktitle = {Computers and Translation: A Translator's Guide},
  editor = {Harold Somers},
  isbn = {9789027216403},
  series = {Benjamins translation library},
  year = {2003},
  publisher = {John Benjamins Publishing Company},
  address = {Amsterdã},
  pages = {119--142}
}

@incollection{elliott2004,
  author = {Debbie Elliott and Anthony Hartley and Eric Atwell},
  title = {A Fluency Error Categorization Scheme to Guide Automated Machine Translation Evaluation},
  booktitle = {Machine Translation: From Real Users to Research},
  editor = {Robert E. Frederking and Kathryn B. Taylor},
  doi = {10.1007/978-3-540-30194-3_8},
  publisher = {Springer Berlin Heidelberg},
  year = {2004},
  address = {Washington, DC},
  pages = {64--73}
}

@article{durieux1997,
  author = {Christine Durieux},
  title = {La recherche terminologique en traduction: pour une approche hypertextuelle},
  journal = {Meta},
  volume = {42},
  number = {4},
  month = {12},
  year = {1997},
  pages = {605--761}
}

@TechReport{yvon2020,
author = {François Yvon and Sadaf Abdul Rauf},
title = {Utilisation de ressources lexicales et terminologiques en traduction neuronale},
institution = {LIMSI-CNRS},
year = {2020},
number = {2020-001},
pages = {56},
note = {hal-02895535v2},
url = {https://hal.archives-ouvertes.fr/hal-02895535v2/},
address = {Orsay, França}
}

@article{gouadec2005,
  author = {Daniel Gouadec},
  title = {Terminologie, traduction et rédaction spécialisées},
  journal = {Langages},
  volume = {1},
  number = {157},
  year = {2005},
  pages = {14--24},
  url = {https://www.cairn.info/revue-langages-2005-1-page-14.htm}
}

@InProceedings{vilar2006,
  author = {David Vilar and Jia Xu and Luis Fernando D'Haro and Hermann Ney},
  title = {Error Analysis of Machine Translation Output},
  booktitle = {International Conference on Language Resources and Evaluation},
  month = {5},
  year = {2006},
  address = {Genoa, Italy},
  pages = {697--702},
  publisher = {European Language Resources Association (ELRA)}
}

@article{bojar2011,
  doi = {10.2478/v10108-011-0005-2},
  url = {https://doi.org/10.2478/v10108-011-0005-2},
  year = {2011},
  month = abr,
  publisher = {Charles University in Prague,  Karolinum Press},
  number = {95},
  author = {Ond{\v{r}}ej Bojar},
  title = {Analyzing Error Types in English-Czech Machine Translation},
  journal = {The Prague Bulletin of Mathematical Linguistics},
  pages = {63--76}
}

@inproceedings{llitjos2005,
  author    = {Ariadna Font Llitjós and Jaime G Carbonell and Alon Lavie},
  title     = {A framework for interactive and automatic refinement of transfer-based machine translation},
  booktitle = {Proceedings of the 10th {EAMT} Conference: Practical applications of machine translation},
  address = {Budapest, Hungary},
  publisher = {European Association for Machine Translation},
  month = {5},
  pages = {87--96},
  year = {2005},
  url = {https://www.aclweb.org/anthology/2005.eamt-1.13/}
 }

 @article{anis1995,
   author = {Jacques Anis},
   title = {Ordinateurs et traduction: survol d'un demi-siècle},
   journal = {Langages},
   number = {116},
   pages = {111--122},
   year = {1995}
 }

 @article{bedjaoui2021,
   author = {Wafa Bedjaoui and Hayfa Almalki and Marwa Elsaadany},
   title = {Dictionnaires contextuels: pour une approche ergonomique de la biotraduction},
   journal = {Texto Livre: Linguagem e Tecnologia},
   address = {Belo Horizonte-MG},
   volume = {14},
   number = {1},
   month = {{jan.--abr.}},
   year = {2021},
   pages = {e25577},
   doi = {10.35699/1983-3652.2021.25577},
   url = {https://periodicos.ufmg.br/index.php/textolivre/article/view/25577}
 }

 @article{segun2014,
   author = {Afolabi Segun},
   title = {La Traduction automatique par opposition à la traduction  humaine: analysed'un corpus de productions réelles},
   journal = {International Journal of Humanities and Social Science (IJHSS)},
   volume = {4},
   number = {14},
   year = {2014},
   pages = {213--222}
 }

@article{alcina2008,
  doi = {10.1075/target.20.1.05alc},
  year = {2008},
  month = {5},
  publisher = {John Benjamins Publishing Company},
  volume = {20},
  number = {1},
  pages = {79--102},
  author = {Amparo Alcina},
  title = {Translation technologies},
  journal = {Target. International Journal of Translation Studies}
}

@article{fulford2005,
  author = {Heather Fulford and Joaquín Granell-Zafra},
  title = {Translation and Technology: a Study of UK Freelance Translators},
  journal = {The Journal of Specialised Translation},
  volume = {4},
  month = {7},
  year = {2005},
  pages = {2--17},
  url = {https://www.jostrans.org/issue04/art_fulford_zafra.pdf}
}

@article{paulsen2016,
  author = {Tina {Paulsen Christensen} and Anne Schjoldager},
  title = {Computer-aided translation tools -- the uptake and use by Danish translation service providers},
  journal = {The Journal of Specialised Translation},
  volume = {25},
  month = {1},
  year = {2016},
  pages = {89--105},
  url = {https://www.jostrans.org/issue25/art_christensen.pdf}
}

@article{guerberof2019,
  author = {Ana {Guerberof Arenas} and Joss Moorkens},
  title = {Machine translation and post-editing training as part of a master's programme},
  journal = {The Journal of Specialised Translation},
  volume = {31},
  month = {jan.},
  year = {2019},
  pages = {217--238},
  url = {https://www.jostrans.org/issue31/art_guerberof.pdf}
}

@book{berman1984,
  title = {L’Epreuve de l’étranger: culture et traduction dans l’Allemagne romantique},
  author = {Antoine Berman},
  isbn = {978-2070740529},
  year = {1984},
  address = {Paris},
  publisher={Gallimard}
 }

@article{schneider2019,
  author = {Dominik Schneider and Marcos Zampieri and Josef van Genabith},
  title = {Translation memories and the translator: a report on a user survey},
  journal = {Babel},
  volume = {64},
  number = {5/6},
  year = {2019},
  pages = {734--762}
}

@article{aubin1995,
  author = {Marie Christine Aubin},
  title = {Splendeurs et misères de la traductique},
  journal = {Cahiers Franco-Canadiens de l’Ouest, Canada},
  volume = {7},
  number = {2},
  year = {1995},
  pages = {211--226}
}

@article{lab1988,
  author = {Frédérique {LAB}},
  title = {La Traduction automatique},
  journal = {Le Bulletin del'Epi},
  number = {52},
  pages = {165--170},
  year = {1988}
}

@article{bastuji1981,
  author = {Jacqueline Bastuji},
  title = {Sémantique, pragmatique et discours},
  journal = {Un bulletin de Linguistique},
  number = {4},
  pages = {7--45},
  year = {1981}
}

@article{kehu2020,
  author = {Kevin {Ke Hu}},
  title = {How MT errors correlate with postediting effort: a new ranking of error types},
  journal = {Asia Pacific Translation and Intercultural Studies},
  volume = {7},
  number = {3},
  pages = {299--309},
  year = {2020},
  url = {https://doi.org/10.1080/23306343.2020.1809763}
}

@article{loock2016,
  author = {Rudy Loock},
  title = {L’utilisation des corpus électroniques chez le traducteur professionnel: quand? Comment? pour quoi faire?},
  journal = {ILCEA},
  volume = {27},
  number = {3},
  pages = {1--23},
  year = {2016},
  doi = {10.4000/ilcea.3835},
  url = {https://journals.openedition.org/ilcea/3835}
}

@TechReport{zaretskaya2015,
  author = {Anna Zaretskaya},
  title = {D2.1: User Requirement Analysis},
  year = {2015},
  pages = {1--26},
  journal ={EXPERT: EXPloiting Empirical appRoaches to Translation},
  url = {http://expert-itn.eu/sites/default/files/outputs/expert_d2.1_20150210.pdf}
}

@article{blanco2001,
 issn = {0458726X, 19589549},
 url = {http://www.jstor.org/stable/41683405},
 abstract = {We present an electronic dictionary designed for Spanish-French machinetranslation softwares. The paper is structured in three parts: macrostructure of the dictionary, microstructure (includes semantic information) and translation module.},
 author = {Xavier Blanco},
 journal = {Langages},
 number = {143},
 pages = {49--70},
 publisher = {Armand Colin},
 title = {Dictionnaires Électroniques et Traduction Automatique Espagnol-Français},
 year = {2001}
}

@article{saadane2013,
  journal = {Revue RIST},
  author = {Houda Saadane and Nasredine Semma},
  title = {Transcription des noms arabes en écriture latine},
  number = {2},
  volume = {20},
  pages = {57--68},
  year = {2013},
  url = {http://rist.cerist.dz/IMG/pdf/05fr-rist20-2.pdf}
}