@article{mccombs1972agenda,
    title         = {The Agenda-Setting Function of Mass Media},
    author        = {McCombs, M E and Shaw, D L},
    year          = {1972},
    journal       = {Public Opinion Quarterly},
    volume        = {36},
    number        = {2},
    pages         = {176--187},
    doi           = {10.1086/267990},
}

@misc{ley1986orgánica,
    title         = {Ley Org\'{a}nica 2/1986, de 13 de marzo. De Fuerzas y Cuerpos de Seguridad},
    author        = {{Bolet\'{\i}n Oficial del Estado}},
    year          = {1986},
    number        = {63},
}

@online{krueger2002designing,
    title         = {Designing and conducting focus group interviews},
    author        = {Krueger, Richard A and Casey, Mary Anne},
    year          = {2002},
    url           = {https://www.eiu.edu/ihec/Krueger-FocusGroupInterviews.pdf},
    urldate       = {2024-05-20},
}

@article{hester2007efficiency,
    title         = {The Efficiency of Constructed Week Sampling for Content Analysis of Online News},
    author        = {Hester, J B and Dougall, E},
    year          = {2007},
    journal       = {Journalism \& Mass Communication Quarterly},
    volume        = {84},
    number        = {4},
    pages         = {811--824},
    doi           = {10.1177/107769900708400410},
}

@article{scheufele2007framing,
    title         = {Framing, agenda setting, and priming: The evolution of three media effects models},
    author        = {Scheufele, Dietram A and Tewksbury, David},
    year          = {2007},
    journal       = {Journal of communication},
    publisher     = {Oxford University Press},
    volume        = {57},
    number        = {1},
    pages         = {9--20},
}

@article{rodriguez2011informacion,
    title         = {La informaci\'{o}n de sucesos: tem\'{a}tica en prensa escrita},
    author        = {Rodr\'{\i}guez-C\'{a}rcela, R M},
    year          = {2011},
    journal       = {Correspondencias \& An\'{a}lisis},
    number        = {1},
    pages         = {309--325},
    doi           = {10.24265/cian.2011.n1.18},
}

@phdthesis{lopez2012tratamiento,
    title         = {El tratamiento del videojuego: de la prensa generalista a las revistas especializadas. An\'{a}lisis comparativo de las ediciones impresas y digitales de El Pa\'{\i}s, El Mundo, P\'{u}blico y 20 Minutos},
    author        = {L{\'o}pez-Redondo, Isaac},
    year          = {2012},
    address       = {Sevilha},
    type          = {Tese (Doutorado)},
    institution   = {Faculdade de comunica\c{c}\~{a}o, Universidade de Sevilha},
}

@article{sanchezgomez2015,
    title         = {La dicotom\'{\i}a cualitativo-cuantitativo: posibilidades de integraci\'{o}n y dise\~{n}os mixtos},
    shorttitle    = {La dicotom\'{\i}a cualitativo-cuantitativo},
    author        = {S\'{a}nchez G\'{o}mez, Mar\'{\i}a Cruz},
    year          = {2015},
    journal       = {Campo abierto: Revista de educaci\'{o}n},
    volume        = {34},
    number        = {1},
    pages         = {11--30},
    issn          = {0213-9529},
    url           = {https://dialnet.unirioja.es/servlet/articulo?codigo=5253047},
    urldate       = {2024-05-20},
}

@article{gomez2015dicotomia,
    title         = {La dicotom\'{\i}a cualitativo-cuantitativo: posibilidades de integraci\'{o}n y dise\~{n}os mixtos},
    author        = {G\'{o}mez, M C S},
    year          = {2015},
    journal       = {Campo Abierto. Revista de Educaci\'{o}n},
    pages         = {11--30},
}

@book{jensen2015comunicacion,
    title         = {La comunicaci\'{o}n y los medios: metodolog\'{\i}as de investigaci\'{o}n cualitativa y cuantitativa},
    year          = {2015},
    publisher     = {Fondo de Cultura Econ\'{o}mica},
    address       = {M\'{e}xico},
    editor        = {Jensen, Klaus Bruhn},
}

@book{rodriguez2015manual,
    title         = {Manual de periodismo de sucesos},
    author        = {Rodr\'{\i}guez C\'{a}rcela, R M},
    year          = {2015},
    publisher     = {Laboratorio de Estudios en Comunicaci\'{o}n (Ladecom)/Grupo de Investigaci\'{o}n en Estructura, Historia y Contenidos de la Comunicaci\'{o}n (Grehcco), Universidad de Sevilla},
    address       = {Sevilha},
}

@incollection{vos2015how,
    title         = {How gatekeeping still matters: Understanding media effects in an era of curated flows},
    author        = {Thorson, Kjerstin and Wells, Chris},
    year          = {2015},
    booktitle     = {Gatekeeping in transition},
    publisher     = {Routledge},
    pages         = {25--44},
    editor        = {Vos, Tim P. and Heinderyckx, Francois},
}

@article{peña2016european,
    title         = {European newspapers' digital transition: New products and new audiences},
    author        = {Pe\~{n}a-Fern\'{a}ndez,  Sim\'{o}n and Lazkano-Arrillaga,  I\~{n}aki and Garc\'{\i}a-Gonz\'{a}lez,  Daniel},
    year          = {2016},
    month         = jan,
    journal       = {Comunicar},
    publisher     = {Oxbridgepublishinghouse},
    volume        = {24},
    number        = {46},
    pages         = {27–36},
    doi           = {10.3916/c46-2016-03},
    issn          = {1988-3293},
    url           = {http://dx.doi.org/10.3916/C46-2016-03},
}

@article{valenzuela2017behavioral,
    title         = {Behavioral Effects of Framing on Social Media Users: How Conflict, Economic, Human Interest, and Morality Frames Drive News Sharing: Framing Effects on News Sharing},
    shorttitle    = {Behavioral Effects of Framing on Social Media Users},
    author        = {Valenzuela, Sebasti\'{a}n and Pi\~{n}a, Martina and Ram\'{\i}rez, Josefina},
    year          = {2017},
    month         = oct,
    journal       = {Journal of Communication},
    publisher     = {Oxford University Press},
    volume        = {67},
    number        = {5},
    pages         = {803--826},
    doi           = {10.1111/jcom.12325},
    issn          = {00219916},
    url           = {https://academic.oup.com/joc/article/67/5/803-826/4642206},
    urldate       = {2024-05-20},
    copyright     = {http://doi.wiley.com/10.1002/tdm\_license\_1.1},
    eprint        = {https://academic.oup.com/joc/article-pdf/67/5/803/22484141/jjnlcom0803.pdf},
}

@article{arce2017accidentalidad,
    title         = {La accidentalidad laboral y su prevenci\'{o}n en prensa digital espa\~{n}ola},
    author        = {Arce, S and Orviz, N and Cuervo, T and Fern\'{a}ndez, I},
    year          = {2017},
    journal       = {Revista Latina de Comunicacion Social},
    volume        = {1},
    number        = {72},
    pages         = {1608--1625},
    doi           = {10.4185/RLCS-2017-1237},
    url           = {https://doi.org/10.4185/RLCS-2017-1237},
}

@online{comscore2017rating,
    title         = {Rating \& Planning - Media Rating},
    author        = {ComScore},
    year          = {2017},
    url           = {https://www.comscore.com/esl/Productos/Ratings-and-Planning/Media-Ratings},
}

@article{caswell2018automated,
    title         = {Automated Journalism 2.0: Event-driven narratives},
    author        = {Caswell, D and D\"{o}rr, K},
    year          = {2018},
    journal       = {Journalism Practice},
    volume        = {12},
    number        = {4},
    pages         = {477--496},
    doi           = {10.1080/17512786.2017.1320773},
}

@article{galletero2018estudio,
    title         = {Estudio exploratorio de la calidad en el periodismo digital en Castilla-La Mancha},
    author        = {Galletero Campos, B and Echezarreta, V S},
    year          = {2018},
    journal       = {Barataria. Revista Castellano-Manchega de Ciencias Sociales},
    volume        = {24},
    number        = {24},
    pages         = {173--189},
    doi           = {10.20932/barataria.v0i24.403},
}

@article{garcia2018quality,
    title         = {Quality of recommendations on health-enhancing physical activity in the press. Content analysis of five Spanish newspapers},
    author        = {Garcia-Gil, J and Corti\~{n}as-Rovira, S},
    year          = {2018},
    journal       = {Apunts. Medicina de l'Esport},
    volume        = {53},
    number        = {199},
    pages         = {113--122},
    doi           = {10.1016/j.apunts.2017.06.002},
}

@article{potvin2018frequency,
    title         = {The Frequency and Healthfulness of Food and Beverages Advertised on Adolescents' Preferred Web Sites in Canada},
    author        = {Potvin Kent, M and Pauz\'{e}, E},
    year          = {2018},
    journal       = {Journal of Adolescent Health},
    volume        = {63},
    number        = {1},
    pages         = {102--107},
    doi           = {10.1016/j.jadohealth.2018.01.007},
}

@article{repiso2018universidades,
    title         = {Universidades espa\~{n}olas en la prensa extranjera. An\'{a}lisis de su cobertura period\'{\i}stica},
    author        = {Repiso, R and Chaparro-Dom\'{\i}nguez, M A},
    year          = {2018},
    journal       = {El profesional de la informaci\'{o}n (EPI)},
    volume        = {27},
    number        = {1},
    pages         = {86--95},
}

@article{rodriguez2018anos,
    title         = {2000-2017: a{\~n}os dorados y oscuros para la prensa de distribuci{\'o}n gratuita en Espa{\~n}a},
    author        = {Rodr{\'\i}guez, Ana Bell{\'o}n},
    year          = {2018},
    journal       = {Question/Cuesti{\'o}n},
    volume        = {1},
    number        = {60},
    pages         = {e101--e101},
    doi           = {10.24215/16696581e101},
}

@misc{boasberg2019marco,
    title         = {Marco general de los medios en Espa\~{n}a 2019},
    author        = {{Asociaci\'{o}n para la Investigaci\'{o}n de Medios de Comunicaci\'{o}n}},
    year          = {2019},
    url           = {https://www.aimc.es/a1mc-c0nt3nt/uploads/2019/01/marco19.pdf},
    urldate       = {2024-05-20},
    shortauthor   = {AIMC},
}

@online{imt2019chatbots,
    title         = {3 formas en que los chatbots revolucionan el marketing de contenido},
    year          = {2019},
    url           = {https://imt.com.mx/noticias\_imt/3-formas-en-que-los-chatbots-revolucionan-el-marketing-de-contenido/},
    howpublished  = {Recuperado 26 de septiembre de 2022},
}

@article{rocha2019inteligencia,
    title         = {Intelig\^encia Artificial,  educa\c{c}\~{a}o e trabalho: entrevista com Eric Aislan Antonelo},
    author        = {Rocha,  Tacia},
    year          = {2019},
    month         = jul,
    journal       = {Texto Livre: Linguagem e Tecnologia},
    address       = {Belo Horizonte},
    volume        = {12},
    number        = {2},
    pages         = {214–220},
    doi           = {10.17851/1983-3652.12.2.214-220},
    issn          = {1983-3652},
    url           = {http://dx.doi.org/10.17851/1983-3652.12.2.214-220},
}

@article{zimmermann2019content,
    title         = {Content, evaluations and influences in newspaper coverage of predictive genetic testing: A comparative media content analysis from the United Kingdom and Switzerland},
    author        = {Zimmermann, Bettina M and Aebi, Noah and Kolb, Steffen and Shaw, David and Elger, Bernice S},
    year          = {2019},
    journal       = {Public Understanding of Science},
    publisher     = {SAGE Publications Sage UK: London, England},
    volume        = {28},
    number        = {3},
    pages         = {256--274},
    doi           = {10.1177/0963662518816014},
    eprint        = {https://doi.org/10.1177/0963662518816014},
}

@article{duran2020responsabilidad,
    title         = {Responsabilidad de los medios en la prevenci\'{o}n del suicidio. Tratamiento informativo en los medios espa\~{n}oles},
    author        = {Dur\'{a}n, \'{A} and Fern\'{a}ndez-Beltr\'{a}n, F},
    year          = {2020},
    journal       = {El Profesional de la Informaci\'{o}n},
    volume        = {29},
    number        = {2},
    doi           = {10.3145/epi.2020.mar.07},
}

@article{manoso2020news,
    title         = {News values and the information source: the discourse of eliteness and personalisation in the digital press},
    author        = {Ma\~{n}oso-Pacheco, Lidia},
    year          = {2020},
    journal       = {Texto Livre: Linguagem e Tecnologia},
    address       = {Belo Horizonte},
    volume        = {13},
    number        = {1},
    pages         = {1--19},
    doi           = {10.17851/1983-3652.13.1.1-19},
}

@phdthesis{olivar2020tratamiento,
    title         = {Tratamiento informativo sobre las principales causas externas de muerte en la prensa digital espa{\~n}ola (2010-2017)},
    author        = {Olivar-Juli{\'a}n},
    year          = {2020},
    url           = {https://reunir.unir.net/handle/123456789/10846},
    editor        = {Segado-Boj, D Francisco and D{\'\i}az-Campo, D Jes{\'u}s},
    institution   = {Universidad Internacional de La Rioja},
    type          = {Tese (Doutorado)},
}

@incollection{tunez2020from,
    title         = {From Data Journalism to Robotic Journalism: The Automation of News Processing},
    author        = {T{\'u}{\~{n}}ez-L{\'o}pez, Jos{\'e} Miguel and Toural-Bran, Carlos and Fraz{\~a}o-Nogueira, Ana Gabriela},
    year          = {2020},
    booktitle     = {Journalistic Metamorphosis: Media Transformation in the Digital Age},
    publisher     = {Springer International Publishing},
    address       = {Cham},
    pages         = {17--28},
    doi           = {10.1007/978-3-030-36315-4\_2},
    editor        = {V{\'a}zquez-Herrero, Jorge and Direito-Rebollal, Sabela and Silva-Rodr{\'i}guez, Alba and L{\'o}pez-Garc{\'i}a, Xos{\'e}},
}

@article{lindblom2022digitalizing,
    title         = {Digitalizing the Journalistic Field: Journalists' Views on Changes in Journalistic Autonomy, Capital and Habitus},
    author        = {Lindblom, Terje and Lindell, Johan and Gidlund, Katarina},
    year          = {2022},
    journal       = {Digital Journalism},
    pages         = {1--20},
    doi           = {10.1080/21670811.2022.2062406},
}

@article{tandoc2022noticias,
    title         = {O que s\~{a}o not\'{\i}cias (automatizadas)?: Uma an\'{a}lise de conte\'{u}do de artigos noticiosos escritos por algoritmos},
    author        = {C. Tandoc Jr.,  Edson and Wu,  Shangyuan and Tan,  Jessica and Contreras-Yap,  Sofia},
    year          = {2022},
    month         = dec,
    journal       = {Media \& Jornalismo},
    publisher     = {Coimbra University Press},
    volume        = {22},
    number        = {41},
    pages         = {103–120},
    doi           = {10.14195/2183-5462\_41\_6},
    issn          = {1645-5681},
    url           = {http://dx.doi.org/10.14195/2183-5462\_41\_6},
}

@article{jamil2021automated,
    title         = {Automated Journalism and the Freedom of Media: Understanding Legal and Ethical Implications in Competitive Authoritarian Regime},
    shorttitle    = {Automated Journalism and the Freedom of Media},
    author        = {Jamil, Sadia},
    year          = {2023},
    month         = jul,
    journal       = {Journalism Practice},
    volume        = {17},
    number        = {6},
    pages         = {1115--1138},
    doi           = {10.1080/17512786.2021.1981148},
    issn          = {1751-2786, 1751-2794},
    url           = {https://www.tandfonline.com/doi/full/10.1080/17512786.2021.1981148},
    urldate       = {2024-05-20},
}
