
@book{bakhtin_marxismo_1997,
	address = {São Paulo},
	title = {Marxismo e filosofia da linguagem: problemas fundamentais do método sociológico na ciência da linguagem},
	publisher = {Hucitec},
	author = {Bakhtin, Mikhail},
	translator = {De Michel, Lahud and Vieira, Yara Frateschi},
	year = {1997},
}

@book{brasil_orientacoes_2006,
	address = {Brasília},
	title = {Orientações {Curriculares} para o {Ensino} {Médio}},
	publisher = {Ministério da Educação, Secretaria de Educação Básica},
	author = {{Brasil}},
	year = {2006},
}

@article{duboc_letramentos_2011,
	title = {Letramentos críticos e formação de professores de inglês: currículos e perspectivas em expansão},
	volume = {1},
	copyright = {Direitos autorais},
	issn = {1980-0614},
	url = {https://revistas.ufpr.br/revistax/article/view/23056},
	doi = {10.5380/rvx.v1i1.2011.23056},
	language = {pt},
	number = {1.2011},
	urldate = {2023-01-10},
	journal = {Revista X},
	author = {Duboc, Ana Paula and Ferraz, Daniel Mello},
	month = nov,
	year = {2011},
}

@incollection{cope_multimodality_2003,
	address = {London ; New York},
	series = {Literacies},
	title = {Multimodality},
	booktitle = {Multiliteracies: literacy learning and the design of social futures},
	publisher = {Routledge},
	author = {Kress, Gunther},
	editor = {Cope, Bill and Kalantzis, Mary},
	year = {2003},
	keywords = {Literacy, Multiculturalism, English language, Study and teaching},
	pages = {149--157},
}

@incollection{pessoa_ousadia_2018,
	address = {Campinas},
	title = {Ousadia na pesquisa e na vida},
	booktitle = {Formação continuada crítica de professoras de inglês como língua estrangeira/adicional: problematização de discursos e constituição ética dos sujeitos},
	publisher = {Pontes Editores},
	author = {Pessoa, R. R.},
	editor = {Andrade, M. E. S. F.},
	year = {2018},
	pages = {11--14},
}

@incollection{zacchi_neoliberalismo_2016,
	address = {Campinas},
	title = {Neoliberalismo, ensino de língua inglesa e o livro didático},
	booktitle = {A linguística aplicada no {Brasil}: rumos e passagens},
	publisher = {Pontes},
	author = {Zacchi, V. J.},
	editor = {Jordão, C. M.},
	year = {2016},
	pages = {417--443},
}

@book{nascimento_formacao_2019,
	address = {Campinas},
	title = {Formação docente em língua inglesa: diferentes perspectivas},
	isbn = {9788575915660},
	language = {Português},
	publisher = {Editora Mercado de Letras},
	editor = {Nascimento, Ana Karina de Oliveira and Zacchi, Vanderlei J.},
	month = jun,
	year = {2019},
}