@article{rosenblatt1958,
    title         = {The perceptron: A probabilistic model for information storage and organization in the brain},
    author        = {Rosenblatt, Frank},
    year          = {1958},
    journal       = {Amercian Psychological Association},
    volume        = {65},
    number        = {6},
    pages         = {386--408},
    url           = {https://www.ling.upenn.edu/courses/cogs501/Rosenblatt1958.pdf},
    urldate       = {2025-04-22},
}

@book{husserl1975,
    title         = {Investiga\c{c}\~oes L\'ogicas},
    author        = {Husserl, Edmund},
    year          = {1975},
    publisher     = {Abril Cultural},
    address       = {S\~ao Paulo},
}

@book{jakobson1976,
    title         = {Lingu\'istica e comunica\c{c}\~ao},
    author        = {Jakobson, Roman},
    year          = {1976},
    publisher     = {Cultrix},
    address       = {S\~ao Paulo},
}

@article{rumelhart1986,
    title         = {Learning representations by back-propagating errors},
    author        = {Rumelhart, David E. and Hinton, Geoffrey E. and Williams, Ronald J.},
    year          = {1986},
    journal       = {Nature},
    volume        = {323},
    number        = {6088},
    pages         = {533--536},
    doi           = {10.1038/323533a0},
    urldate       = {2025-06-14},
}

@article{mcculloch1990,
    title         = {A Logical Calculus of the Ideas Immanent in Nervous Activity},
    author        = {McCulloch, W. S. and Pitts, W.},
    year          = {1990},
    journal       = {Bulletin of Mathematical Biophysics},
    volume        = {52},
    number        = {1/2},
    pages         = {99--115},
    url           = {https://www.cs.cmu.edu/~epxing/Class/10715/reading/McCulloch.and.Pitts.pdf},
    urldate       = {2025-04-30},
    note          = {Reprinted from Bulletin of Mathematical Biophysics, v. 5, p. 115--133, 1943},
}

@book{bakhtin1997,
    title         = {Marxismo e Filosofia da Linguagem},
    author        = {Bakhtin, Mikhail},
    year          = {1997},
    publisher     = {Hucitec},
    address       = {S\~ao Paulo},
    edition       = {8},
}

@book{bronckart1999,
    title         = {Atividade de linguagem, textos e discursos: por um interacionismo s\'ocio-discursivo},
    author        = {Bronckart, Jean-Paul},
    year          = {1999},
    publisher     = {Educ},
    address       = {S\~ao Paulo},
}

@book{merleau-ponty1999,
    title         = {Fenomenologia da Percep\c{c}\~ao},
    author        = {Merleau-Ponty, Maurice},
    year          = {1999},
    publisher     = {Martins Fontes},
    address       = {S\~ao Paulo},
}

@book{saussure1999,
    title         = {Curso de lingu\'istica geral},
    author        = {Saussure, Ferdinand de},
    year          = {1999},
    publisher     = {Cultrix},
    address       = {S\~ao Paulo},
}

@article{crumley2002,
    title         = {Developing evidence-based librarianship: practical steps for implementation},
    author        = {Crumley, Ellen and Koufogiannakis, Denise},
    year          = {2002},
    journal       = {Health Information and Libraries Journal},
    volume        = {19},
    number        = {2},
    pages         = {61--70},
    doi           = {10.1046/j.1471-1842.2002.00372.x},
}

@book{bakhtin2003,
    title         = {Est\'etica da cria\c{c}\~ao verbal},
    author        = {Bakhtin, Mikhail},
    year          = {2003},
    publisher     = {Martins Fontes},
    address       = {S\~ao Paulo},
    edition       = {4},
}

@article{zhao2003,
    title         = {Face Recognition: A Literature Survey},
    author        = {Zhao, W. and Chellappa, R. and Phillips, P. J. and Rosenfeld, A.},
    year          = {2003},
    journal       = {ACM Computing Surveys},
    volume        = {35},
    number        = {4},
    pages         = {399--458},
    doi           = {10.1145/954339.954342},
}

@book{dolz2004,
    title         = {G\^eneros orais e escritos na escola},
    author        = {Dolz, Joaquim and Schneuwly, Bernard},
    year          = {2004},
    publisher     = {Mercado de Letras},
    address       = {Campinas},
}

@article{booth2006,
    title         = {Clear and present questions: formulating questions for evidence-based practice},
    author        = {Booth, Andrew},
    year          = {2006},
    journal       = {Library Hi Tech},
    volume        = {24},
    number        = {3},
    pages         = {355--368},
    doi           = {10.1108/07378830610692127},
}

@incollection{marcuschi2007,
    title         = {G\^eneros textuais: defini\c{c}\~ao e funcionalidade},
    author        = {Marcuschi, Luiz Ant\^onio},
    year          = {2007},
    booktitle     = {G\^eneros textuais e ensino},
    publisher     = {Lucerna},
    address       = {Rio de Janeiro},
    editor        = {Marcuschi, Luiz Ant\^onio and Dion\'isio, \'Angela Paiva},
}

@book{labov2008,
    title         = {Sociolingu\'istica},
    author        = {Labov, William},
    year          = {2008},
    publisher     = {Par\'abola Editorial},
    address       = {S\~ao Paulo},
    edition       = {6},
}

@book{bagno2011,
    title         = {Preconceito lingu\'istico: o que \'e, como se faz},
    author        = {Bagno, Marcos},
    year          = {2011},
    publisher     = {Loyola},
    address       = {S\~ao Paulo},
    edition       = {56},
}

@article{louwerse2011,
    title         = {Symbol Interdependency in Symbolic and Embodied Cognition},
    author        = {Louwerse, Max M.},
    year          = {2011},
    journal       = {Topics in Cognitive Science},
    volume        = {3},
    number        = {2},
    pages         = {273--302},
    doi           = {10.1111/j.1756-8765.2010.01106.x},
}

@book{heidegger2012,
    title         = {Ser e Tempo},
    author        = {Heidegger, Martin},
    year          = {2012},
    publisher     = {Vozes},
    address       = {Petr\'opolis},
}

@book{minsky2017perceptrons,
    title         = {Perceptrons: An Introduction to Computational Geometry},
    author        = {Minsky, Marvin and Papert, Seymour A.},
    year          = {2017},
    publisher     = {MIT Press},
    address       = {Cambridge, MA},
    doi           = {10.7551/mitpress/11301.001.0001},
    edition       = {Electronic reissue},
}

@inproceedings{vaswani2017,
    title         = {Attention Is All You Need},
    author        = {Vaswani, Ashish and Shazeer, Noam and Parmar, Niki and Uszkoreit, Jakob and Jones, Llion and Gomez, Aidan N. and Kaiser, {\L}ukasz and Polosukhin, Illia},
    year          = {2017},
    booktitle     = {Advances in Neural Information Processing Systems 30 (NeurIPS 2017)},
    doi           = {10.48550/arXiv.1706.03762},
}

@misc{devlin2019,
    title         = {{BERT}: Pre-training of Deep Bidirectional Transformers for Language Understanding},
    author        = {Devlin, Jacob and Chang, Ming-Wei and Lee, Kenton and Toutanova, Kristina},
    year          = {2019},
    doi           = {10.48550/arXiv.1810.04805},
    howpublished  = {arXiv preprint arXiv:1810.04805},
}

@misc{radford2019,
    title         = {Language Models are Unsupervised Multitask Learners},
    author        = {Radford, Alec and Wu, Jeffrey and Child, Rewon and Luan, David and Amodei, Dario and Sutskever, Ilya},
    year          = {2019},
    url           = {https://cdn.openai.com/better-language-models/language_models_are_unsupervised_multitask_learners.pdf},
    urldate       = {2025-02-02},
    howpublished  = {OpenAI},
}

@inproceedings{bender2020,
    title         = {Climbing towards NLU: On Meaning, Form, and Understanding in the Age of Data},
    author        = {Bender, Emily M. and Koller, Alexander},
    year          = {2020},
    booktitle     = {Proceedings of the 58th Annual Meeting of the Association for Computational Linguistics},
    publisher     = {Association for Computational Linguistics},
    address       = {Online},
    pages         = {5185--5198},
    url           = {https://aclanthology.org/2020.acl-main.463},
    urldate       = {2025-06-27},
}

@inproceedings{blodgett2020,
    title         = {Language (technology) is power: a critical survey of ``bias'' in NLP},
    author        = {Blodgett, S. L. and Barocas, S. and Daum{\'e} III, H. and Wallach, H. M.},
    year          = {2020},
    booktitle     = {Proceedings of the 58th Annual Meeting of the Association for Computational Linguistics},
    publisher     = {Association for Computational Linguistics},
    address       = {Online},
    pages         = {5454--5476},
    url           = {https://aclanthology.org/2020.acl-main.485},
    urldate       = {2025-06-27},
}

@misc{brown2020,
    title         = {Language Models are Few-Shot Learners},
    author        = {Brown, Tom B. and Mann, Benjamin and Ryder, Nick and Subbiah, Melanie and Kaplan, Jared and Dhariwal, Prafulla and Neelakantan, Arvind and Shyam, Pranav and Sastry, Girish and Askell, Amanda and Agarwal, Sandhini and Herbert-Voss, Ariel and Krueger, Gretchen and Henighan, Tom and Child, Rewon and Ramesh, Aditya and Ziegler, Daniel M. and Wu, Jeffrey and Winter, Clemens and Hesse, Christopher and Chen, Mark and Sigler, Eric and Litwin, Mateusz and Gray, Scott and Chess, Benjamin and Clark, Jack and Berner, Christopher and McCandlish, Sam and Radford, Alec and Sutskever, Ilya and Amodei, Dario},
    year          = {2020},
    doi           = {10.48550/arXiv.2005.14165},
    howpublished  = {arXiv preprint arXiv:2005.14165},
}

@book{marcus2020,
    title         = {Rebooting {AI}: Building Artificial Intelligence We Can Trust},
    author        = {Marcus, Gary and Davis, Ernest},
    year          = {2020},
    publisher     = {Pantheon Books},
    address       = {New York},
}

@inproceedings{bender2021,
    title         = {On the Dangers of Stochastic Parrots: Can Language Models Be Too Big?},
    author        = {Bender, Emily M. and Gebru, Timnit and McMillan-Major, Angelina and Shmitchell, Shmargaret},
    year          = {2021},
    booktitle     = {Proceedings of the 2021 ACM Conference on Fairness, Accountability, and Transparency (FACCT '21)},
    publisher     = {Acm},
    address       = {New York},
    pages         = {610--623},
    doi           = {10.1145/3442188.3445922},
}

@article{franceschelli2021,
    title         = {Creativity and Machine Learning: A Survey},
    author        = {Franceschelli, G. and Musolesi, M.},
    year          = {2021},
    journal       = {ACM Computing Surveys},
    volume        = {56},
    number        = {11},
    pages         = {1--41},
    doi           = {10.1145/3664595},
    urldate       = {2025-05-18},
}

@article{jovanovic2022,
    title         = {Generative Artificial Intelligence: Trends and Prospects},
    author        = {Jovanovic, M. and Campbell, M.},
    year          = {2022},
    journal       = {Computer},
    volume        = {55},
    number        = {10},
    pages         = {107--112},
    doi           = {10.1109/mc.2022.3192720},
}

@book{kaufman2022,
    title         = {Desmistificando a intelig\^encia artificial},
    author        = {Kaufman, D.},
    year          = {2022},
    publisher     = {Aut\^entica},
    address       = {Belo Horizonte},
}

@inproceedings{stevenson2022,
    title         = {Putting {GPT}-3's Creativity to the (Alternative Uses) Test},
    author        = {Stevenson, Catrine and Smal, I. and Baas, Maartje and Grasman, R. and van der Maas, Han},
    year          = {2022},
    booktitle     = {International Conference on Computational Creativity (ICCC) 2022},
    url           = {https://arxiv.org/abs/2206.08932},
    urldate       = {2025-06-30},
}

@article{alkaissi2023,
    title         = {Artificial Hallucinations in {ChatGPT}: Implications in Scientific Writing},
    author        = {Alkaissi, H. and McFarlane, S.I.},
    year          = {2023},
    journal       = {Cureus},
    volume        = {15},
    number        = {2},
    pages         = {1--4},
    doi           = {10.7759/cureus.34830},
    url           = {https://pubmed.ncbi.nlm.nih.gov/36811129/},
    urldate       = {2025-03-13},
}

@misc{chang2023,
    title         = {Speak, memory: An archaeology of books known to chatgpt/gpt-4},
    author        = {Chang, K. K. and Cramer, M. and Soni, S. and Bamman, D.},
    year          = {2023},
    url           = {https://arxiv.org/abs/2305.00118},
    urldate       = {2025-05-30},
    howpublished  = {arXiv preprint arXiv:2305.00118},
    institution   = {Cornell University},
}

@inproceedings{gomez-rodriguez2023,
    title         = {A Confederacy of Models: a Comprehensive Evaluation of {LLMs} on Creative Writing},
    author        = {G\'omez-Rodr\'iguez, Carlos and Williams, Paul},
    year          = {2023},
    booktitle     = {Findings of the Association for Computational Linguistics: {EMNLP} 2023},
    publisher     = {Association for Computational Linguistics},
    address       = {Singapore},
    pages         = {14504--14528},
    url           = {https://aclanthology.org/2023.findings-emnlp.966},
    urldate       = {2025-05-18},
}

@misc{ichien2023,
    title         = {Large Language Model Displays Emergent Ability to Interpret Novel Literary Metaphors},
    author        = {Ichien, Nicholas and Stamenkovi{\'c}, Du\v{s}an and Holyoak, Keith J.},
    year          = {2023},
    url           = {https://arxiv.org/abs/2308.01497},
    urldate       = {2025-06-30},
    howpublished  = {arXiv preprint arXiv:2308.01497},
}

@book{jurafsky2023,
    title         = {Speech and Language Processing: An Introduction to Natural Language Processing, Computational Linguistics, and Speech Recognition},
    author        = {Jurafsky, Daniel and Martin, James H.},
    year          = {2023},
    publisher     = {Prentice-Hall, Inc.},
    address       = {Upper Saddle River, NJ, USA},
    url           = {https://web.stanford.edu/~jurafsky/slp3/ed3book_jan72023.pdf},
    urldate       = {2025-04-30},
    edition       = {3},
}

@inproceedings{kim2023,
    title         = {Metaphorian: Leveraging Large Language Models to Support Extended Metaphor Creation for Science Writing},
    author        = {Kim, Jeongyeon and Suh, Sangho and Chilton, Lydia B. and Xia, Haijun},
    year          = {2023},
    booktitle     = {Proceedings of the ACM Conference on Designing Interactive Systems (DIS'23)},
    url           = {https://hci.ucsd.edu/papers/metaphorian.pdf},
    urldate       = {2025-06-30},
}

@misc{openai2023,
    title         = {{GPT}-4 Technical Report},
    author        = {{OpenAI}},
    year          = {2023},
    url           = {https://arxiv.org/abs/2303.08774},
    urldate       = {2025-06-30},
    howpublished  = {arXiv preprint arXiv:2303.08774},
}

@misc{ortega-martin2023,
    title         = {Linguistic ambiguity analysis in {ChatGPT}},
    author        = {Ortega-Mart\'in, Miguel and Garc\'ia-Sierra, \'Oscar and Ardoiz, Alfonso and \'Alvarez, Jorge and Armenteros, Juan Carlos and Alonso, Adri\'an},
    year          = {2023},
    doi           = {10.48550/arXiv.2302.06426},
    howpublished  = {arXiv preprint arXiv:2302.06426},
}

@misc{saba2023a,
    title         = {Stochastic {LLMs} do not Understand Language: Towards Symbolic, Explainable and Ontologically Based {LLMs}},
    author        = {Saba, Walid S.},
    year          = {2023},
    url           = {https://arxiv.org/abs/2309.05918},
    urldate       = {2025-06-30},
    howpublished  = {arXiv preprint arXiv:2309.05918},
}

@misc{saba2023b,
    title         = {Symbolic and Language Agnostic Large Language Models},
    author        = {Saba, Walid S.},
    year          = {2023},
    url           = {https://arxiv.org/abs/2308.14199},
    urldate       = {2025-06-30},
    howpublished  = {arXiv preprint arXiv:2308.14199},
}

@incollection{santo2023,
    title         = {Um Mosaico de Ideias sobre A Intelig\^encia Artificial Generativa no Contexto da Educa\c{c}\~ao},
    author        = {Santo, Eniel do Esp\'irito and Rosa, Flavia Goulart Mota Garcia and Silva, Camila Bezerra da and Bordas, Miguel Angel Garcia},
    year          = {2023},
    booktitle     = {Intelig\^encia artificial e educa\c{c}\~ao: refletindo sobre os desafios contempor\^aneos},
    publisher     = {EDUFBA; UEFS Editora},
    address       = {Salvador; Feira de Santana},
    pages         = {51--70},
    editor        = {Alves, Lynn},
}

@article{franceschelli2024,
    title         = {On the Creativity of Large Language Models},
    author        = {Franceschelli, G. and Musolesi, M.},
    year          = {2024},
    journal       = {AI \& Society},
    volume        = {40},
    pages         = {3785--3795},
    doi           = {10.1007/s00146-024-02127-3},
}

@misc{zhang2024,
    title         = {{LLM}-based multi-agent poetry generation in non-cooperative environments},
    author        = {Zhang, Ran and Eger, Steffen},
    year          = {2024},
    url           = {https://arxiv.org/abs/2409.03659},
    urldate       = {2025-06-30},
    howpublished  = {arXiv preprint arXiv:2409.03659},
}
