
@incollection{amorim_as_2019,
	title = {As contribuições das novas tecnologias e dos sistemas {Braille} para o acesso ao conhecimento das pessoas com deficiência visual},
	booktitle = {Reflexionando sobre la educación inclusiva. {Una} apuesta de futuro},
	publisher = {Editorial Universidad de Almería},
	author = {Amorím, J. I. and Morais, I.},
	editor = {Ortiz, L. and Carrión, J. J.},
	year = {2019},
}

@article{brandao_contribuicoes_2019,
	title = {Contribuições da neuroeducação para a prática pedagógica},
	volume = {9},
	issn = {2237-9460},
	url = {http://www.ufopa.edu.br/portaldeperiodicos/index.php/revistaexitus/article/view/926},
	doi = {10.24065/2237-9460.2019v9n3ID926},
	number = {3},
	urldate = {2022-10-10},
	journal = {Revista Exitus},
	author = {Brandão, A. dos S. and Caliatto, S. G.},
	month = jul,
	year = {2019},
	pages = {521},
}

@book{castells_galaxia_2003,
	address = {Rio de Janero},
	edition = {Revisãa técnica},
	title = {A galáxia da internet: reflexões sobre a internet, os negócos e a sociedade},
	publisher = {Jorge Zahar},
	author = {Castells, M. and Borges, M. L. X. de A.},
	year = {2003},
}

@incollection{fernandez_batanero_capacitacion_2019,
	title = {Capacitación tecnológica docente y discapacidad. {Aminorando} la brecha digital en la educación superior},
	publisher = {Editorial Universidad de Almería},
	author = {Fernández Batanero, J. M. and Tadeu, P. J.},
	editor = {Ortiz, L. and Carrión, J. J.},
	year = {2019},
}

@book{fernandez_martinez_propuesta_2021,
	address = {Madrid},
	title = {Propuesta basada en la {Neurodidáctica} de una “{Caza} del tesoro” para tercer curso de la {ESO}},
	publisher = {Editorial Inclusión},
	author = {Fernández Martínez, M.},
	year = {2021},
}

@article{hernandez_fernandez_inclusion_2021,
	title = {Inclusión, atención a la diversidad y neuroeducación en {Educación} {Física} ({Inclusion}, attention to diversity and neuroeducation in physical education)},
	volume = {41},
	copyright = {Derechos de autor 2021 Antonio Hernández Fernández, Claudia De Barros Camargo},
	url = {https://recyt.fecyt.es/index.php/retos/article/view/86070},
	doi = {10.47197/retos.v0i41.86070},
	urldate = {2022-10-10},
	journal = {Retos},
	author = {Hernández Fernández, A. and De Barros, Claudia},
	month = jul,
	year = {2021},
	keywords = {(inclusive education, diversity, neuroscience, neuroeducation, physical education)},
	pages = {555--561},
}

@book{hurtado_leon_paradigmas_1998,
	address = {Carabobo, Venezuela},
	edition = {4. ed},
	title = {Paradigmas y métodos de investigación en tiempos de cambio},
	publisher = {Episteme Consultores Asociados},
	author = {Hurtado León, I. and Toro Garrido, J.},
	year = {1998},
}

@book{levy_cibercultura_1999,
	address = {São Paulo (SP)},
	title = {Cibercultura},
	publisher = {Ed. 34},
	author = {Levy, P.},
	year = {1999},
}

@article{lima_do_nascimento_formacion_2020,
	title = {La formación tecnológica del docente y las prácticas inclusivas en el contexto brasileño},
	volume = {41},
	number = {35},
	journal = {Revista Espacios},
	author = {Lima do Nascimento, M. S. and Ortiz, A. and Hernández Fernández, A.},
	year = {2020},
}

@incollection{molina_formacion_2020,
	address = {Barcelona},
	title = {Formación docente en neurodidáctica},
	booktitle = {Investigación aplicada en {Ciencias} de la {Educación}},
	publisher = {Octaedro},
	author = {Molina, D. and López, P. and Hernández Fernández, A.},
	editor = {Rodríguez, J. M. and García, G. and Jiménez, C. and Navas, M.},
	year = {2020},
}

@phdthesis{nascimento_o_2011,
	address = {Rio de Janeiro},
	type = {Monografia},
	title = {O papel da neurociência no processo de ensino aprendizagem},
	school = {Pós-Graduação Neurociência Pedagógica, AVM Faculdade Integrada},
	author = {Nascimento, M. J.},
	year = {2011},
}

@incollection{navas-parejo_entornos_2022,
	address = {Barcelona},
	title = {Entornos personales de aprendizaje ({PLE}) en el ámbito universitario},
	booktitle = {Los retos educativos de la enseñanza del siglo xxi {Hacia} una educación de calidad, inclusiva y digital},
	publisher = {Octaedro},
	author = {Navas-Parejo, M. R. and Domingo, J. A. M. and Soto, M. N. and Maldonado, J. J.},
	editor = {Lucena, F. J. and Marín, J. A. and Campos, J. C. and Martín, F.},
	year = {2022},
	pages = {15--23},
}

@book{ruiz_instrumentos_1998,
	address = {Caracas},
	title = {Instrumentos de {Investigación} {Educativa}},
	publisher = {CIDEG},
	author = {Ruiz, C.},
	year = {1998},
}

@book{sousa_educacao_2020,
	title = {Educação {Inclusiva} no {Brasil}: {Deficiência} intelectual e empregabilidade},
	publisher = {Editora Paco e Littera},
	author = {Sousa, I. V.},
	year = {2020},
}

@book{unesco_enfoques_2013,
	address = {Santiago},
	title = {Enfoques estratégicos sobre las {TICS} en educación en {América} {Latina} y el {Caribe}},
	publisher = {UNESCO},
	author = {{UNESCO}},
	year = {2013},
}