@article{rodriguez_martinez_extraccion_2021,
	title = {Extracción de contextos definitorios de tecnologías biomédicas en corpus especializado francés},
	volume = {14},
	copyright = {Derechos de autor 2021 Mutatis Mutandis. Revista Latinoamericana de Traducción},
	url = {https://revistas.udea.edu.co/index.php/mutatismutandis/article/view/345123},
	doi = {10.17533/udea.mut.v14n2a11},
	number = {2},
	urldate = {2022-05-03},
	journal = {Mutatis Mutandis. Revista Latinoamericana de Traducción},
	author = {Rodríguez Martínez, M. C.},
	month = jul,
	year = {2021},
	keywords = {tecnologías biomédicas},
	pages = {509--526},
}

@book{sardinha_linguistica_2004,
	address = {Barueri},
	title = {Linguística de corpus},
	publisher = {Editora Manole},
	author = {Berber Sardinha, T.},
	year = {2004},
}

@incollection{mitkov_translation_2015,
	title = {Translation {Technology}},
	url = {https://oxfordhandbooks.com/view/10.1093/oxfordhb/9780199573691.001.0001/oxfordhb-9780199573691-e-007},
	urldate = {2022-03-26},
	booktitle = {The {Oxford} {Handbook} of {Computational} {Linguistics} 2nd edition},
	publisher = {Oxford University Press},
	author = {Bowker, L. and Corpas Pastor, G.},
	editor = {Mitkov, R.},
	collaborator = {Bowker, L. and Corpas Pastor, G.},
	month = mar,
	year = {2015},
}

@book{bowker_working_2002,
	address = {London ; New York},
	edition = {UK ed. edição},
	title = {Working with {Specialized} {Language}: {A} {Practical} {Guide} to {Using} {Corpora}},
	publisher = {Taylor \& Francis Ltd},
	author = {Bowker, L. and Pearson, J.},
	year = {2002},
}

@book{castells_galaxia_2003,
	address = {Rio de Janeiro},
	title = {A galáxia da {Internet}: reflexões sobre a {Internet}, os negócios e a sociedade},
	publisher = {Jorge Zahar Ed.},
	author = {Castells, M.},
	year = {2003},
}

@incollection{mitkov_automated_2014,
	title = {Automated {Writing} {Assistance}},
	url = {http://oxfordhandbooks.com/view/10.1093/oxfordhb/9780199573691.001.0001/oxfordhb-9780199573691-e-019},
	urldate = {2022-03-26},
	booktitle = {The {Oxford} {Handbook} of {Computational} {Linguistics} 2nd edition},
	publisher = {Oxford University Press},
	author = {Dale, R.},
	editor = {Mitkov, R. and Dale, R.},
	month = may,
	year = {2014},
}

@article{fromm_wordsmith_2020,
	title = {Wordsmith {Tools} e {Sketch} {Engine}: um estudo analítico-comparativo para pesquisas científicas com uso de corpora / {Wordsmith} {Tools} and {Sketch} {Engine}: an analytical-comparative study for scientific research with corpora manipulation},
	volume = {28},
	copyright = {Copyright (c) 2020 Guilherme Fromm, Daniela Faria Grama, Neubiana Silva Veloso Beilke, Candice Guarato Santos},
	url = {http://www.periodicos.letras.ufmg.br/index.php/relin/article/view/15766},
	doi = {10.17851/2237-2083.28.3.1191-1248},
	number = {3},
	urldate = {2022-03-26},
	journal = {Revista de Estudos da Linguagem},
	author = {Fromm, G. and Grama, D. F. and Beilke, N. S. V. and Santos, C. G.},
	month = may,
	year = {2020},
	keywords = {Linguística de Corpus, WordSmith Tools, Sketch Engine.},
	pages = {1191--1248},
}

@phdthesis{furtado_glossario_2019,
	address = {Brasília},
	type = {Undergraduate thesis ({Bachelor} in {Foreign} {Languages} {Applied} to {Multilingualism} and the {Information} {Society})},
	title = {Glossário {Multilíngue} {Online} sobre {Migração} e {Refúgio}: uma proposta para tradutores e intérpretes},
	url = {https://bdm.unb.br/handle/10483/23240},
	urldate = {2022-03-26},
	school = {University of Brasilia, Institute of Letters, Department of Foreign Languages and Translation},
	author = {Furtado, A. B. D.},
	year = {2019},
}

@inproceedings{furtado_primeiros_2017,
	address = {Brasília},
	title = {Primeiros passos para a compilação de um corpus terminológico sobre situações de mobilidade: {Coleta} e análise de duas cartilhas informativas multilíngues},
	url = {https://conferencias.unb.br/index.php/iniciacaocientifica/23cicunb14df/paper/view/9170},
	urldate = {2022-03-26},
	booktitle = {Anais do 23º {Congresso} de {Iniciação} {Científica} da {Unb} e 14º do {DF}},
	author = {Furtado, A. B. D. and Gorovitz, S.},
	year = {2017},
}

@inproceedings{furtado_compilacao_2019,
	address = {Brasília},
	title = {Compilação de um {Corpus} {Comparável} {Multilíngue} de {Migração} e {Refúgio}},
	url = {https://conferencias.unb.br/index.php/iniciacaocientifica/25CICUnB16df/paper/view/19444},
	urldate = {2022-03-26},
	booktitle = {Anais do 25º {Congresso} de {Iniciação} {Científica} da {UNB} e 16º {Congresso} de {Iniciação} {Científica} do {DF}},
	author = {Furtado, A. B. D. and Teixeira, E. D.},
	year = {2019},
}

@inproceedings{furtado_compilacao_2019-1,
	address = {Salvador},
	title = {Compilação de um {Banco} {Multilíngue} de {Acolhimento} a {Pessoas} {Refugiadas}},
	url = {http://comissoes.sbc.org.br/ce-pln/stil2019/proceedings-stil-2019-Final-Publicacao.pdf},
	urldate = {2022-03-26},
	booktitle = {Proceedings of the {XII} {Symposium} in {Information} and {Human} {Language} {Technology} and {Collocates} {Events}},
	author = {Furtado, A. B. D. and Teixeira, E. D.},
	month = oct,
	year = {2019},
}

@phdthesis{garcia_o_2019,
	address = {Brasília},
	type = {Master {Thesis} ({Masters} in {Translation} {Studies})},
	title = {O papel do intérprete comunitário na entrevista de solicitação de refúgio},
	copyright = {Acesso Aberto},
	url = {https://repositorio.unb.br/handle/10482/35323},
	urldate = {2022-03-26},
	school = {University of Brasilia, Department of Foreign Languages and Translation},
	author = {Garcia, F. de D.},
	month = feb,
	year = {2019},
}

@incollection{svartvik_language_1992,
	address = {Berlin, New York},
	title = {Language as system and language as instance: {The} corpus as a theoretical construct},
	url = {https://www.degruyter.com/document/doi/10.1515/9783110867275.61/html},
	urldate = {2022-03-26},
	booktitle = {Directions in {Corpus} {Linguistics}},
	publisher = {De Gruyter},
	author = {Halliday, M. A. K.},
	editor = {Svartvik, J.},
	month = jan,
	year = {1992},
	doi = {10.1515/9783110867275.61},
}

@incollection{aijmer_english_1991,
	address = {London},
	title = {Corpus studies and probabilistic grammar},
	url = {https://www.taylorfrancis.com/books/9781317899242},
	urldate = {2022-03-26},
	booktitle = {English corpus linguistics},
	publisher = {Longman},
	author = {Halliday, M. A. K.},
	editor = {Aijmer, K. and Altenberg, B.},
	year = {1991},
	doi = {10.4324/9781315845890},
	pages = {30--43},
}

@incollection{hoffman_spread_2000,
	address = {Clevedon},
	title = {The spread of {English} and the growth of multilingualism with {English} in {Europe}},
	booktitle = {English in {Europe}: {The} {Acquisition} of a {Third} {Language}},
	publisher = {Multilingual Matters},
	author = {Hoffman, C.},
	editor = {Cenoz, J. and Jessner, U.},
	year = {2000},
	pages = {1--21},
}

@article{johns_micro-concord:_1986,
	title = {Micro-concord: {A} language learner's research tool},
	volume = {14},
	url = {https://linkinghub.elsevier.com/retrieve/pii/0346251X86900047},
	doi = {10.1016/0346-251X(86)90004-7},
	number = {2},
	urldate = {2022-03-26},
	journal = {System},
	author = {Johns, T.},
	year = {1986},
	pages = {151--162},
}

@book{jurafsky_speech_2009,
	address = {Upper Saddle River, N.J},
	edition = {2nd ed},
	series = {Prentice {Hall} series in artificial intelligence},
	title = {Speech and language processing: an introduction to natural language processing, computational linguistics, and speech recognition},
	publisher = {Pearson Prentice Hall},
	author = {Jurafsky, D. and Martin, J. H.},
	year = {2009},
	keywords = {Computational linguistics, Automatic speech recognition},
}

@article{kilgarriff_sketch_2004,
	title = {The {Sketch} {Engine}},
	volume = {1},
	url = {https://www.sketchengine.eu/wp-content/uploads/The_Sketch_Engine_2004.pdf},
	number = {1},
	urldate = {2022-03-26},
	journal = {Information Technology},
	author = {Kilgarriff, A. and Rychly, P. and Smrz, P. and Tugwell, D.},
	year = {2004},
	pages = {7--36},
}

@misc{kilgarriff_sketch_2021,
	title = {The {Sketch} {Engine}},
	url = {http://www.sketchengine.eu/},
	urldate = {2022-03-26},
	journal = {Sketch Engine},
	author = {Kilgarriff, A. and Baisa, V. and Bušta, J. and Jakubíček, M. and Kovář, V. and Michelfeit, J. and Rychlý, P. and Suchomel, V.},
	year = {2021},
}

@book{mitkov_speech_2014,
	title = {Speech {Recognition}},
	volume = {1},
	url = {http://oxfordhandbooks.com/view/10.1093/oxfordhb/9780199276349.001.0001/oxfordhb-9780199276349-e-16},
	urldate = {2022-03-26},
	publisher = {Oxford University Press},
	author = {Lamel, L. and Gauvain, J.-L.},
	editor = {Mitkov, R.},
	month = sep,
	year = {2014},
	doi = {10.1093/oxfordhb/9780199276349.013.0016},
}

@book{mcenery_corpus_2012,
	address = {Cambridge ; New York},
	series = {Cambridge textbooks in linguistics},
	title = {Corpus linguistics: method, theory and practice},
	publisher = {Cambridge University Press},
	author = {McEnery, T. and Hardie, A.},
	year = {2012},
	keywords = {Corpora (Linguistics)},
}

@incollection{mitkov_question_2014,
	title = {Question {Answering}},
	url = {https://oxfordhandbooks.com/view/10.1093/oxfordhb/9780199573691.001.0001/oxfordhb-9780199573691-e-003},
	urldate = {2022-03-26},
	booktitle = {The {Oxford} {Handbook} of {Computational} {Linguistics} 2nd edition},
	publisher = {Oxford University Press},
	author = {Prager, J.},
	editor = {Mitkov, R.},
	month = may,
	year = {2014},
	doi = {10.1093/oxfordhb/9780199573691.013.003},
}

@book{poibeau_machine_2017,
	title = {Machine translation},
	publisher = {MIT Press},
	author = {Poibeau, T.},
	year = {2017},
}

@article{rico_perez_tecnologias_2010,
	title = {Tecnologías de la traducción para la mediación intercultural},
	volume = {3},
	url = {http://lym.linguas.net/Download.axd?type=ArticleItem&id=92},
	number = {1},
	urldate = {2022-03-26},
	journal = {Lengua y Migración},
	author = {Rico Perez, C.},
	year = {2010},
	pages = {115--129},
}

@article{rico_perez_hacker_2013,
	title = {From hacker spirit to collaborative terminology: {Resourcefulness} in humanitarian work},
	volume = {2},
	url = {http://www.jbe-platform.com/content/journals/10.1075/ts.2.02ric},
	doi = {10.1075/ts.2.02ric},
	urldate = {2022-03-26},
	journal = {Translation Spaces},
	author = {Rico Perez, C.},
	month = nov,
	year = {2013},
	pages = {19--36},
}

@article{sanchez_ramos_corpus_2019,
	title = {Corpus paralelos y traducción especializada: ejemplificación de diseño, compilación y alineación de un corpus paralelo bilingüe (inglés-español) para la traducción jurídica},
	volume = {64},
	url = {https://www.degruyter.com/document/doi/10.1515/les-2019-0015/html},
	doi = {10.1515/les-2019-0015},
	number = {2},
	urldate = {2022-03-26},
	journal = {Lebende Sprachen},
	author = {Sánchez Ramos, M. del M.},
	month = nov,
	year = {2019},
	pages = {269--285},
}

@book{sanchez_ramos_documentacion_2020,
	address = {Berlin, Germany},
	title = {Documentación digital y léxico en la traducción e interpretación en los servicios públicos ({TISP}): fundamentos teóricos y prácticos},
	url = {https://www.peterlang.com/document/1111377},
	urldate = {2022-03-26},
	publisher = {Peter Lang Verlag},
	author = {Sánchez Ramos, M. del M.},
	month = feb,
	year = {2020},
}

@article{seghiri_metodologiprotocolizada_2011,
	title = {Metodología protocolizada de compilación de un corpus de seguros de viajes: aspectos de diseño y representatividad},
	volume = {49},
	url = {http://www.scielo.cl/scielo.php?script=sci_abstract&pid=S0718-48832011000200002&lng=en&nrm=iso&tlng=en},
	doi = {10.4067/S0718-48832011000200002},
	number = {2},
	urldate = {2022-03-26},
	journal = {RLA. Revista de lingüística teórica y aplicada},
	author = {Seghiri, M.},
	year = {2011},
	pages = {13--30},
}

@article{seghiri_too_2014,
	title = {Too {Big} or {Not} {Too} {Big}: {Establishing} the {Minimum} {Size} for a {Legal} {Ad} {Hoc} {Corpus}},
	volume = {27},
	url = {https://tidsskrift.dk/her/article/view/20981},
	doi = {10.7146/hjlcb.v27i53.20981},
	number = {53},
	urldate = {2022-03-26},
	journal = {HERMES - Journal of Language and Communication in Business},
	author = {Seghiri, M.},
	month = dec,
	year = {2014},
	pages = {85},
}

@misc{silva_refugio_2021,
	title = {Refúgio em {Números} - {Portal} de {Imigração} {Laboral}, 6ª {Edição}},
	url = {https://portaldeimigracao.mj.gov.br/pt/dados/refugio-em-numeros},
	urldate = {2022-03-26},
	journal = {Observatório das Migrações Internacionais},
	author = {Silva, G. J. and Cavalcanti, L. and Oliveira, T. and Costa, L. F. L. and Macedo, M.},
	year = {2021},
}

@inproceedings{tagnin_producao_2009,
	address = {Ouro Preto},
	title = {A produção de glossários direcionados pelo corpus e orientados ao tradutor como metodologia de formação de tradutores},
	booktitle = {Anais do {X} {Encontro} {Nacional} de {Tradutores} e {IX} {Encontro} {Internacional} de {Tradutores}},
	author = {Tagnin, S.},
	year = {2009},
}

@incollection{tagnin_corpora_2015,
	address = {São Paulo},
	title = {Corpora na e para a tradução},
	booktitle = {Corpora na {Tradução}},
	publisher = {Hub Editorial},
	author = {Tagnin, S.},
	editor = {Viana, V. and Tagnin, S.},
	year = {2015},
}

@article{tagnin_translator-oriented_2012,
	title = {Translator-oriented, corpus-driven technical glossaries: the case of cooking terms},
	volume = {7},
	url = {https://www.euppublishing.com/doi/10.3366/cor.2012.0017},
	doi = {10.3366/cor.2012.0017},
	number = {1},
	urldate = {2022-03-26},
	journal = {Corpora},
	author = {Tagnin, S. and Teixeira, E. D.},
	year = {2012},
	pages = {51--67},
}

@phdthesis{teixeira_linguistica_2008,
	type = {Doctoral {Dissertation} ({PhD} in {English} {Literature} and {Linguistics} {Studies})},
	title = {A lingüística de corpus a serviço do tradutor: proposta de um dicionário de culinária voltado para a produção textual},
	url = {http://www.teses.usp.br/teses/disponiveis/8/8147/tde-16022009-141747/},
	urldate = {2022-03-26},
	school = {Universidade de São Paulo},
	author = {Teixeira, E. D.},
	month = dec,
	year = {2008},
	doi = {10.11606/T.8.2008.tde-16022009-141747},
}
