@misc{un1948,
    title         = {{Universal Declaration of Human Rights}},
    author        = {{United Nations}},
    year          = {1948},
    url           = {https://bit.ly/3XErkq1},
    note          = {Accedido el 12 mar. 2025},
}

@book{lado1964,
    title         = {Language Teaching: A Scientific Approach},
    author        = {Lado, Robert},
    year          = {1964},
    publisher     = {McGraw-Hill},
    address       = {New York},
}

@book{rivers1978,
    title         = {A Practical Guide to the Teaching of English as a Foreign Language},
    author        = {Rivers, Wilga and Temperley, Mary},
    year          = {1978},
    publisher     = {Oxford University Press},
    address       = {Oxford},
}

@article{vanderplank1988,
    title         = {The value of teletext sub-titles in language learning},
    author        = {Vanderplank, Robert},
    year          = {1988},
    month         = oct,
    journal       = {ELT Journal},
    volume        = {42},
    number        = {4},
    pages         = {272--281},
    doi           = {10.1093/elt/42.4.272},
    note          = {Accedido el 12 mar. 2025},
}

@book{anderson2001,
    title         = {A Taxonomy for Learning, Teaching and Assessing: A Revision of Bloom's Taxonomy of Educational Objectives},
    author        = {Anderson, Lorin W. and Krathwohl, David R.},
    year          = {2001},
    publisher     = {Longman},
    address       = {London},
}

@article{garcia-carbonell2001,
    title         = {Simulation/gaming and the acquisition of communicative competence in another language},
    author        = {Garc{\'\i}a-Carbonell, Amparo and Rising, Beverly and Montero, Bego{\~n}a and Watts, Frances},
    year          = {2001},
    month         = dec,
    journal       = {Simulation \& Gaming},
    volume        = {32},
    number        = {4},
    pages         = {481--491},
    url           = {https://journals.sagepub.com/doi/10.1177/104687810103200405},
    note          = {Accedido el 12 mar. 2025},
}

@article{danan2004,
    title         = {Captioning and subtitling: Undervalued language learning strategies},
    author        = {Danan, Martine},
    year          = {2004},
    month         = sep,
    journal       = {Meta},
    volume        = {44},
    number        = {1},
    pages         = {67--77},
    doi           = {10.7202/009021ar},
    note          = {Accedido el 12 mar. 2025},
}

@incollection{romaine2005,
    title         = {Variation},
    author        = {Romaine, Suzanne},
    year          = {2005},
    booktitle     = {The Handbook of Second Language Acquisition},
    publisher     = {Blackwell},
    address       = {New York},
    pages         = {409--435},
    editor        = {Doughty, Catherine and Long, Michael},
}

@incollection{araujo2008,
    title         = {The educational use of subtitled films in EFL teaching},
    author        = {Ara{\'u}jo, Vera Luc{\'\i}a},
    year          = {2008},
    booktitle     = {The didactics of audiovisual translation},
    publisher     = {John Benjamins},
    address       = {Amsterdam},
    pages         = {227--238},
    doi           = {10.1075/btl.77.22san},
    note          = {Accedido el 12 mar. 2025},
    editor        = {D{\'\i}az Cintas, Jorge},
}

@incollection{bygate2009teaching,
    title         = {Teaching and Testing Speaking},
    author        = {Bygate, Martin},
    year          = {2009},
    booktitle     = {The Handbook of Language Teaching},
    publisher     = {Wiley-Blackwell},
    address       = {Malden, MA},
    pages         = {412--440},
    editor        = {Long, Michael H. and Doughty, Catherine J.},
}

@article{danan2010,
    title         = {Dubbing projects for the language learner: A framework for integrating audiovisual translation into task-based instruction},
    author        = {Danan, Martine},
    year          = {2010},
    month         = nov,
    journal       = {Computer Assisted Language Learning},
    volume        = {23},
    number        = {5},
    pages         = {441--456},
    doi           = {10.1080/09588221.2010.522528},
    note          = {Accedido el 12 mar. 2025},
}

@standard{aenor2012,
    title         = {UNE 153010:2012. {Subtitulado para personas sordas y con discapacidad auditiva}},
    author        = {Aenor},
    year          = {2012},
    month         = may,
    url           = {https://www.une.org/encuentra-tu-norma/busca-tu-norma/norma?c=N0049426},
    note          = {Accedido el 12 mar. 2025},
    type          = {standard},
    organization  = {Aenor},
}

@phdthesis{angellini2012,
    title         = {La Simulación y juego en el desarrollo de las destrezas de producción en lengua inglesa},
    author        = {Angellini, Laura},
    year          = {2012},
    school        = {Universitat Politècnica de València},
    type          = {PhD thesis, unpublished},
}

@book{diazcintas2012,
    title         = {Audiovisual Translation: Subtitling},
    author        = {D{\'\i}az Cintas, Jorge and Remael, Aline},
    year          = {2012},
    publisher     = {Routledge},
    address       = {London},
}

@incollection{lertola2012,
    title         = {The effect of subtitling task on vocabulary learning},
    author        = {Lertola, Jennifer},
    year          = {2012},
    booktitle     = {Translation Research Projects 4},
    publisher     = {Intercultural Studies Group},
    address       = {Cataluña},
    pages         = {61--70},
    editor        = {Pym, Anthony and Orrego-Carmona, David},
}

@phdthesis{lertola2013,
    title         = {Subtitling new media: Audiovisual translation and second language acquisition},
    author        = {Lertola, Jennifer},
    year          = {2013},
    url           = {http://hdl.handle.net/10379/3979},
    note          = {Accedido el 12 mar. 2025},
    school        = {University of Galway},
}

@book{talavan2013,
    title         = {La subtitulaci{\'o}n en el aprendizaje de lenguas extranjeras},
    author        = {Talav{\'a}n, Noa},
    year          = {2013},
    publisher     = {Octaedro},
    address       = {Barcelona},
    doi           = {10.1353/hpn.2014.0049},
    note          = {Accedido el 12 mar. 2025},
}

@article{incalcaterra2014,
    title         = {Audiovisual translation in second language acquisition: Integrating subtitling in the foreign language curriculum},
    author        = {Incalcaterra McLoughlin, Laura and Lertola, Jennifer},
    year          = {2014},
    month         = jun,
    journal       = {The Interpreter and Translator Trainer},
    volume        = {8},
    number        = {1},
    pages         = {70--83},
    doi           = {10.1080/1750399x.2014.908558},
    note          = {Accedido el 12 mar. 2025},
}

@incollection{gambier2015,
    title         = {Thirty Years of Research in Subtitles and Language Learning: The Knowns and Unknown},
    author        = {Gambier, Yves},
    year          = {2015},
    booktitle     = {Subtitling and Intercultural Communication, European Languages and Beyond},
    publisher     = {Edizioni ETS},
    address       = {Pisa},
    pages         = {145--168},
    editor        = {Garzelli, Beatrice and Baldo, Michaela},
}

@misc{un2015,
    title         = {{The 2030 Agenda for Sustainable Development}},
    author        = {{United Nations}},
    year          = {2015},
    url           = {https://www.un.org/sustainabledevelopment/es/development-agenda/},
    note          = {Accedido el 12 mar. 2025},
}

@article{tarquini2016,
    title         = {The Deployment of Audiovisual Databases in Foreign Language Learning: Usability Features and Didactic Affordances},
    author        = {Tarquini, Gianna},
    year          = {2016},
    journal       = {Trans-Kom},
    volume        = {9},
    number        = {2},
    pages         = {208--226},
    url           = {http://www.trans-kom.eu/bd09nr02/trans-kom_09_02_03_Tarquini_Databases.20161220.pdf},
    note          = {Accedido el 12 mar. 2025},
}

@article{garcia-aretio2017,
    title         = {Educación a distancia y virtual: Calidad, disrupción, aprendizajes adaptativo y móvil},
    author        = {Garc{\'\i}a-Aretio, Lorenzo},
    year          = {2017},
    month         = jul,
    journal       = {RIED. Revista Iberoamericana de Educación a Distancia},
    volume        = {20},
    number        = {2},
    pages         = {9--25},
    doi           = {10.5944/ried.20.2.18737},
    note          = {Accedido el 12 mar. 2025},
}

@book{councilofeurope2018,
    title         = {Common European Framework of Reference for Languages: Learning, Teaching, Assessment. Companion Volume with New Descriptors},
    author        = {{Council of Europe}},
    year          = {2018},
    publisher     = {Council of Europe Publishing},
    address       = {Strasbourg},
    url           = {https://bit.ly/3xhdICu},
    note          = {Accedido el 12 mar. 2025},
}

@article{navarro-pablo2019,
    title         = {El uso de los recursos y materiales digitales dentro y fuera del aula biling{\"u}e},
    author        = {Navarro-Pablo, Macarena and L{\'o}pez-G{\'a}ndara, Mar. and Ndara, Yiyi and Garc{\'\i}a-Jim{\'e}nez, Eduardo},
    year          = {2019},
    month         = aug,
    journal       = {Comunicar},
    volume        = {27},
    number        = {59},
    pages         = {83--93},
    doi           = {10.3916/c59-2019-08},
    note          = {Accedido el 12 mar. 2025},
}

@article{talavan2019,
    title         = {Using subtitles for the deaf and hard of hearing as an innovative pedagogical tool in the language class},
    author        = {Talav{\'a}n, Noa},
    year          = {2019},
    month         = jun,
    journal       = {International Journal of English Studies},
    volume        = {19},
    number        = {1},
    pages         = {21--40},
    doi           = {10.6018/ijes.338671},
    note          = {Accedido el 12 mar. 2025},
}

@incollection{talavan2020,
    title         = {The didactic value of AVT in foreign language education},
    author        = {Talav{\'a}n, Noa},
    year          = {2020},
    booktitle     = {The Palgrave Handbook of Audiovisual Translation and Media Accessibility},
    publisher     = {Palgrave Macmillan},
    address       = {London},
    pages         = {567--591},
    doi           = {10.1007/978-3-030-42105-2_28},
    note          = {Accedido el 12 mar. 2025},
    editor        = {Bogucki, {\L}ukasz and Deckert, Miko{\l}aj},
}

@article{couto-cantero2021,
    title         = {Preliminary design of an Initial Test of Integrated Skills within {TRADILEX}: an ongoing project on the validity of audiovisual translation tools in teaching English},
    author        = {Couto-Cantero, Pilar and Sabat{\'e}-Carrov{\'e}, Mariona and G{\'o}mez P{\'e}rez, Mar{\'\i}a Carmen},
    year          = {2021},
    month         = jul,
    journal       = {Realia. Research in Education and Learning Innovation Archives},
    volume        = {27},
    number        = {2},
    pages         = {73--88},
    doi           = {10.7203/realia.27.20634},
    note          = {Accedido el 12 mar. 2025},
}

@article{fraga-castrillon2021,
    title         = {Aprendizaje de lenguas extranjeras: Estudio sobre las percepciones del futuro profesorado en Educación Primaria},
    author        = {Fraga-Castrill{\'o}n, Noemi and Couto-Cantero, Pilar},
    year          = {2021},
    month         = dec,
    journal       = {DIGILEC: Revista Internacional de Lenguas y Culturas},
    volume        = {8},
    pages         = {66--82},
    doi           = {10.17979/digilec.2021.8.0.8632},
    note          = {Accedido el 12 mar. 2025},
}

@book{zarate2021,
    title         = {Captioning and Subtitling for d/Deaf and Hard of Hearing Audiences},
    author        = {Z{\'a}rate, Soledad},
    year          = {2021},
    publisher     = {UCL Press},
    address       = {London},
}

@incollection{talavan2022,
    title         = {Audio description and subtitling for the deaf and hard of hearing: Media accessibility in foreign language learning},
    author        = {Talav{\'a}n, Noa and Lertola, Jennifer and Ib{\'a}{\~n}ez, Ana},
    year          = {2022},
    booktitle     = {Translation and Translanguaging in Multilingual Contexts},
    publisher     = {John Benjamins Publishing Company},
    address       = {Amsterdam},
    pages         = {1--29},
    doi           = {10.1075/ttmc.00082.tal},
    note          = {Accedido el 12 mar. 2025},
    editor        = {Laviosa, Sara},
}

@article{couto-cantero2023,
    title         = {The use of translanguaging and the {CLIL} approach in primary education},
    author        = {Couto-Cantero, Pilar and Fraga-Castrill{\'o}n, Noemi},
    year          = {2023},
    month         = jan,
    journal       = {Porta Linguarum},
    number        = {39},
    pages         = {281--298},
    doi           = {10.30827/portalin.vi39.24492},
    note          = {Accedido el 12 mar. 2025},
}

@article{couto-cantero-trovato2023,
    title         = {InnoDAT–An Innovative Project Based on Subtitling for the Deaf and Hard-of-Hearing for Learning Languages and Cultures},
    author        = {Couto-Cantero, Pilar and Fraga-Castrill{\'o}n, Noemi and Trovato, Giuseppe},
    year          = {2023},
    month         = oct,
    journal       = {Languages (MDPI)},
    volume        = {8},
    number        = {4},
    pages         = {235},
    doi           = {10.3390/languages8040235},
    note          = {Accedido el 12 mar. 2025},
}

@article{fernandez-costales2023,
    title         = {Didactic audiovisual translation in language teaching: Results from TRADILEX},
    author        = {Fern{\'a}ndez-Costales, Alberto and Talav{\'a}n, Noa and Tinedo-Rodr{\'\i}guez, Antonio Jes{\'u}s},
    year          = {2023},
    month         = feb,
    journal       = {Comunicar},
    volume        = {31},
    number        = {77},
    pages         = {21--32},
    doi           = {10.3916/c77-2023-02},
    note          = {Accedido el 12 mar. 2025},
}

@incollection{tinedo-rodriguez2023,
    title         = {Subtitling for the Deaf and Hard of Hearing (SDH) as an AVT Pedagogical Tool to Promote L2 Integrated Language Skills, Interculturality and EDI (Equity, Diversity and Inclusion)},
    author        = {Tinedo-Rodr{\'\i}guez, Antonio Jes{\'u}s and Frumuselu, Anca Daniela},
    year          = {2023},
    booktitle     = {Translation and Translanguaging in Multilingual Contexts},
    publisher     = {John Benjamins},
    address       = {Amsterdam},
    pages         = {316--336},
    editor        = {D{\'\i}az-Cintas, Jorge and Rizzo, Alessandra and Spinzi, Cinzia},
}

@incollection{fraga-castrillon2024,
    title         = {Aproximación al subtitulado para sordos en la didáctica de las lenguas extranjeras y la traducción},
    author        = {Fraga-Castrill{\'o}n, Noemi and Trovato, Giuseppe and Couto-Cantero, Pilar},
    year          = {2024},
    booktitle     = {La traducción y la interpretación desde y hacia Europa},
    publisher     = {Comares},
    address       = {Granada},
    pages         = {103--113},
    editor        = {Montes S{\'a}nchez, Alba},
}

@article{ogea-espejel2024,
    title         = {Enhancing Foreign-Language Creativity: A Didactic Approach through Audio Description},
    author        = {Ogea Pozo, Mar{\'\i}a del Mar and Ruiz Espejel, Beatriz},
    year          = {2024},
    month         = mar,
    journal       = {Complutense Journal of English Studies},
    volume        = {32},
    pages         = {e97317},
    doi           = {10.5209/cjes.97137},
    note          = {Accedido el 12 mar. 2025},
}

@incollection{ogea-talavan2024,
    title         = {Teaching languages for social and cooperation purposes: using didactic media accessibility in foreign language education},
    author        = {Ogea Pozo, Mar{\'\i}a del Mar and Talav{\'a}n, Noa},
    year          = {2024},
    booktitle     = {Inclusion, Diversity and Innovation in Translation Education},
    publisher     = {UCL Press},
    address       = {London},
    pages         = {69--92},
    doi           = {10.2307/jj.13027283.12},
    note          = {Accedido el 12 mar. 2025},
    editor        = {Bola{\~n}os-Garc{\'\i}a-Escribano, Alejandro and Oakn{\'\i}n, Mazal},
}

@article{perez-cabello2024,
    title         = {Spanish as a resource in the acquisition of English as a second language},
    author        = {P{\'e}rez-Cabello, Ana Mar{\'\i}a and Quinn, Michelle Teresa},
    year          = {2024},
    month         = mar,
    journal       = {Training, Language and Culture},
    volume        = {8},
    number        = {1},
    pages         = {38--53},
    url           = {https://rudn.tlcjournal.org/issues/8(1)-03.html},
    note          = {Accedido el 12 mar. 2025},
}

@incollection{rodriguez-arancon2024,
    title         = {The TRADILEX Project},
    author        = {Rodr{\'\i}guez-Aranc{\'o}n, Pilar and {\'A}vila-Cabrera, Jos{\'e} Javier},
    year          = {2024},
    booktitle     = {Empirical Studies in Didactic Audiovisual Translation},
    publisher     = {Routledge},
    address       = {London},
    pages         = {70--90},
    editor        = {Plaza-Lara, Cristina and Ogea-Pozo, Mar{\'\i}a del Mar and Botella-Tejera, Carla},
}

@book{talavan2024,
    title         = {Didactic Audiovisual Translation and Foreign Language Education},
    author        = {Talav{\'a}n, Noa and Lertola, Jennifer and Fern{\'a}ndez-Costales, Alberto},
    year          = {2024},
    publisher     = {Routledge},
    address       = {London},
}
