@online{A3ES2015a,
  title = {Decisão do Conselho de Administração da A3ES NCE/14/01441 – Acreditação do novo ciclo de estudos},
  author = {A3ES, AGÊNCIA DE AVALIAÇÃO E ACREDITAÇÃO DO ENSINO SUPERIOR},
  year = {2015a},
  address = {Lisboa},
  url = {https://www.a3es.pt/sites/default/files/NCE_14_01441_papnce_2014_dec_fin_ca.pdf},
  urldate = {2020-11-13}
}

@online{A3ES2015b,
  title = {Relatório final da Comissão de Avaliação Externa NCE/14/01441 – Acreditação do novo ciclo de estudos},
  author = {A3ES, AGÊNCIA DE AVALIAÇÃO E ACREDITAÇÃO DO ENSINO SUPERIOR},
  year = {2015b},
  address = {Lisboa},
  url = {https://www.a3es.pt/sites/default/files/NCE_14_01441_papnce_2014_apapnce.pdf},
  urldate = {2020-10-02}
}

@book{bardin1977,
  author = {Laurence Bardin},
  title = {L’Analyse de contenu},
  publisher = {Presses Universitaires de France},
  address = {France},
  year = {1977}
}

@book{benzecri2007,
  author = {Jean-Paul Benzécri},
  title = {Linguistique et lexicologie},
  publisher = {Dunod},
  year = {2007}
}

@article{booth1967,
  author = {Andrew D. Booth},
  title = {A “Law" of occurrences for words of low frequency},
  journal = {Information and control},
  url = {https://core.ac.uk/download/pdf/82197825.pdf},
  volume = {10},
  number = {4},
  year = {1967},
  pages = {386--393}
}

@book{clough2004,
  author = {{National Academy of Engineering}},
  title = {The Engineer 2020: Visions of Engineering in the New Century},
  publisher = {The National Academies Press},
  address = {Washington, USA},
  doi = {https://doi.org/10.17226/10999},
  year = {2004}
}

@article{davis1989,
  author = {Fred D. Davis},
  title = {Perceived Usefulness, Perceived Ease of Use, and User Acceptance of Information Technology},
  journal = {MIS Quarterly},
  url = {https://www.jstor.org/stable/249008?origin=crossref},
  volume = {13},
  number = {3},
  month = {set.},
  year = {1989},
  pages = {319},
  doi = {10.2307/249008 }
}

@article{denzin2012,
  author = {Norman K. Denzin},
  title = {Triangulation 2.0},
  journal = {Journal of Mixed Methods Research},
  url = {https://journals.sagepub.com/doi/10.1177/1558689812437186},
  volume = {6},
  number = {2},
  month = {fev.},
  year = {2012},
  pages = {80--88},
  doi = {10.1177/1558689812437186}
}

@book{denzin2005,
  author = {Norman K. Denzin and Yvonna S. Lincoln},
  title = {The Sage handbook of qualitative research},
  publisher = {Sage Publications},
  address = {United Kingdom},
  year = {2005}
}

@article{dimaggio1983,
  author = {Paul J. DiMaggio and Walter W. Powell},
  title = {The iron cage revisited: Collective rationality and institutional isomorphism in organizational fields},
  journal = {American sociological review},
  address = {},
  url = {https://www.jstor.org/stable/2095101},
  volume = {48},
  number = {2},
  year = {1983},
  pages = {147--160},
  doi = {10.2307/2095101}
}

@inproceedings{eldin2018,
  title = {Blended Learning Methodologies and ePedagogical Approaches Used in an Electrical and Computer Engineering Education Program Leading to International Accreditation},
  author = {Ashraf Salah El-Din and Adrian Adascalitei and Marinel Temneanu and Sebastian Aradoaei},
  booktitle = {The 13th International Conference on Virtual Learning},
  address = {Bucharest, Romania},
  publisher = {University of Bucharest and University of Alba Iulia},
  year = {2018},
  pages = {63--77}
}

@book{engineering2005,
  author = {{National Academy of Engineering}},
  title = {Educating the engineer of 2020: Adapting engineering education to the new century},
  publisher = {The National Academies Press},
  address = {Washington, USA},
  year = {2005}
}

@book{graham2018,
  author = {Ruth Graham},
  title = {The global state of the art in engineering education},
  publisher = {Massachusetts Institute of Technology (MIT)},
  address = {Massachusetts, USA},
  year = {2018}
}

@article{hill1977,
  author = {Richard J. Hill},
  title = {Belief, Attitude, Intention and Behavior: An Introduction to Theory and Research},
  journal = {Contemporary Sociology},
  url = {http://www.jstor.org/stable/2065853?origin=crossref},
  volume = {6},
  number = {2},
  month = {mar.},
  year = {1977},
  pages = {244},
  doi = {10.2307/2065853 }
}

@article{kanter1972,
  author = {Rosabeth Moss Kanter},
  title = {Commitment and the Internal Organization of Millennial Movements},
  journal = {American Behavioral Scientist},
  url = {https://doi.org/10.1177/000276427201600205},
  volume = {16},
  number = {2},
  month = {nov.},
  year = {1972},
  pages = {219--243},
  doi = {10.1177/000276427201600205}
}

@book{lebart1994,
  author = {Ludovic Lebart and André Salem},
  title = {Statistiques textuelles},
  publisher = {Dunod},
  address = {Paris},
  volume = {},
  edition = {},
  year = {1994}
}

@inproceedings{li2020,
  author = {Hanqing Li and Feifei Chu and Hao Hao and Xianzeng Zhang},
  title = {Educational Objectives Formulation Based on Major Accreditation of Engineering Education},
  booktitle = {5th International Conference on Modern Education and Social Science},
  url = {http://dpi-proceedings.com/index.php/dtssehs/article/view/33749},
  month = {jan.},
  year = {2020},
  pages = {184--189},
  doi = {10.12783/dtssehs/mess2019/33749}
}

@inproceedings{lu2019,
  author = {Hongyu Lu and Xiao Yu and Xinmei Zhu},
  title = {Research of the Engineering Competence Framework: Analysis Based on the Engineering Education Accreditation Criteria of 15 Countries},
  booktitle = {Proceedings of the 2nd International Workshop on Education Reform and Social Sciences (ERSS 2019)},
  year = {2019},
  pages = {158--167},
  publisher = {Atlantis Press},
  address = {China},
  url = {https://www.atlantis-press.com/proceedings/erss-19/125925520},
  doi = {10.2991/assehr.k.191206.032}
}

@inproceedings{maciejewski2017,
  author = {Anthony A. Maciejewski and Thomas W. Chen and Zinta S. Byrne and Michael A. de Miranda and Laura B. Sample Mcmeeking and Branislav M. Notaros and Ali Pezeshki and Sourajeet Roy and Andrea M. Leland and Melissa D. Reese and Alma H. Rosales and Thomas J. Siller and Richard F. Toftness and Olivera Notaros},
  booktitle = {IEEE International Conference on Modern Electrical and Energy Systems (MEES)},
  year = {2017},
  volume = {5},
  pages = {8148--8161},
  doi={10.1109/ACCESS.2017.2690221},
  url = {http://ieeexplore.ieee.org/document/7891011/}
}

@article{manzoor2017,
  author = {Arooj Manzoor and Haris Aziz and Mirza Jahanzaib and Ahmad Wasim and Salman Hussain},
  title = {Transformational model for engineering education from content-based to outcome-based education},
  journal = {International Journal of Continuing Engineering Education and Life-Long Learning},
  url = {http://www.inderscience.com/offer.php?id=87136},
  volume = {27},
  number = {4},
  year = {2017},
  pages = {266--286},
}

@inproceedings{marchand2012,
  author = {Pascal Marchand and Pierre Ratinaud},
  title = {L’analyse de similitude appliquée aux corpus textuels: les primaires socialistes pour l’élection présidentielle française (septembre-octobre 2011)},
  booktitle = {Actes des 11eme Journées internationales d’Analyse statistique des Données Textuelles. JADT},
  year = {2012},
  pages = {687--699}
}

@article{meyer1977,
  author = {John W. Meyer and Brian Rowan},
  title = {Institutionalized Organizations: Formal Structure as Myth and Ceremony},
  journal = {American Journal of Sociology},
  volume = {83},
  number = {2},
  pages = {340-363},
  year = {1977},
  doi = {10.1086/226550},
  URL = {https://doi.org/10.1086/226550}
}

@article{nager2016,
  author = {Adams Nager and Robert D. Atkinson},
  title = {The Case for Improving U.S. Computer Science Education},
  journal = {SSRN Electronic Journal},
  url = {https://www.ssrn.com/abstract=3066335},
  year = {2016},
  doi = {10.2139/ssrn.3066335 }
}

@book{olson2016,
  author    = {{National Academy of Engineering}},
  editor    = {Steve Olson},
  title     = {Grand Challenges for Engineering: Imperatives, Prospects, and Priorities: Summary of a Forum},
  doi       = {10.17226/23440},
  url       = {https://www.nap.edu/catalog/23440/grand-challenges-for-engineering-imperatives-prospects-and-priorities-summary-of},
  year      = {2016},
  publisher = {The National Academies Press},
  address   = {Washington, DC}
}

@article{patil2007,
  author = {A.   Patil  and  G.   Codner},
  title = {Accreditation of engineering education: review, observations and proposal for global accreditation},
  journal = {European Journal of Engineering Education},
  volume = {32},
  number = {6},
  pages = {639-651},
  year  = {2007},
  publisher = {Taylor \& Francis},
  doi = {10.1080/03043790701520594},
  URL = {https://doi.org/10.1080/03043790701520594}
}

@article{pereira2020,
  author = {Cleber A. Pereira and Paulo M. Oliveira and Manuel J. C. S. Reis},
  title = {Processos e metodologias não-tradicionais no Ensino Superior de Engenharia Elétrica: a percepção de coordenadores de curso em dois países lusófonos},
  journal = {Revista Meta: Avaliação},
  url = {https://revistas.cesgranrio.org.br/index.php/metaavaliacao/article/view/2219},
  volume = {12},
  number = {43},
  month = {mar.},
  year = {2020},
  pages = {211},
  doi = {10.22347/2175-2753v12i34.2219}
}

@article{reinert1990,
  author = {Max Reinert},
  title = {Alceste une méthodologie d’analyse des données textuelles et une application: Aurelia De Gerard De Nerval},
  journal = {Bulletin of Sociological Methodology/Bulletin de Méthodologie Sociologique},
  url = {https://doi.org/10.1177/075910639002600103},
  volume = {26},
  number = {1},
  year = {1990},
  pages = {24--54},
  doi = {10.1177/075910639002600103}
}

@article{reinert1983,
  author = {Max Reinert},
  title = {Une méthode de classification descendante hiérarchique: application à l’analyse lexicale par contexte},
  journal = {Cahiers de l’Analyse des Données},
  url = {www.numdam.org/item/CAD_1983__8_2_187_0/},
  volume = {8},
  number = {2},
  year = {1983},
  pages = {187–-198}
}

@book{rogers1983,
  author = {Everett M. Rogers},
  title = {Diffusion of innovations},
  publisher = {The Free Press},
  address = {New York},
  edition = {3},
  year = {1983}
}

@book{sardinha2008,
  author = {Tony Berber Sardinha},
  title = {Lingüística de Corpus},
  publisher = {Manole},
  address = {São Paulo},
  year = {2004}
}

@book{sheppard2008,
  author = {Sheri D. Sheppard and Kelly Macatangay and Anne Colby and William M. Sullivan and Lee S. Shulman},
  title = {Educating Engineers: Designing for the Future of the Field},
  publisher = {Jossey Bass},
  year = {2008}
}

@inproceedings{shuguang2019,
  author = {Liu Shuguang and Ba Lin},
  title = {Countermeasures for Local Engineering Colleges to Deal with Engineering Education Professional Accreditation},
  year = {2019},
  publisher = {Association for Computing Machinery},
  address = {New York, NY, USA},
  url = {https://doi.org/10.1145/3338147.3338183},
  doi = {10.1145/3338147.3338183},
  pages = {194–-199},
  pages = {6},
  series = {ICDEL 2019}
}

@article{thibaut2018,
  author = {Lieve Thibaut and Stijn Ceuppens and Haydée De Loof and Jolien De Meester and Leen Goovaerts and Annemie Struyf and Jelle Boeve-de Pauw and Wim Dehaene and Johan Deprez and Mieke De Cock and Luc Hellinckx and Heidi Knipprath and Greet Langie and Katrien Struyven and Didier Van de Velde and Peter Van Petegem and Fien Depaepe},
  title = {Integrated STEM Education: A Systematic Review of Instructional Practices in Secondary Education},
  journal = {European Journal of STEM Education},
  url = {http://www.lectitopublishing.nl/Article/Detail/integrated-stem-education-a-systematic-review-of-instructional-practices-in-secondary-education},
  volume = {3},
  number = {1},
  month = {mai.},
  year = {2018},
  doi = {10.20897/ejsteme/85525}
}

@online{utad2015,
  title = {Aviso 9193 dos Serviços Académicos da Universidade de Trás os Montes e Alto Douro - Aprova a criação do Mestrado Integrado em Engenharia Elétrica e de Computadores},
  author = {{Universidade de Trás-Os-Montes e Alto Douro (UTAD)}},
  year = {2015},
  number = {169},
  month = {ago.},
  url = {https://dre.pt/application/conteudo/70139885}
}

@online{utad2018,
  title = {Regulamento Pedagógico n. 136},
  author = {{Universidade de Trás-Os-Montes e Alto Douro (UTAD)}},
  year = {2018},
  url = {https://dre.pt/application/conteudo/114771435},
  number = {41},
  month = {fez.}
}

@book{zipf1949,
  author = {George Kingsley Zipf},
  title = {Human behavior and the Principle of Least Effort},
  publisher = {Addison Wesley},
  address = {Cambridge, Massachusetts},
  year = {1949}
}