
@article{banitz_machine_2020,
	title = {Machine translation: a critical look at the performance of rule-based and statistical machine translation},
	volume = {40},
	copyright = {Copyright (c) 2020},
	issn = {2175-7968},
	shorttitle = {Machine translation},
	url = {https://periodicos.ufsc.br/index.php/traducao/article/view/2175-7968.2020v40n1p54},
	doi = {10.5007/2175-7968.2020v40n1p54},
	number = {1},
	urldate = {2024-03-22},
	journal = {Cadernos de Tradução},
	author = {Banitz, Brita},
	month = jan,
	year = {2020},
	pages = {54--71},
}

@article{costa_translation_2020,
	title = {On the Translation of Literature as a Human Activity par Excellence: Ethical Implications for Literary Machine Translation},
	volume = {30},
	issn = {2317-2096, 1679-3749},
	shorttitle = {On the Translation of Literature as a Human Activity par Excellence},
	url = {https://periodicos.ufmg.br/index.php/aletria/article/view/22047},
	doi = {10.35699/2317-2096.2020.22047},
	number = {4},
	urldate = {2024-03-22},
	journal = {Aletria: Revista de Estudos de Literatura},
	author = {Costa, Cynthia Beatrice and Silva, Igor A. Lourenço Da},
	month = dec,
	year = {2020},
	pages = {225--248},
}

@book{douglas_machine_1994,
	title = {Machine Translation: An Introductory Guide},
	isbn = {9781855542464},
	publisher = {NCC Blackwell},
	author = {Douglas, Arnold and Balkan, L. and Lee Humphreys, R. and Meijer, S. and Sadler, L.},
	year = {1994},
}

@inproceedings{freitag_bleu_2020,
	address = {Online},
	title = {{BLEU} might be Guilty but References are not Innocent},
	url = {https://aclanthology.org/2020.emnlp-main.5},
	doi = {10.18653/v1/2020.emnlp-main.5},
	urldate = {2024-03-22},
	booktitle = {Proceedings of the 2020 Conference on Empirical Methods in Natural Language Processing ({EMNLP})},
	publisher = {Association for Computational Linguistics},
	author = {Freitag, Markus and Grangier, David and Caswell, Isaac},
	editor = {Webber, Bonnie and Cohn, Trevor and He, Yulan and Liu, Yang},
	month = nov,
	year = {2020},
	pages = {61--71},
}
@inproceedings{papineni_bleu:_2002,
	address = {Philadelphia, Pennsylvania, USA},
	title = {Bleu: a Method for Automatic Evaluation of Machine Translation},
	shorttitle = {Bleu},
	url = {https://aclanthology.org/P02-1040},
	doi = {10.3115/1073083.1073135},
	urldate = {2024-03-27},
	booktitle = {Proceedings of the 40th Annual Meeting of the Association for Computational Linguistics},
	publisher = {Association for Computational Linguistics},
	author = {Papineni, Kishore and Roukos, Salim and Ward, Todd and Zhu, Wei-Jing},
	editor = {Isabelle, Pierre and Charniak, Eugene and Lin, Dekang},
	month = jul,
	year = {2002},
	pages = {311--318},
}

@book{freitas_linguistica_2022,
	address = {São Paulo},
	title = {Linguística Computacional},
	publisher = {Parábola Editorial},
	author = {Freitas, Cláudia},
	year = {2022},
}

@book{rodas_2007,
	address = {Brasília},
	title = {A Conferência da Haia de direito internacional privado: a participação do Brasil},
	publisher = {Fundação Alexandre de Gusmão},
	author = {Rodas, João Grandino and Mônaco, Gustavo Ferraz de Campos},
	year = {2007},
}

@misc{hcch_convention_1980,
	title = {Convention of 25 October 1980 on the Civil Aspects of International Child Abduction},
	url = {https://assets.hcch.net/docs/e86d9f72-dc8d-46f3-b3bf-e102911c8532.pdf},
	urldate = {2024-03-22},
	author = {{HCCH}},
	year = {1980},
}

@misc{hcch_guide_2003a,
	title = {Guide to Good Practice under the {Hague} Convention of 25 October 1980 on the Civil Aspects of International Child Abduction: Part {I} – Central Authority Practice},
	url = {https://www.hcch.net/en/instruments/conventions/publications1/?dtid=3&cid=24},
	urldate = {2024-03-22},
year={2003},
	author = {{HCCH}},
}

@misc{hcch_guide_2003b,
	title = {Guide to Good Practice under the {Hague} Convention of 25 October 1980 on the Civil Aspects of International Child Abduction: Part {II} – Implementing Measures},
	url = {https://www.hcch.net/en/instruments/conventions/publications1/?dtid=3&cid=24},
	urldate = {2023-07-12},
year={2003},
	author = {{HCCH}},
}

@misc{hcch_guide_2005,
	title = {Guide to Good Practice under the {Hague} Convention of 25 October 1980 on the Civil Aspects of International Child Abduction: Part {III} - Preventive Measures},
	url = {https://www.hcch.net/en/instruments/conventions/publications1/?dtid=3&cid=24},
	urldate = {2023-07-12},
	author = {{HCCH}},
	year = {2005},
}

@misc{hcch_guide_2010,
	title = {Guide to Good Practice under the {Hague} Convention of 25 October 1980 on the Civil Aspects of International Child Abduction: Part {IV} - Enforcement},
	url = {https://www.hcch.net/en/instruments/conventions/publications1/?dtid=3&cid=24},
	urldate = {2023-07-12},
	author = {{HCCH}},
	year = {2010},
}

@misc{hcch_guide_2012,
	title = {Guide to Good Practice under the {Hague} Convention of 25 October 1980 on the Civil Aspects of International Child Abduction: Part {V} - Mediation},
	url = {https://www.hcch.net/en/instruments/conventions/publications1/?dtid=3&cid=24},
	urldate = {2023-07-12},
	author = {{HCCH}},
	year = {2012},
}

@article{iosifova_techniques_2020,
	title = {Techniques Comparison for Natural Language Processing},
	volume = {2631},
	url = {https://core.ac.uk/reader/328802590},
	number = {1},
	urldate = {2024-03-22},
	journal = {MoMLeT\&DS},
	author = {Iosifova, Olena and  Iosifov, Ievgen and Rolik, Oleksandr and Sokolov, Volodymyr},
	year = {2020},
	pages = {57--67},
}

@misc{kalyani_evaluation_2014,
	title = {Evaluation and Ranking of Machine Translated Output in Hindi Language using Precision and Recall Oriented Metrics},
	url = {http://arxiv.org/abs/1404.1847},
	doi = {10.48550/arXiv.1404.1847},
	urldate = {2024-03-22},
	publisher = {arXiv},
	author = {Kalyani, Aditi and Kumud, Hemant and Singh, Shashi Pal and Kumar, Ajai and Darbari, Hemant},
	month = apr,
	year = {2014},
	keywords = {Computer Science - Computation and Language},
}

@article{kimera_building_2022,
	title = {Building a Parallel Corpus and Training Translation Models Between Luganda and English},
	volume = {49},
	issn = {2383-630X, 2383-6296},
	url = {http://arxiv.org/abs/2301.02773},
	doi = {10.5626/JOK.2022.49.11.1009},
	number = {11},
	urldate = {2024-03-22},
	journal = {Journal of KIISE},
	author = {Kimera, Richard and Rim, Daniela N. and Choi, Heeyoul},
	month = nov,
	year = {2022},
	keywords = {Computer Science - Computation and Language},
	pages = {1009--1016},
}

@article{koglin_quality_2023,
	title = {Quality assessment of machine-translated post-edited subtitles: an analysis of Brazilian translators’ perceptions},
	volume = {22},
	copyright = {Copyright (c) 2023 Arlene Koglin, Willian Henrique Cândido  Moura, Morgana Aparecida de  Matos, João Gabriel Pereira da  Silveira},
	issn = {2295-5739},
	shorttitle = {Quality assessment of machine-translated post-edited subtitles},
	url = {https://lans-tts.uantwerpen.be/index.php/LANS-TTS/article/view/765},
	doi = {10.52034/lans-tts.v22i.765},
	urldate = {2024-03-22},
	journal = {Linguistica Antverpiensia, New Series – Themes in Translation Studies},
	author = {Koglin, Arlene and Moura, Willian Henrique Cândido and Matos, Morgana Aparecida de and Silveira, João Gabriel Pereira da},
	month = dec,
	year = {2023},
	keywords = {subtitling, Machine Translation, post-editing, audiovisual translation, acceptability},
}

@article{koponen_is_2016,
	title = {Is machine translation post-editing worth the effort? A survey of research into post-editing and effort},
	url = {https://www.phoenix3.ir/Article?id=34},
	urldate = {2024-03-22},
	journal = {The Journal of Specialised Translation},
	author = {Koponen, Maarit},
	year = {2016},
	pages = {131--148},
}

@inproceedings{lakew_comparison_2018,
	address = {Santa Fe, New Mexico, USA},
	title = {A Comparison of Transformer and Recurrent Neural Networks on Multilingual Neural Machine Translation},
	url = {https://aclanthology.org/C18-1054},
	urldate = {2024-03-22},
	booktitle = {Proceedings of the 27th International Conference on Computational Linguistics},
	publisher = {Association for Computational Linguistics},
	author = {Lakew, Surafel Melaku and Cettolo, Mauro and Federico, Marcello},
	editor = {Bender, Emily M. and Derczynski, Leon and Isabelle, Pierre},
	month = aug,
	year = {2018},
	pages = {641--652},
}

@book{ohagan_routledge_2019,
	address = {Abingdon, Oxon ; New York, NY : Routledge, 2020. {\textbar}},
	edition = {1},
	title = {The {Routledge} Handbook of Translation and Technology},
	isbn = {9781315311258},
	url = {https://www.taylorfrancis.com/books/9781315311241},
	urldate = {2024-03-22},
	publisher = {Routledge},
	editor = {O’Hagan, Minako},
	month = aug,
	year = {2019},
	doi = {10.4324/9781315311258},
}

@article{pena_aguilar_challenging_2023,
	title = {Challenging machine translation engines: Some Spanish-English linguistic problems put to the test},
	volume = {43},
	copyright = {Copyright (c) 2023 Cadernos de Tradução},
	issn = {2175-7968},
	shorttitle = {Challenging machine translation engines},
	url = {https://periodicos.ufsc.br/index.php/traducao/article/view/85397},
	doi = {10.5007/2175-7968.2023.e85397},
	number = {1},
	urldate = {2024-03-22},
	journal = {Cadernos de Tradução},
	author = {Peña Aguilar, Argelia},
	month = dec,
	year = {2023},
	pages = {1--26},
}

@inproceedings{perez-vera_hcch_1980,
	title = {{HCCH} {\textbar} Explanatory Report on the 1980 {HCCH} Child Abduction Convention},
	url = {https://www.hcch.net/en/publications-and-studies/details4/?pid=2779},
	urldate = {2024-03-22},
	booktitle = {Acts and Documents of the Fourteenth Session (1980), tome {III}, Child abduction},
	author = {Pérez-Vera, Elisa},
	year = {1980},
}

@incollection{pires_avaliacao_2020,
	address = {Campinas},
	title = {A avaliação de tradução automática na atuação do bacharel em {LEA}-{MSI}},
	booktitle = {Línguas Estrangeiras Aplicadas: trajetórias e possibilidades},
	publisher = {Pontes Editores},
	author = {Pires, Thiago Blanch},
	editor = {Pereira, Fernana Alencar},
	year = {2020},
	pages = {61--75},
}

@phdthesis{pires_ampliando_2017,
	address = {Brasília},
	type = {Tese de doutorado},
	title = {Ampliando olhares sobre a tradução automática online : um estudo exploratório de categorias de erros de máquina de tradução gerados em documentos multimodais},
	copyright = {Acesso Aberto},
	url = {http://repositorio2.unb.br/jspui/handle/10482/23727},
	urldate = {2024-03-22},
	school = {Universidade de Brasília},
	author = {Pires, Thiago Blanch},
	month = jun,
	year = {2017},
}

@misc{post_call_2018,
	title = {A Call for Clarity in Reporting BLEU Scores},
	url = {http://arxiv.org/abs/1804.08771},
	doi = {10.48550/arXiv.1804.08771},
	urldate = {2024-03-22},
	publisher = {arXiv},
	author = {Post, Matt},
	month = sep,
	year = {2018},
	keywords = {Computer Science - Computation and Language},
}

@misc{raffel_exploring_2020,
	title = {Exploring the Limits of Transfer Learning with a Unified Text-to-Text Transformer},
	url = {http://arxiv.org/abs/1910.10683},
	doi = {10.48550/arXiv.1910.10683},
	urldate = {2024-03-22},
	publisher = {arXiv},
	author = {Raffel, Colin and Shazeer, Noam and Roberts, Adam and Lee, Katherine and Narang, Sharan and Matena, Michael and Zhou, Yanqi and Li, Wei and Liu, Peter J.},
	month = sep,
	year = {2020},
	keywords = {Computer Science - Machine Learning, Computer Science - Computation and Language, Statistics - Machine Learning},
}

@article{tian_french--english_2022,
	series = {The 8th International Conference on Information Technology and Quantitative Management ({ITQM} 2020 \& 2021): Developing Global Digital Economy after {COVID}-19},
	title = {A French-to-English Machine Translation Model Using Transformer Network},
	volume = {199},
	issn = {1877-0509},
	url = {https://www.sciencedirect.com/science/article/pii/S1877050922001831},
	doi = {10.1016/j.procs.2022.01.182},
	urldate = {2024-03-22},
	journal = {Procedia Computer Science},
	author = {Tian, Taoling and Song, Chai and Ting, Jin and Huang, Hongyang},
	month = jan,
	year = {2022},
	keywords = {Transformer, attention, machine translation},
	pages = {1438--1443},
}

@misc{vaswani_attention_2017,
	title = {Attention Is All You Need},
	url = {http://arxiv.org/abs/1706.03762},
	doi = {10.48550/arXiv.1706.03762},
	urldate = {2024-03-22},
	publisher = {arXiv},
	author = {Vaswani, Ashish and Shazeer, Noam and Parmar, Niki and Uszkoreit, Jakob and Jones, Llion and Gomez, Aidan N. and Kaiser, Lukasz and Polosukhin, Illia},
	month = aug,
	year = {2017},
	keywords = {Computer Science - Computation and Language, Computer Science - Machine Learning},
}

@inproceedings{vilar_error_2006,
	address = {Genoa, Italy},
	title = {Error Analysis of Statistical Machine Translation Output},
	url = {http://www.lrec-conf.org/proceedings/lrec2006/pdf/413_pdf.pdf},
	urldate = {2024-03-22},
	booktitle = {Proceedings of the Fifth International Conference on Language Resources and Evaluation ({LREC}'06)},
	publisher = {European Language Resources Association (ELRA)},
	author = {Vilar, David and Xu, Jia and D'Haro, Luis Fernando and Ney, Hermann},
	editor = {Calzolari, Nicoletta and Choukri, Khalid and Gangemi, Aldo and Maegaard, Bente and Mariani, Joseph and Odijk, Jan and Tapias, Daniel},
	month = may,
	year = {2006},
}

@incollection{white_how_2003,
	address = {Amsterdam/Philadelphia},
	title = {How to evaluate machine translation},
	volume = {35},
	booktitle = {Computers and Translation: A translator’s guide},
	publisher = {John Benjamins Publishing},
	author = {White, J. S.},
	editor = {Somers, Harold},
	year = {2003},
	pages = {211--244},
}

@misc{wolf_huggingfaces_2020,
	title = {{HuggingFace}'s Transformers: State-of-the-art Natural Language Processing},
	shorttitle = {{HuggingFace}'s Transformers},
	url = {http://arxiv.org/abs/1910.03771},
	doi = {10.48550/arXiv.1910.03771},
	urldate = {2024-03-22},
	publisher = {arXiv},
	author = {Wolf, Thomas and Debut, Lysandre and Sanh, Victor and Chaumond, Julien and Delangue, Clement and Moi, Anthony and Cistac, Pierric and Rault, Tim and Louf, Rémi and Funtowicz, Morgan and Davison, Joe and Shleifer, Sam and von Platen, Patrick and Ma, Clara and Jernite, Yacine and Plu, Julien and Xu, Canwen and Scao, Teven Le and Gugger, Sylvain and Drame, Mariama and Lhoest, Quentin and Rush, Alexander M.},
	month = jul,
	year = {2020},
	keywords = {Computer Science - Computation and Language},
}

@misc{wu_googles_2016,
	title = {Google's Neural Machine Translation System: Bridging the Gap between Human and Machine Translation},
	shorttitle = {Google's Neural Machine Translation System},
	url = {http://arxiv.org/abs/1609.08144},
	doi = {10.48550/arXiv.1609.08144},
	urldate = {2024-03-22},
	publisher = {arXiv},
	author = {Wu, Yonghui and Schuster, Mike and Chen, Zhifeng and Le, Quoc V. and Norouzi, Mohammad and Macherey, Wolfgang and Krikun, Maxim and Cao, Yuan and Gao, Qin and Macherey, Klaus and Klingner, Jeff and Shah, Apurva and Johnson, Melvin and Liu, Xiaobing and Kaiser, Łukasz and Gouws, Stephan and Kato, Yoshikiyo and Kudo, Taku and Kazawa, Hideto and Stevens, Keith and Kurian, George and Patil, Nishant and Wang, Wei and Young, Cliff and Smith, Jason and Riesa, Jason and Rudnick, Alex and Vinyals, Oriol and Corrado, Greg and Hughes, Macduff and Dean, Jeffrey},
	month = oct,
	year = {2016},
	keywords = {Computer Science - Computation and Language, Computer Science - Artificial Intelligence, Computer Science - Machine Learning},
}
