@incollection{ure_lexical_1971,
    title         = {Lexical density and register differentiation},
    author        = {Ure, Jean},
    year          = {1971},
    booktitle     = {Applications of {Linguistics}: selected papers of the {Second} {International} {Congress} of {Applied} {Linguistics}},
    publisher     = {Cambridge University Press},
    address       = {Cambridge},
    pages         = {443--452},
    editor        = {Perren, George Ernest and Trim, John Leslie Melville},
}

@incollection{ure_register_1977,
    title         = {Register in descriptive linguistics and linguistic sociology},
    author        = {Ure, Jean and Ellis, Jeffrey},
    year          = {1977},
    booktitle     = {Issues in {Sociolinguistics}},
    publisher     = {Mouton},
    address       = {The Hague},
    pages         = {197--243},
    editor        = {Uribe-Villegas, Oscar},
}

@book{halliday_spoken_1985,
    title         = {Spoken and written language},
    author        = {Halliday, Michael Alexander Kirkwood},
    year          = {1985},
    publisher     = {Deakin University Press},
    address       = {Geelong},
    series        = {Language education},
}

@incollection{halliday_spoken_1987,
    title         = {Spoken and written modes of meaning},
    author        = {Halliday, Michael Alexander Kirkwood},
    year          = {1987},
    booktitle     = {Comprehending oral and written language},
    publisher     = {Academic Press},
    address       = {Orlando},
    pages         = {55--82},
    editor        = {Horowitz, Rosalind and Samuels, S. Jay},
}

@incollection{halliday_part_1989,
    title         = {Part {A}},
    author        = {Halliday, Michael Alexander Kirkwood},
    year          = {1989},
    booktitle     = {Language, context and text},
    publisher     = {Oxford University Press},
    address       = {Oxford},
    pages         = {3--49},
    edition       = {2},
    editor        = {Halliday, Michael Alexander Kirkwood and Hasan, Ruqaiya},
}

@incollection{halliday_grammatical_1993,
    title         = {Some Grammatical Problems in Scientific English},
    author        = {Halliday, Michael Alexander Kirkwood},
    year          = {1993},
    booktitle     = {Writing science: {Literacy} and discursive power},
    publisher     = {Routledge},
    address       = {London, New York},
    pages         = {76--94},
    editor        = {Halliday, Michael Alexander Kirkwood and Martin, Jim Robert},
}

@incollection{colombi_academic_2000,
    title         = {Academic language development in {Latino} student's writing},
    author        = {Colombi, Maria Cecilia},
    year          = {2000},
    booktitle     = {Developing advanced literacy in first and second languages},
    publisher     = {Lawrence Erlbaum Associates},
    address       = {Mahwah},
    pages         = {67--86},
    editor        = {Schleppegrell, Mary J. and Colombi, Maria Cecilia},
}

@book{gil_como_2002,
    title         = {Como elaborar projetos de pesquisa},
    author        = {Gil, Ant\^{o}nio Carlos},
    year          = {2002},
    publisher     = {Atlas},
    address       = {S\~{a}o Paulo},
    edition       = {4},
}

@incollection{halliday_spoken_2005,
    title         = {The spoken language corpus: {A} foundation for grammatical theory},
    author        = {Halliday, Michael Alexander Kirkwood},
    year          = {2005},
    booktitle     = {Computational and quantitative studies},
    publisher     = {Continuum},
    address       = {London; New York},
    pages         = {157--190},
    editor        = {Webster, Jonathan J.},
}

@book{dornyei_research_2007,
    title         = {Research methods in {Applied} {Linguistics}},
    author        = {D\"{o}rnyei, Zolt\'{a}n},
    year          = {2007},
    publisher     = {Oxford University Press},
    address       = {New York},
}

@article{johansson_lexical_2008,
    title         = {Lexical diversity and lexical density in speech and writing: a developmental perspective},
    author        = {Johansson, Victoria},
    year          = {2008},
    journal       = {Working Papers in Linguistics},
    volume        = {53},
    pages         = {61--79},
}

@book{read_assessing_2010,
    title         = {Assessing vocabulary},
    author        = {Read, John},
    year          = {2010},
    publisher     = {Cambridge University Press},
    address       = {Cambridge},
}

@book{nation_learning_2013,
    title         = {Learning vocabulary in another language},
    author        = {Nation, I.S. Paul},
    year          = {2013},
    publisher     = {Cambridge University Press},
    edition       = {2},
}

@book{halliday_introduction_2014,
    title         = {An {Introduction} to {Functional} {Grammar}},
    author        = {Halliday, Michael Alexander Kirkwood and Matthiessen, Christian Mathias Ingemar Martin},
    year          = {2014},
    publisher     = {Edward Arnold},
    address       = {London},
    edition       = {4},
}

@article{gregori-signes_analysing_2015,
    title         = {Analysing {Lexical} {Density} and {Lexical} {Diversity} in {University} {Students}' {Written} {Discourse}},
    author        = {Gregori-Signes, Carmen and Clavel-Arroitia, Bego\~{n}a},
    year          = {2015},
    month         = jul,
    journal       = {Procedia - Social and Behavioral Sciences},
    volume        = {198},
    pages         = {546--556},
    doi           = {10.1016/j.sbspro.2015.07.477},
    issn          = {18770428},
    url           = {https://linkinghub.elsevier.com/retrieve/pii/S187704281504478X},
    urldate       = {2023-11-21},
}

@article{kondal_effects_2015,
    title         = {Effects of lexical density and lexical variety in language performance and proficiency},
    author        = {Kondal, Bonala},
    year          = {2015},
    journal       = {International Journal of IT, Engineering and Applied Sciences Research (IJIEASR)},
    volume        = {4},
    number        = {10},
    pages         = {25--29},
}

@article{moohebat_identifying_2015,
    title         = {Identifying ISI-Indexed articles by their lexical usage: A text analysis approach},
    author        = {Moohebat, Mohammadreza and Raj, Ram Gopal and Kareem, Sameem Binti Abdul and Thorleuchter, Dirk},
    year          = {2015},
    month         = mar,
    journal       = {Journal of the Association for Information Science and Technology},
    volume        = {66},
    number        = {3},
    pages         = {501--511},
    doi           = {10.1002/asi.23194},
    issn          = {2330-1635, 2330-1643},
    url           = {https://asistdl.onlinelibrary.wiley.com/doi/10.1002/asi.23194},
    urldate       = {2023-11-21},
}

@article{martins_densidade_2017,
    title         = {Densidade lexical na escrita de textos escolares},
    author        = {Martins, M\'{a}rio},
    year          = {2017},
    month         = may,
    journal       = {Signum: Estudos da Linguagem},
    volume        = {20},
    number        = {1},
    pages         = {218},
    doi           = {10.5433/2237-4876.2017v20n1p218},
    issn          = {2237-4876},
    url           = {http://www.uel.br/revistas/uel/index.php/signum/article/view/25225},
    urldate       = {2023-11-21},
}

@article{gonzalez_fernandez_big_2018,
    title         = {Big data y corpus ling\"{u}\'{\i}sticos para el estudio de la densidad l\'{e}xica},
    author        = {Gonz\'{a}lez Fern\'{a}ndez, Adela},
    year          = {2018},
    journal       = {Skopos 9, 107-122 (2018)},
    issn          = {2255-3703},
    url           = {http://helvia.uco.es/xmlui/handle/10396/19125},
    urldate       = {2023-11-21},
    copyright     = {https://creativecommons.org/licenses/by/3.0/},
}

@article{nalesso_desarrollo_2018,
    title         = {El desarrollo de la competencia l\'{e}xica de estudiantes italianos universitarios de {ELE}},
    author        = {Nalesso, Giulia},
    year          = {2018},
    journal       = {Orillas: rivista d'ispanistica},
    number        = {7},
    pages         = {381--394},
    issn          = {2280-4390},
    url           = {https://dialnet.unirioja.es/servlet/articulo?codigo=7819128},
    urldate       = {2023-11-21},
}

@article{gehrmann_gltr:_2019,
    title         = {{GLTR}: {Statistical} {Detection} and {Visualization} of {Generated} {Text}},
    author        = {Gehrmann, Sebastian and Strobelt, Hendrik and Rush, Alexander M.},
    year          = {2019},
    doi           = {10.48550/ARXIV.1906.04043},
    url           = {https://arxiv.org/abs/1906.04043},
    urldate       = {2023-11-21},
    copyright     = {arXiv.org perpetual, non-exclusive license},
    keywords      = {Computation and Language (cs.CL), Artificial Intelligence (cs.AI), Human-Computer Interaction (cs.HC), Machine Learning (cs.LG), FOS: Computer and information sciences, FOS: Computer and information sciences},
}

@article{riffo_descripcion_2019,
    title         = {Descripci\'{o}n de la diversidad y densidad l\'{e}xicas en noticias escritas por estudiantes de periodismo},
    author        = {Riffo, Karina Fuentes and Osuna, Sergio Hern\'{a}ndez and Lagos, Pedro Salcedo},
    year          = {2019},
    month         = sep,
    journal       = {Revista Brasileira de Lingu\'{\i}stica Aplicada},
    volume        = {19},
    number        = {3},
    pages         = {499--528},
    doi           = {10.1590/1984-6398201914113},
    issn          = {1984-6398},
    url           = {http://www.scielo.br/scielo.php?script=sci\_arttext\&pid=S1984-63982019000300499\&tlng=es},
    urldate       = {2023-11-21},
}

@article{clavel-arroitia_analysing_2021,
    title         = {Analysing lexical density, diversity, and sophistication in written and spoken telecollaborative exchanges},
    author        = {Clavel-Arroitia, Beg\^{o}nia and Pennock-Speck, Barry},
    year          = {2021},
    journal       = {Computer Assisted Language Learning Electronic Journal (CALL-EJ)},
    volume        = {22},
    number        = {3},
    pages         = {230--250},
    url           = {http://callej.org/journal/22-3/Clavel-Speck2021.pdf},
    urldate       = {2023-06-23},
}

@article{dale_gpt-3:_2021,
    title         = {{GPT}-3: {What}'s it good for?},
    shorttitle    = {{GPT}-3},
    author        = {Dale, Robert},
    year          = {2021},
    month         = jan,
    journal       = {Natural Language Engineering},
    volume        = {27},
    number        = {1},
    pages         = {113--118},
    doi           = {10.1017/S1351324920000601},
    issn          = {1351-3249, 1469-8110},
    url           = {https://www.cambridge.org/core/product/identifier/S1351324920000601/type/journal\_article},
    urldate       = {2023-11-21},
}

@article{dehouche_plagiarism_2021,
    title         = {Plagiarism in the age of massive {Generative} {Pre}-trained {Transformers} ({GPT}-3)},
    author        = {Dehouche, N},
    year          = {2021},
    month         = mar,
    journal       = {Ethics in Science and Environmental Politics},
    volume        = {21},
    pages         = {17--23},
    doi           = {10.3354/esep00195},
    issn          = {1863-5415, 1611-8014},
    url           = {https://www.int-res.com/abstracts/esep/v21/p17-23/},
    urldate       = {2023-11-21},
}

@article{frohling_feature-based_2021,
    title         = {Feature-based detection of automated language models: tackling {GPT}-2, {GPT}-3 and {Grover}},
    shorttitle    = {Feature-based detection of automated language models},
    author        = {Fr\"{o}hling, Leon and Zubiaga, Arkaitz},
    year          = {2021},
    month         = apr,
    journal       = {PeerJ Computer Science},
    volume        = {7},
    pages         = {e443},
    doi           = {10.7717/peerj-cs.443},
    issn          = {2376-5992},
    url           = {https://peerj.com/articles/cs-443},
    urldate       = {2023-11-21},
}

@article{nasseri_lexical_2021,
    title         = {Lexical density and diversity in dissertation abstracts: {Revisiting} {English} {L1} vs. {L2} text differences},
    shorttitle    = {Lexical density and diversity in dissertation abstracts},
    author        = {Nasseri, Maryam and Thompson, Paul},
    year          = {2021},
    month         = jan,
    journal       = {Assessing Writing},
    volume        = {47},
    pages         = {100511},
    doi           = {10.1016/j.asw.2020.100511},
    issn          = {10752935},
    url           = {https://linkinghub.elsevier.com/retrieve/pii/S1075293520300726},
    urldate       = {2023-11-21},
}

@article{schnur_lexical_2021,
    title         = {Lexical complexity, writing proficiency and task effects in {Spanish} {Dual} {Language} {Immersion}},
    author        = {Schnur, Erin and Rubio, Fernando},
    year          = {2021},
    month         = feb,
    journal       = {Language Learning \& Technology},
    volume        = {25},
    number        = {1},
    pages         = {53--72},
    issn          = {1094-3501},
    url           = {http://hdl.handle.net/10125/73425},
    urldate       = {2023-11-21},
}

@article{kembaren_exploring_2022,
    title         = {Exploring {Lexical} {Density} in the {New} {York} {Times}},
    author        = {Kembaren, Farida Repelita and Aswani, Ade Novira},
    year          = {2022},
    month         = nov,
    journal       = {ELLITE: Journal of English Language, Literature, and Teaching},
    volume        = {7},
    number        = {2},
    pages         = {109--119},
    doi           = {10.32528/ellite.v7i2.8795},
    issn          = {25280066, 25274120},
    url           = {http://jurnal.unmuhjember.ac.id/index.php/ELLITE/article/view/8795},
    urldate       = {2023-11-21},
}

@article{anderson_ai_2023,
    title         = {{AI} did not write this manuscript, or did it? {Can} we trick the {AI} text detector into generated texts? {The} potential future of {ChatGPT} and {AI} in {Sports} \&amp; {Exercise} {Medicine} manuscript generation},
    shorttitle    = {{AI} did not write this manuscript, or did it?},
    author        = {Anderson, Nash and Belavy, Daniel L. and Perle, Stephen M. and Hendricks, Sharief and Hespanhol, Luiz and Verhagen, Evert and Memon, Aamir R.},
    year          = {2023},
    month         = feb,
    journal       = {BMJ Open Sport \& Exercise Medicine},
    volume        = {9},
    number        = {1},
    pages         = {e001568},
    doi           = {10.1136/bmjsem-2023-001568},
    issn          = {2055-7647},
    url           = {https://bmjopensem.bmj.com/content/9/1/e001568},
    urldate       = {2023-11-21},
    copyright     = {\textcopyright{} Author(s) (or their employer(s)) 2023. Re-use permitted under CC BY-NC. No commercial re-use. See rights and permissions. Published by BMJ.. http://creativecommons.org/licenses/by-nc/4.0/This is an open access article distributed in accordance with the Creative Commons Attribution Non Commercial (CC BY-NC 4.0) license, which permits others to distribute, remix, adapt, build upon this work non-commercially, and license their derivative works on different terms, provided the original work is properly cited, appropriate credit is given, any changes made indicated, and the use is non-commercial. See:~http://creativecommons.org/licenses/by-nc/4.0/.},
    keywords      = {Sports, Sports \& exercise medicine, Research, Position statement, Medical Ethics},
}

@article{kasneci_chatgpt_2023,
    title         = {{ChatGPT} for good? {On} opportunities and challenges of large language models for education},
    shorttitle    = {{ChatGPT} for good?},
    author        = {Kasneci, Enkelejda and Sessler, Kathrin and K\"{u}chemann, Stefan and Bannert, Maria and Dementieva, Daryna and Fischer, Frank and Gasser, Urs and Groh, Georg and G\"{u}nnemann, Stephan and H\"{u}llermeier, Eyke and Krusche, Stephan and Kutyniok, Gitta and Michaeli, Tilman and Nerdel, Claudia and Pfeffer, J\"{u}rgen and Poquet, Oleksandra and Sailer, Michael and Schmidt, Albrecht and Seidel, Tina and Stadler, Matthias and Weller, Jochen and Kuhn, Jochen and Kasneci, Gjergji},
    year          = {2023},
    month         = apr,
    journal       = {Learning and Individual Differences},
    volume        = {103},
    pages         = {102274},
    doi           = {10.1016/j.lindif.2023.102274},
    issn          = {10416080},
    url           = {https://linkinghub.elsevier.com/retrieve/pii/S1041608023000195},
    urldate       = {2023-11-21},
}

@article{king_conversation_2023,
    title         = {A {Conversation} on {Artificial} {Intelligence}, {Chatbots}, and {Plagiarism} in {Higher} {Education}},
    author        = {King, Michael R. and {chatGPT}},
    year          = {2023},
    month         = feb,
    journal       = {Cellular and Molecular Bioengineering},
    volume        = {16},
    number        = {1},
    pages         = {1--2},
    doi           = {10.1007/s12195-022-00754-8},
    issn          = {1865-5025, 1865-5033},
    url           = {https://link.springer.com/10.1007/s12195-022-00754-8},
    urldate       = {2023-11-21},
}

@article{kumar_analysis_2023,
    title         = {Analysis of {ChatGPT} {Tool} to {Assess} the {Potential} of its {Utility} for {Academic} {Writing} in {Biomedical} {Domain}},
    author        = {Kumar, Arun},
    year          = {2023},
    month         = jan,
    journal       = {Biology, Engineering, Medicine and Science Reports},
    volume        = {9},
    number        = {1},
    pages         = {24--30},
    doi           = {10.5530/bems.9.1.5},
    issn          = {24546895},
    url           = {https://www.bemsreports.org/index.php/bems/article/view/132},
    urldate       = {2023-11-21},
}

@article{lancaster_artificial_2023,
    title         = {Artificial intelligence, text generation tools and {ChatGPT} – does digital watermarking offer a solution?},
    author        = {Lancaster, Thomas},
    year          = {2023},
    month         = jun,
    journal       = {International Journal for Educational Integrity},
    volume        = {19},
    number        = {1},
    pages         = {10},
    doi           = {10.1007/s40979-023-00131-6},
    issn          = {1833-2595},
    url           = {https://edintegrity.biomedcentral.com/articles/10.1007/s40979-023-00131-6},
    urldate       = {2023-11-21},
}

@article{mitrovic_chatgpt_2023,
    title         = {{ChatGPT} or {Human}? {Detect} and {Explain}. {Explaining} {Decisions} of {Machine} {Learning} {Model} for {Detecting} {Short} {ChatGPT}-generated {Text}},
    shorttitle    = {{ChatGPT} or {Human}?},
    author        = {Mitrovi\'{c}, Sandra and Andreoletti, Davide and Ayoub, Omran},
    year          = {2023},
    journal       = {arXiv:2301.13852v1 [cs.CL]},
    doi           = {10.48550/ARXIV.2301.13852},
    url           = {https://arxiv.org/abs/2301.13852},
    urldate       = {2023-11-21},
    copyright     = {Creative Commons Zero v1.0 Universal},
    keywords      = {Computation and Language (cs.CL), Machine Learning (cs.LG), FOS: Computer and information sciences, FOS: Computer and information sciences},
}

@techreport{ramos_inteligencia_2023,
    title         = {Intelig\^{e}ncia {Artificial} {Generativa} baseada em grandes modelos de linguagem - ferramentas de uso na pesquisa acad\^{e}mica},
    author        = {Ramos, Anat\'{a}lia Saraiva Martins},
    year          = {2023},
    month         = may,
    doi           = {10.1590/SciELOPreprints.6105},
    url           = {https://preprints.scielo.org/index.php/scielo/preprint/view/6105/version/6463},
    urldate       = {2023-11-21},
    type          = {preprint},
}

@article{rospigliosi_artificial_2023,
    title         = {Artificial intelligence in teaching and learning: what questions should we ask of {ChatGPT}?},
    shorttitle    = {Artificial intelligence in teaching and learning},
    author        = {Rospigliosi, Pericles `Asher'},
    year          = {2023},
    month         = jan,
    journal       = {Interactive Learning Environments},
    volume        = {31},
    number        = {1},
    pages         = {1--3},
    doi           = {10.1080/10494820.2023.2180191},
    issn          = {1049-4820, 1744-5191},
    url           = {https://www.tandfonline.com/doi/full/10.1080/10494820.2023.2180191},
    urldate       = {2023-11-21},
}
