@book{vygotskii_mind_1978,
    title         = {Mind in society: the development of higher psychological processes},
    author        = {Vygotskii\u, L. S. and Cole, Michael},
    year          = {1978},
    publisher     = {Harvard University Press},
    address       = {Cambridge},
    isbn          = {9780674576285},
    keywords      = {Cognition, Cognition in children},
}

@incollection{wittrock_paradigms_1986,
    title         = {Paradigms and {Research} {Programs} in the {Study} of {Teaching}: {A} {Contemporary} {Perspective}},
    author        = {Shulman, L.},
    year          = {1986},
    booktitle     = {Handbook of {Research} in {Teaching}},
    publisher     = {Macmillan},
    address       = {New York},
    pages         = {3--36},
    isbn          = {9780029003107},
    edition       = {3rd ed},
    editor        = {Wittrock, M. C.},
    keywords      = {Education, Research, United States},
}

@book{national_research_council_read_1999,
    title         = {Read "{Being} {Fluent} with {Information} {Technology}" at {NAP}.edu},
    author        = {{National Research Council} and {Computer Science and Telecommunications Board} and {Committee on Information Technology Literacy}},
    year          = {1999},
    publisher     = {National Science Foundation, Washington, DC},
    doi           = {10.17226/6482},
    url           = {https://www.nap.edu/read/6482/chapter/1},
    urldate       = {2023-08-14},
}

@article{koehler_what_2009,
    title         = {What is {Technological} {Pedagogical} {Content} {Knowledge}?},
    author        = {Koehler, Matthew J. and Mishra, Punya and Cain, William},
    year          = {2009},
    journal       = {Contemporary Issues in Technology and Teacher Education},
    volume        = {9(1)},
    number        = {3},
    pages         = {60--70},
}

@article{ahmadi_use_2018,
    title         = {The {Use} of {Technology} in {English} {Language} {Learning}: {A} {Literature} {Review}},
    author        = {Ahmadi, Dr. Mohammad Reza},
    year          = {2018},
    month         = jun,
    journal       = {International Journal of Research in English Education},
    volume        = {3},
    number        = {2},
    pages         = {115--125},
    doi           = {10.29252/ijree.3.2.115},
}

@article{hannah_inclusive_2020,
    title         = {Inclusive {Infrastructure}: {Digital} {Scholarship} {Centers} and the {Academic} {Library} {Liaison}},
    shorttitle    = {Inclusive {Infrastructure}},
    author        = {Hannah, Matthew and Heyns, Erla P. and Mulligan, Rikk},
    year          = {2020},
    journal       = {portal: Libraries and the Academy},
    volume        = {20},
    number        = {4},
    pages         = {693--714},
    doi           = {10.1353/pla.2020.0033},
    issn          = {1530-7131},
    url           = {https://muse.jhu.edu/article/766316},
    urldate       = {2023-08-14},
    language      = {en},
}

@article{abdulrahaman_multimedia_2020,
    title         = {Multimedia tools in the teaching and learning processes: {A} systematic review},
    author        = {Abdulrahaman, M.D. and Faruk, N. and Oloyede, A.A. and Surajudeen-Bakinde, N.T. and Olawoyin, L.A. and Mejabi, O.V. and Imam-Fulani, Y.O. and Fahm, A.O. and Azeez, A.L.},
    year          = {2020},
    month         = nov,
    journal       = {Heliyon},
    volume        = {6},
    number        = {11},
    pages         = {e05312},
    doi           = {10.1016/j.heliyon.2020.e05312},
}

@article{hall_first_2020,
    title         = {The first principles of instruction: an examination of their impact on preservice teachers' {TPACK}},
    author        = {Hall, Jacob A. and Lei, Jing and Wang, Qiu},
    year          = {2020},
    month         = dec,
    journal       = {Educational Technology Research and Development},
    volume        = {68},
    number        = {6},
    pages         = {3115--3142},
    doi           = {10.1007/s11423-020-09866-2},
    url           = {http://link.springer.com/10.1007/s11423-020-09866-2},
}

@article{oner_virtual_2020,
    title         = {A virtual internship for developing technological pedagogical content knowledge},
    author        = {Oner, Diler},
    year          = {2020},
    month         = jan,
    journal       = {Australasian Journal of Educational Technology},
    volume        = {36},
    number        = {2},
    pages         = {27--42},
    doi           = {10.14742/ajet.5192},
    url           = {https://ajet.org.au/index.php/AJET/article/view/5192},
}

@article{saubern_describing_2020,
    title         = {Describing increasing proficiency in teachers' knowledge of the effective use of digital technology},
    author        = {Saubern, Ralph and Urbach, Daniel and Koehler, Matthew and Phillips, Michael},
    year          = {2020},
    month         = apr,
    journal       = {Computers \& Education},
    volume        = {147},
    pages         = {103784},
    doi           = {10.1016/j.compedu.2019.103784},
    url           = {https://linkinghub.elsevier.com/retrieve/pii/S0360131519303343},
}

@article{gomez-trigueros_digital_2021,
    title         = {The {Digital} {Gender} {Gap} in {Teacher} {Education}: {The} {TPACK} {Framework} for the 21st {Century}},
    author        = {G\'{o}mez-Trigueros, Isabel and Y\'{a}\~{n}ez De Aldecoa, Cristina},
    year          = {2021},
    month         = oct,
    journal       = {European Journal of Investigation in Health, Psychology and Education},
    volume        = {11},
    number        = {4},
    pages         = {1333--1349},
    doi           = {10.3390/ejihpe11040097},
    url           = {https://www.mdpi.com/2254-9625/11/4/97},
}

@article{hartono_language:_2021,
    title         = {Language: a `mirror' of the culture and its application {English} language teaching},
    author        = {Hartono, Hartono and Suparto, Suparto and Hassan, Ahdi},
    year          = {2021},
    month         = jun,
    journal       = {Linguistics and Culture Review},
    volume        = {5},
    number        = {1},
    pages         = {93--103},
    doi           = {10.21744/lingcure.v5n1.835},
    urldate       = {2023-08-06},
}

@article{kumar_analyzing_2021,
    title         = {Analyzing multimedia tools and language teaching},
    author        = {Kumar, Tribhuwan and Malabar, Sayama and Benyo, Ahmed and Amal, Bakhrul Khair},
    year          = {2021},
    month         = aug,
    journal       = {Linguistics and Culture Review},
    volume        = {5},
    number        = {S1},
    pages         = {331--341},
    doi           = {10.21744/lingcure.v5nS1.1400},
    url           = {https://lingcure.org/index.php/journal/article/view/1400},
}

@article{yeh_toward_2021,
    title         = {Toward a framework that connects individual {TPACK} and collective {TPACK}: {A} systematic review of {TPACK} studies investigating teacher collaborative discourse in the learning by design process},
    author        = {Yeh, Yi-Fen and Chan, Kennedy Kam Ho and Hsu, Ying-Shao},
    year          = {2021},
    month         = oct,
    journal       = {Computers \& Education},
    volume        = {171},
    pages         = {104238},
    doi           = {10.1016/j.compedu.2021.104238},
    url           = {https://linkinghub.elsevier.com/retrieve/pii/S0360131521001159},
}

@article{andriany2022analysis,
    title         = {An Analysis of EFL Teachers' Perceptions on the Integration of TPACK in Teaching English at SMA-Man in Solok},
    author        = {Andriany, Yolanda and Adnan, Aryuliva},
    year          = {2022},
    journal       = {Journal of English Language Teaching},
    volume        = {11},
    number        = {2},
    pages         = {304--313},
}

@article{al-awawdeh_foreign_2022,
    title         = {Foreign {Languages} {E}-{Learning} {Assessment} {Efficiency} and {Content} {Access} {Effectiveness} {During} {Corona} {Pandemic} in {University} {Context}},
    author        = {Al-Awawdeh, Nabil and Kalsoom, Tahira},
    year          = {2022},
    month         = sep,
    journal       = {Theory and Practice in Language Studies},
    volume        = {12},
    number        = {10},
    pages         = {2124--2132},
    doi           = {10.17507/tpls.1210.20},
    url           = {https://tpls.academypublication.com/index.php/tpls/article/view/4776},
}

@article{lyublinskaya_analysis_2022,
    title         = {Analysis of {Differences} in the {Levels} of {TPACK}: {Unpacking} {Performance} {Indicators} in the {TPACK} {Levels} {Rubric}},
    author        = {Lyublinskaya, Irina and Kaplon-Schilis, Aleksandra},
    year          = {2022},
    month         = jan,
    journal       = {Education Sciences},
    volume        = {12},
    number        = {2},
    pages         = {79--99},
    doi           = {10.3390/educsci12020079},
    url           = {https://www.mdpi.com/2227-7102/12/2/79},
}
