@incollection{bourdieu1986forms,
    title         = {The forms of capital},
    author        = {Bourdieu, Pierre},
    year          = {1986},
    booktitle     = {Handbook of Theory and Research for the Sociology of Education},
    publisher     = {Greenwood},
    address       = {Westport},
    pages         = {241--258},
    editor        = {Richardson, J.},
}

@book{kapferer1993boatos,
    title         = {Boatos: o mais antigo m{\'\i}dia do mundo},
    author        = {Kapferer, Jean-Noel},
    year          = {1993},
    publisher     = {Forense Universit{\'a}ria},
    address       = {Rio de Janeiro},
}

@article{pinto_fontes_2000,
    title         = {Fontes jornal\'{\i}sticas: contributos para o mapeamento do campo.  {Comunica\c{c}\~{a}o} e {Sociedade} 2},
    author        = {Pinto, Manuel},
    year          = {2000},
    journal       = {Cadernos do Noroeste, S\'{e}rie Comunica\c{c}\~{a}o},
    volume        = {14},
    pages         = {277--294},
}

@book{davenport_attention_2001,
    title         = {The attention economy: understanding the new currency of business},
    author        = {Davenport, Thomas H. and Beck, John C.},
    year          = {2001},
    publisher     = {Harvard Business School Press},
    address       = {Boston},
}

@book{camponez2002jornalismo,
    title         = {Jornalismo de proximidade: rituais de comunica{\c{c}}{\~a}o na imprensa regional},
    author        = {Camponez, Carlos},
    year          = {2002},
    publisher     = {Minerva},
    address       = {Coimbra},
}

@book{coelho_tv_2003,
    title         = {A {TV} de proximidade e os novos desafios do espac\co pu\'blico: um estudo sobre a situac\ca\~o portuguesa},
    author        = {Coelho, Pedro},
    year          = {2003},
    publisher     = {Disserta\c{c}\~{a}o de mestrado - Faculdade de Ci\^{e}ncias Sociais e Humanas, Universidade de Lisboa, Lisboa},
    address       = {Lisboa},
}

@book{surowiecki_wisdom_2005,
    title         = {The wisdom of crowds},
    author        = {Surowiecki, James},
    year          = {2005},
    publisher     = {Anchor Books},
    address       = {New York},
}

@article{boyd_social_2007,
    title         = {Social {Network} {Sites}: {Definition}, {History}, and {Scholarship}},
    shorttitle    = {Social {Network} {Sites}},
    author        = {Boyd, Danah M. and Ellison, Nicole B.},
    year          = {2007},
    month         = oct,
    journal       = {Journal of Computer-Mediated Communication},
    volume        = {13},
    number        = {1},
    pages         = {210--230},
    doi           = {10.1111/j.1083-6101.2007.00393.x},
    issn          = {10836101},
    url           = {https://academic.oup.com/jcmc/article/13/1/210-230/4583062},
    language      = {en},
}

@book{lopez_garcia_ciberperiodismo_2008,
    title         = {Ciberperiodismo en la proximidad},
    author        = {L\'{o}pez Garc\'{\i}a, Xos\'{e}},
    year          = {2008},
    publisher     = {Comunicaci\'{o}n Social},
    address       = {Sevilla},
    series        = {Colecci\'{o}n {Period\'{\i}stica}},
    number        = {25},
    isbn          = {9788496082724},
    edition       = {1. ed},
    language      = {spa},
}

@incollection{recuero2009redes,
    title         = {Redes sociais na internet, difus{\~a}o de informa{\c{c}}{\~a}o e jornalismo: elementos para discuss{\~a}o},
    author        = {Recuero, Raquel},
    year          = {2009},
    booktitle     = {Metamorfoses Jornal\'{\i}sticas 2: a reconfigura\c{c}\~{a}o da forma},
    publisher     = {Editora UNISC},
    address       = {Santa Cruz do Sul},
    volume        = {2},
    pages         = {1--269},
    editor        = {Soster, Dem\'{e}trio and Firmino, Fernando},
}

@book{dominique2010informar,
    title         = {Informar n{\~a}o {\'e} comunicar},
    author        = {Wolton, Dominique},
    year          = {2010},
    publisher     = {Sulina},
    address       = {Porto Alegre},
}

@article{sampaio2011internet,
    title         = {Internet como esfera p{\'u}blica? An{\'a}lise de usos e repercuss{\~o}es reais das discuss{\~o}es virtuais},
    author        = {SAMPAIO, Rafael C and BARROS, Chilani TG},
    year          = {2011},
    journal       = {Estudos em Comunica{\c{c}}{\~a}o/Communication Studies},
    number        = {9},
    pages         = {161--183},
}

@article{bruns_gatekeeping_2011,
    title         = {Gatekeeping, gatewatching, realimenta\c{c}\~{a}o em tempo real: novos desafios para o {Jornalismo}},
    shorttitle    = {Gatekeeping, gatewatching, realimenta\c{c}\~{a}o em tempo real},
    author        = {Bruns, Axel},
    year          = {2011},
    month         = dec,
    journal       = {Brazilian Journalism Research},
    volume        = {7},
    number        = {2},
    pages         = {119--140},
    doi           = {10.25200/BJR.v7n2.2011.342},
    issn          = {1981-9854, 1808-4079},
    url           = {https://bjr.sbpjor.org.br/bjr/article/view/342},
}

@book{pariser2012filtro,
    title         = {O filtro invis{\'\i}vel: o que a internet est{\'a} escondendo de voc{\^e}},
    author        = {Pariser, Eli},
    year          = {2012},
    publisher     = {Editora Zahar},
    address       = {Rio de Janeiro},
}

@book{castells_sociedade_2012,
    title         = {A  sociedade em rede - a era da informa\c{c}\~{a}o: economia, sociedade e cultura.},
    author        = {Castells, Manuel},
    year          = {2012},
    publisher     = {Gulbekian},
    address       = {Lisboa},
    volume        = {1},
}

@incollection{jeronimo2013jornalismo,
    title         = {Jornalismo de proximidade em mobilidade},
    author        = {Jer{\'o}nimo, Pedro},
    year          = {2013},
    booktitle     = {Not{\'\i}cias e Mobilidade: o jornalismo, na era dos dispositivos m{\'o}veis},
    publisher     = {LabCom Books},
    address       = {Covilh\~{a}},
    pages         = {363--396},
    editor        = {Canavilhas, Jo\~{a}o},
}

@book{correia2014agenda,
    title         = {Agenda dos Cidad{\~a}os: jornalismo e participa{\c{c}}{\~a}o c{\'\i}vica nos media portugueses mem{\'o}ria de um projeto},
    author        = {Correia, Jo{\~a}o Carlos},
    year          = {2014},
    publisher     = {Livros Labcom},
    address       = {Covilh\~{a}},
}

@book{hidman2015,
    title         = {Stickier news: What Newspapers Don't Know About Web Traffic Has Hurt Them Badly â€“ But There Is a Better Way},
    author        = {Hidman, Matthew},
    year          = {2015},
    publisher     = {Shorenstein Center on Media, Politics and Public Policy},
    address       = {Cambridge},
}

@book{bentes_midia-multidao:_2015,
    title         = {Mi\'dia-multida\~o: este\'ticas da comunicac\ca\~o e biopoli\'ticas},
    author        = {Bentes, Ivana},
    year          = {2015},
    publisher     = {Mauad X},
    address       = {Rio de Janeiro},
    isbn          = {9788574787916},
}

@book{jeronimo2015ciberjornalismo,
    title         = {Ciberjornalismo de proximidade: reda\c{c}\~{o}es, jornalistas e not\'{\i}cias online},
    author        = {Jer{\'o}nimo, Pedro},
    year          = {2015},
    publisher     = {Editora Labcom},
    address       = {Covilh\~{a}},
}

@article{heinderyckx_reformed_2016,
    title         = {Reformed gatekeeping},
    author        = {Heinderyckx, Fran\c{c}ois and Vos, Tim},
    year          = {2016},
    journal       = {CM: Communication and Media},
    volume        = {11},
    number        = {38},
    pages         = {29--46},
    doi           = {10.5937/comman11-10306},
    issn          = {2466-541X},
    url           = {http://scindeks.ceon.rs/Article.aspx?artid=2466-541X1636029H},
    language      = {en},
}

@article{zuckerman2017fake,
    title         = {Fake news is a red herring},
    author        = {Zuckerman, Ethan},
    year          = {2017},
    journal       = {Deutsche Welle},
    volume        = {25},
    number        = {01},
    url           = {https://www.dw.com/en/fake-news-is-a-red-herring/a-37269377},
    urldate       = {2020-10-28},
}

@inproceedings{recuero2017midia,
    title         = {M{\'\i}dia social e filtros-bolha nas conversa{\c{c}}{\~o}es pol{\'\i}ticas no Twitter},
    author        = {Recuero, Raquel and Zago, Gabriela da Silva and Soares, Felipe Bonow},
    year          = {2017},
    booktitle     = {XXVI ENCONTRO ANUAL DA COMP\'{O}S. Anais...},
    publisher     = {Associa\c{c}\~{a}o Nacional de Programas de P\'{o}s-Gradua\c{c}\~{a}o em Comunica\c{c}\~{a}o},
    address       = {S\~{a}o Paulo},
    url           = {https://lume.ufrgs.br/handle/10183/166193},
    urldate       = {2022-08-28},
}

@book{recuero2017introduccao,
    title         = {Introdu{\c{c}}{\~a}o {\`a} an{\'a}lise de redes sociais online},
    author        = {Recuero, Raquel},
    year          = {2017},
    publisher     = {EDUFBA},
    address       = {Santa Cruz do Sul},
    url           = {http://repositorio.ufba.br/ri/handle/ri/24759},
    urldate       = {2022-08-28},
}

@article{bakir_fake_2018,
    title         = {Fake {News} and {The} {Economy} of {Emotions}: {Problems}, causes, solutions},
    author        = {Bakir, Vian and McStay, Andrew},
    year          = {2017},
    journal       = {Digital Journalism},
    volume        = {6},
    number        = {2},
    pages         = {154--175},
    doi           = {10.1080/21670811.2017.1345645},
    url           = {https://www.tandfonline.com/doi/full/10.1080/21670811.2017.1345645},
}

@article{rieder2018examinando,
    title         = {Examinando uma t{\'e}cnica algor{\'\i}tmica: o classificador de bayes como uma leitura interessada da realidade},
    author        = {Rieder, Bernhard},
    year          = {2018},
    journal       = {Par{\'a}grafo},
    volume        = {6},
    number        = {1},
    pages         = {123--142},
}

@article{vosoughi_spread_2018,
    title         = {The spread of true and false news online},
    author        = {Vosoughi, Soroush and Roy, Deb and Aral, Sinan},
    year          = {2018},
    month         = mar,
    journal       = {Science},
    volume        = {359},
    number        = {6380},
    pages         = {1146--1151},
    doi           = {10.1126/science.aap9559},
    issn          = {0036-8075, 1095-9203},
    url           = {https://www.science.org/doi/10.1126/science.aap9559},
}

@article{tandoc_defining_2018,
    title         = {Defining ``{Fake} {News}'': {A} typology of scholarly definitions},
    shorttitle    = {Defining ``{Fake} {News}''},
    author        = {Tandoc, Edson C. and Lim, Zheng Wei and Ling, Richard},
    year          = {2018},
    journal       = {Digital Journalism},
    volume        = {6},
    number        = {2},
    pages         = {137--153},
    doi           = {10.1080/21670811.2017.1360143},
    url           = {https://www.tandfonline.com/doi/full/10.1080/21670811.2017.1360143},
}

@inproceedings{kim_leveraging_2018,
    title         = {Leveraging the {Crowd} to {Detect} and {Reduce} the {Spread} of {Fake} {News} and {Misinformation}},
    author        = {Kim, Jooyeon and Tabibian, Behzad and Oh, Alice and Sch\"{o}lkopf, Bernhard and Gomez-Rodriguez, Manuel},
    year          = {2018},
    month         = feb,
    booktitle     = {Proceedings of the {Eleventh} {ACM} {International} {Conference} on {Web} {Search} and {Data} {Mining}},
    publisher     = {Association for Computing Machinery},
    address       = {Marina Del Rey CA USA},
    pages         = {324--332},
    doi           = {10.1145/3159652.3159734},
    isbn          = {9781450355810},
    url           = {https://dl.acm.org/doi/10.1145/3159652.3159734},
}

@article{delmazo_fake_2018,
    title         = {Fake news nas redes sociais online: propagac\c\~{a}o e rea\c{c}\~{o}es \`{a} desinformac\c\~{a}o em busca de cliques},
    shorttitle    = {Fake news nas redes sociais online},
    author        = {Delmazo, Caroline and Valente, Jonas C. L.},
    year          = {2018},
    month         = may,
    journal       = {Media \& Jornalismo},
    volume        = {18},
    number        = {32},
    pages         = {155--169},
    doi           = {10.14195/2183-5462\_32\_11},
    issn          = {2183-5462, 1645-5681},
    url           = {https://impactum-journals.uc.pt/mj/article/view/2183-5462\_32\_11},
}

@book{abernathy_expanding_2018,
    title         = {The expanding news desert},
    author        = {Abernathy, Penelope},
    year          = {2018},
    publisher     = {Center for innovation and sustainability in local media},
    address       = {University of North Carolina},
    url           = {https://www.cislm.org/wp-content/uploads/2018/10/The-Expanding-News-Desert-10\_14-Web.pdf},
    urldate       = {2020-08-08},
}

@incollection{ireton2019,
    title         = {Introdu\c{c}\~{a}o},
    author        = {Ireton, Cherilyn and Posetti, Julie},
    year          = {2019},
    booktitle     = {Jornalismo, ``Fake News'' e Desinforma\c{c}\~{a}o: Manual para Educa\c{c}\~{a}o e Treinamento em Jornalismo},
    publisher     = {Unesco},
    address       = {Paris},
    pages         = {15--26},
    editor        = {Ireton, C. and Posetti, Julie},
}

@article{bell2019,
    title         = {Facebook to crowdsource fact checking to users with ``diverse viewpoints''},
    author        = {Bell, Karissa},
    year          = {2019},
    journal       = {Mashable},
    url           = {https://mashable.com/article/facebook-hire-contractors-diverse-viewpoints-for-fact-checking-help},
    urldate       = {2022-08-08},
}

@incollection{wardle_reflexao_2019,
    title         = {Reflex\~{a}o sobre a ``desordem da informa\c{c}\~{a}o'': formatos da informa\c{c}\~{a}o incorreta, desinforma\c{c}\~{a}o e m\'{a} informa\c{c}\~{a}o},
    author        = {Wardle, Claire  and Derakhshan, Hossein},
    year          = {2019},
    booktitle     = {Jornalismo, ``{Fake} {News}'' e {Desinforma\c{c}\~{a}o}: {Manual} para {Educa\c{c}\~{a}o} e {Treinamento} em {Jornalismo}},
    publisher     = {Unesco},
    address       = {Paris},
    pages         = {46--58},
    url           = {https://unesdoc.unesco.org/ark:/48223/pf0000368647},
    urldate       = {2020-05-28},
    editor        = {Ireton, C. and Posetti, J.},
}

@article{pennycook_fighting_2019,
    title         = {Fighting misinformation on social media using crowdsourced judgments of news source quality},
    author        = {Pennycook, Gordon and Rand, David G.},
    year          = {2019},
    month         = feb,
    journal       = {Proceedings of the National Academy of Sciences},
    volume        = {116},
    number        = {7},
    pages         = {2521--2526},
    doi           = {10.1073/pnas.1806781116},
    url           = {https://pnas.org/doi/full/10.1073/pnas.1806781116},
}

@article{aurelio_as_2019,
    title         = {As redes e o espa\c{c}o p\'{u}blico},
    author        = {Aur\'{e}lio, Diogo Pires},
    year          = {2019},
    month         = dec,
    journal       = {Mediapolis â€“ Revista de Comunica\c{c}\~{a}o, Jornalismo e Espa\c{c}o P\'{u}blico},
    number        = {9},
    pages         = {119--130},
    doi           = {10.14195/2183-6019\_9\_8},
    url           = {https://impactum-journals.uc.pt/mediapolis/article/view/2183-6019\_9\_8},
}

@article{jolley202,
    title         = {Coronavirus: people turn to their local news sites in record numbers during pandemic},
    author        = {Jolley, Rachel},
    year          = {2020},
    journal       = {The Conversation},
    url           = {https://theconversation.com/coronavirus-people-turn-to-their-local-news-sites-in-record-numbers-during-pandemic-151448},
    urldate       = {2022-08-28},
}

@article{baptista_understanding_2020,
    title         = {Understanding {Fake} {News} {Consumption}: {A} {Review}},
    author        = {Baptista, Jo\~{a}o Pedro and Gradim, Anabela},
    year          = {2020},
    month         = oct,
    journal       = {Social Sciences},
    volume        = {9},
    number        = {10},
    pages         = {185},
    doi           = {10.3390/socsci9100185},
    url           = {https://www.mdpi.com/2076-0760/9/10/185},
}

@article{ramos2021deserto,
    title         = {Deserto de not{\'\i}cias: Panorama da crise do jornalismo regional em Portugal},
    author        = {Ramos, Giovanni},
    year          = {2021},
    journal       = {Revista Estudos de Jornalismo},
    volume        = {13},
    pages         = {30--51},
}

@online{coleman2021,
    title         = {Introducing Birdwatch, a community-based approach to misinformation},
    author        = {Coleman, Keith},
    year          = {2021},
    publisher     = {Twitter Blog},
    url           = {https://blog.twitter.com/en\_us/topics/product/2021/introducing-birdwatch-a-community-based-approach-to-misinformation},
    urldate       = {2022-08-28},
}

@article{zmigrod_cognitive_2021,
    title         = {The cognitive and perceptual correlates of ideological attitudes: a data-driven approach},
    author        = {Zmigrod, Leor and Eisenberg, Ian W. and Bissett, Patrick G. and Robbins, Trevor W. and Poldrack, Russell A.},
    year          = {2021},
    journal       = {Philosophical Transactions of the Royal Society B: Biological Sciences},
    volume        = {376},
    number        = {1822},
    doi           = {10.1098/rstb.2020.0424},
    issn          = {0962-8436, 1471-2970},
    url           = {https://royalsocietypublishing.org/doi/10.1098/rstb.2020.0424},
}

@article{reis_onde_2021,
    title         = {Onde {Tem} {Tiroteio}: informa\c{c}\~{a}o colaborativa e fluxo distributivo de imagens da viol\^{e}ncia urbana no {Brasil}},
    author        = {Reis, Aline Grupillo and Serra, Joaquim Paulo},
    year          = {2021},
    month         = dec,
    journal       = {INTERIN},
    volume        = {27},
    number        = {1},
    pages         = {58--80},
    doi           = {10.35168/1980-5276.UTP.interin.2022.Vol27.N1.pp58-80},
}

@article{kuo_critical_2021,
    title         = {Critical disinformation studies: {History}, power, and politics},
    shorttitle    = {Critical disinformation studies},
    author        = {Kuo, Rachel and Marwick, Alice},
    year          = {2021},
    month         = aug,
    journal       = {Harvard Kennedy School Misinformation Review},
    doi           = {10.37016/mr-2020-76},
    url           = {https://misinforeview.hks.harvard.edu/article/critical-disinformation-studies-history-power-and-politics/},
}

@article{jungherr_disinformation_2021,
    title         = {Disinformation and the {Structural} {Transformations} of the {Public} {Arena}: {Addressing} the {Actual} {Challenges} to {Democracy}},
    author        = {Jungherr, Andreas and Schroeder, Ralph},
    year          = {2021},
    month         = jan,
    journal       = {Social Media and Society},
    volume        = {7},
    number        = {1},
    doi           = {10.1177/2056305121988928},
    url           = {http://journals.sagepub.com/doi/10.1177/2056305121988928},
}

@article{godel_moderating_2021,
    title         = {Moderating with the {Mob}: {Evaluating} the {Efficacy} of {Real}-{Time} {Crowdsourced} {Fact}-{Checking}},
    shorttitle    = {Moderating with the {Mob}},
    author        = {Godel, William and Sanderson, Zeve and Aslett, Kevin and Nagler, Jonathan and Bonneau, Richard and Persily, Nathaniel and Tucker, Joshua},
    year          = {2021},
    month         = oct,
    journal       = {Journal of Online Trust and Safety},
    volume        = {1},
    number        = {1},
    doi           = {10.54501/jots.v1i1.15},
    issn          = {2770-3142},
    url           = {https://tsjournal.org/index.php/jots/article/view/15},
}

@article{allen_scaling_2021,
    title         = {Scaling up fact-checking using the wisdom of crowds},
    author        = {Allen, Jennifer and Arechar, Antonio A. and Pennycook, Gordon and Rand, David G.},
    year          = {2021},
    month         = sep,
    journal       = {Science Advances},
    volume        = {7},
    number        = {36},
    pages         = {eabf4393},
    doi           = {10.1126/sciadv.abf4393},
    url           = {https://www.science.org/doi/10.1126/sciadv.abf4393},
}

@book{jeronimo2022,
    title         = {Desertos de Not\'{\i}cias Europa 2022: Relat\'{o}rio de Portugal},
    author        = {Jer\'{o}nimo, Pedro and Ramos, Giovanni and Torre, Lu\'{\i}sa},
    year          = {2022},
    publisher     = {MediaTrust.Lab / LabCom},
    address       = {Covilh\~{a}},
}

@article{drolsbach2022diffusion,
    title         = {Diffusion of Community Fact-Checked Misinformation on Twitter},
    author        = {Drolsbach, Chiara and Pr{\"o}llochs, Nicolas},
    year          = {2022},
    journal       = {arXiv preprint arXiv:2205.13673},
    url           = {http://arxiv.org/abs/2205.13673},
    urldate       = {2022-08-28},
}

@misc{abernathy2022,
    title         = {The State of Local News 2022: Expanding News Deserts, Growing Gaps, Emerging Models},
    author        = {Abernathy, Penelope and Franklin, Tim},
    year          = {2022},
    publisher     = {Local News Initiative},
    address       = {Northwestern University},
    url           = {https://localnewsinitiative.northwestern.edu/assets/the\_state\_of\_local\_news\_2022.pdf},
    urldate       = {2022-08-08},
}

@online{twitter_birdwatch_2022,
    title         = {Birdwatch is getting a new onboarding process and more visible notes},
    author        = {Twitter},
    year          = {2022},
    journal       = {Twitter Blog},
    url           = {https://blog.twitter.com/en\_us/topics/product/2022/birdwatch-getting-new-onboarding-process-more-visible-notes},
    note          = {publisher:},
}

@article{rivas-de-roca_comunicacion_2022,
    title         = {Comunicaci\'{o}n y desinformaci\'{o}n en elecciones: tendencias de investigaci\'{o}n en {Espa\~{n}a} y {Portugal}},
    author        = {Rivas-de-Roca, Rub\'{e}n and Morais, Ricardo and Jer\'{o}nimo, Pedro},
    year          = {2022},
    month         = feb,
    journal       = {Universitas},
    number        = {36},
    pages         = {71--94},
    doi           = {10.17163/uni.n36.2022.03},
    url           = {https://universitas.ups.edu.ec/index.php/universitas/article/view/36.2022.03},
}

@article{prollochs_community-based_nodate,
    title         = {Community-{Based} {Fact}-{Checking} on {Twitter}'s {Birdwatch} {Platform}},
    author        = {Pr\"{o}llochs, Nicolas},
    year          = {2022},
    journal       = {Proceedings of the International AAAI Conference on Web and Social Media},
    volume        = {16},
    pages         = {794--805},
    doi           = {10.1609/icwsm.v16i1.19335},
}

@article{jeronimoespartaza022,
    title         = {Disinformation at a {Local} {Level}: {An} {Emerging} {Discussion}},
    author        = {Jer\'{o}nimo, Pedro and Esparza, Marta Sanchez},
    year          = {2022},
    journal       = {Publications},
    volume        = {10},
    number        = {2},
    pages         = {1--14},
    doi           = {10.3390/publications10020015},
    url           = {https://www.mdpi.com/2304-6775/10/2/15},
}

@article{jeronimocorreia_are_2022,
    title         = {Are {We} {Close} {Enough}? {Digital} {Challenges} to {Local} {Journalists}},
    author        = {Jer\'{o}nimo, Pedro and Correia, Jo\~{a}o Carlos and Gradim, Anabela},
    year          = {2022},
    month         = may,
    journal       = {Journalism Practice},
    volume        = {16},
    number        = {5},
    pages         = {813--827},
    doi           = {10.1080/17512786.2020.1818607},
    issn          = {1751-2786, 1751-2794},
    url           = {https://www.tandfonline.com/doi/full/10.1080/17512786.2020.1818607},
}

@book{cardoso__reuters_2022,
    title         = {Reuters institute digital news report 2022},
    author        = {Cardoso , Gustavo  and Paisana , Miguel  and Pinto-Martinho , Ana},
    year          = {2022},
    publisher     = {OberCom â€“ Observat\'{o}rio da Comunica\c{c}\~{a}o},
    address       = {ISCTE-IUL Media Lab},
    url           = {https://obercom.pt/digital-news-report-2022-portugal/},
    urldate       = {2023,08-10},
}

@article{baptista_elections_2022,
    title         = {Elections and fact-checking in {Portugal}: the case of the 2019 and 2022 legislative elections},
    author        = {Baptista, Jo\~{a}o Pedro and Jer\'{o}nimo, Pedro and Pi\~{n}eiro-Naval, Valeriano and Gradim, Anabela},
    year          = {2022},
    journal       = {El Profesional de la informaci\'{o}n},
    volume        = {31},
    doi           = {10.3145/epi.2022.nov.11},
    url           = {https://revista.profesionaldelainformacion.com/index.php/EPI/article/view/87041},
}

@article{garcia-orosa_algorithms_2023,
    title         = {Algorithms and communication: {A} systematized literature review},
    author        = {Garc\'{\i}a-Orosa, Berta and Canavilhas, Jo\~{a}o and V\'{a}zquez-Herrero, Jorge},
    year          = {2023},
    month         = jan,
    journal       = {Comunicar},
    volume        = {31},
    number        = {74},
    pages         = {9--21},
    doi           = {10.3916/C74-2023-01},
    url           = {https://www.revistacomunicar.com/index.php?contenido=detalles\&numero=74\&articulo=74-2023-01},
}
