
@article{zmigrod_cognitive_2021,
	title = {The cognitive and perceptual correlates of ideological attitudes: a data-driven approach},
	volume = {376},
	issn = {0962-8436, 1471-2970},
	url = {https://royalsocietypublishing.org/doi/10.1098/rstb.2020.0424},
	doi = {10.1098/rstb.2020.0424},
	number = {1822},
	journal = {Philosophical Transactions of the Royal Society B: Biological Sciences},
	author = {Zmigrod, Leor and Eisenberg, Ian W. and Bissett, Patrick G. and Robbins, Trevor W. and Poldrack, Russell A.},
	year = {2021},
}

@incollection{wardle_reflexao_2019,
	address = {Paris},
	title = {Reflexão sobre a “desordem da informação”: formatos da informação incorreta, desinformação e má informação},
	url = {https://unesdoc.unesco.org/ark:/48223/pf0000368647},
	booktitle = {Jornalismo, “{Fake} {News}” e {Desinformação}: {Manual} para {Educação} e {Treinamento} em {Jornalismo}},
	publisher = {Unesco},
	author = {Wardle, Claire  and Derakhshan, Hossein },
	year = {2019},
	pages = {46--58},
}

@article{vosoughi_spread_2018,
	title = {The spread of true and false news online},
	volume = {359},
	issn = {0036-8075, 1095-9203},
	url = {https://www.science.org/doi/10.1126/science.aap9559},
	doi = {10.1126/science.aap9559},
	number = {6380},
	urldate = {2023-03-26},
	journal = {Science},
	author = {Vosoughi, Soroush and Roy, Deb and Aral, Sinan},
	month = mar,
	year = {2018},
	pages = {1146--1151},
}

@misc{twitter_birdwatch_2022,
	title = {Birdwatch is getting a new onboarding process and more visible notes},
	url = {https://blog.twitter.com/en_us/topics/product/2022/birdwatch-getting-new-onboarding-process-more-visible-notes },
	journal = {Twitter Blog },
	author = {Twitter},
	year = {2022},
	note = {publisher: },
}

@article{tandoc_defining_2018,
	title = {Defining “{Fake} {News}”: {A} typology of scholarly definitions},
	volume = {6},
	shorttitle = {Defining “{Fake} {News}”},
	url = {https://www.tandfonline.com/doi/full/10.1080/21670811.2017.1360143},
	doi = {10.1080/21670811.2017.1360143},
	number = {2},
	journal = {Digital Journalism},
	author = {Tandoc, Edson C. and Lim, Zheng Wei and Ling, Richard},
	year = {2018},
	pages = {137--153},
}

@book{surowiecki_wisdom_2005,
	address = {New York},
	title = {The wisdom of crowds},
	publisher = {Anchor Books },
	author = {Surowiecki, James},
	year = {2005},
}

@article{rivas-de-roca_comunicacion_2022,
	title = {Comunicación y desinformación en elecciones: tendencias de investigación en {España} y {Portugal}},
	url = {https://universitas.ups.edu.ec/index.php/universitas/article/view/36.2022.03},
	doi = {10.17163/uni.n36.2022.03},
	number = {36},
	journal = {Universitas},
	author = {Rivas-de-Roca, Rubén and Morais, Ricardo and Jerónimo, Pedro},
	month = feb,
	year = {2022},
	pages = {71--94},
}

@article{reis_onde_2021,
	title = {Onde {Tem} {Tiroteio}: informação colaborativa e fluxo distributivo de imagens da violência urbana no {Brasil}},
	volume = {27},
	doi = {10.35168/1980-5276.UTP.interin.2022.Vol27.N1.pp58-80},
	number = {1},
	journal = {INTERIN},
	author = {Reis, Aline Grupillo and Serra, Joaquim Paulo},
	month = dec,
	year = {2021},
	pages = {58--80},
}

@article{prollochs_community-based_nodate,
	title = {Community-{Based} {Fact}-{Checking} on {Twitter}’s {Birdwatch} {Platform}},
	volume = {16},
	doi = {10.1609/icwsm.v16i1.19335},
	journal = {Proceedings of the International AAAI Conference on Web and Social Media},
	author = {Pröllochs, Nicolas},
	pages = {794--805},
}

@article{pennycook_fighting_2019,
	title = {Fighting misinformation on social media using crowdsourced judgments of news source quality},
	volume = {116},
	url = {https://pnas.org/doi/full/10.1073/pnas.1806781116},
	doi = {10.1073/pnas.1806781116},
	number = {7},
	journal = {Proceedings of the National Academy of Sciences},
	author = {Pennycook, Gordon and Rand, David G.},
	month = feb,
	year = {2019},
	pages = {2521--2526},
}

@article{pinto_fontes_2000,
	title = {Fontes jornalísticas: contributos para o mapeamento do campo.  {Comunicação} e {Sociedade} 2},
	volume = {14},
	journal = {Cadernos do Noroeste, Série Comunicação},
	author = {Pinto, Manuel},
	year = {2000},
	pages = {277--294},
}

@book{pasquale_black_2015,
	address = {Cambridge},
	title = {The black box society: the secret algorithms that control money and information},
	publisher = {Harvard University Press},
	author = {Pasquale, Frank},
	year = {2015},
	keywords = {Power (Social sciences), Elite (Social sciences), Knowledge, Theory of, Observation (Psychology)},
}

@book{lopez_garcia_ciberperiodismo_2008,
	address = {Sevilla},
	edition = {1. ed},
	series = {Colección {Periodística}},
	title = {Ciberperiodismo en la proximidad},
	isbn = {9788496082724},
	language = {spa},
	number = {25},
	publisher = {Comunicación Social},
	author = {López García, Xosé},
	year = {2008},
}

@article{kuo_critical_2021,
	title = {Critical disinformation studies: {History}, power, and politics},
	shorttitle = {Critical disinformation studies},
	url = {https://misinforeview.hks.harvard.edu/article/critical-disinformation-studies-history-power-and-politics/},
	doi = {10.37016/mr-2020-76},
	urldate = {2023-03-26},
	journal = {Harvard Kennedy School Misinformation Review},
	author = {Kuo, Rachel and Marwick, Alice},
	month = aug,
	year = {2021},
}

@inproceedings{kim_leveraging_2018,
	address = {Marina Del Rey CA USA},
	title = {Leveraging the {Crowd} to {Detect} and {Reduce} the {Spread} of {Fake} {News} and {Misinformation}},
	isbn = {9781450355810},
	url = {https://dl.acm.org/doi/10.1145/3159652.3159734},
	doi = {10.1145/3159652.3159734},
	language = {en},
	urldate = {2023-03-26},
	booktitle = {Proceedings of the {Eleventh} {ACM} {International} {Conference} on {Web} {Search} and {Data} {Mining}},
	publisher = {ACM},
	author = {Kim, Jooyeon and Tabibian, Behzad and Oh, Alice and Schölkopf, Bernhard and Gomez-Rodriguez, Manuel},
	month = feb,
	year = {2018},
	pages = {324--332},
}

@article{jungherr_disinformation_2021,
	title = {Disinformation and the {Structural} {Transformations} of the {Public} {Arena}: {Addressing} the {Actual} {Challenges} to {Democracy}},
	volume = {7},
	url = {http://journals.sagepub.com/doi/10.1177/2056305121988928},
	doi = {10.1177/2056305121988928},
	number = {1},
	journal = {Social Media and Society},
	author = {Jungherr, Andreas and Schroeder, Ralph},
	month = jan,
	year = {2021},
}

@article{jeronimo_disinformation_2022,
	title = {Disinformation at a {Local} {Level}: {An} {Emerging} {Discussion}},
	volume = {10},
	url = {https://www.mdpi.com/2304-6775/10/2/15},
	doi = {10.3390/publications10020015},
	number = {2},
	journal = {Publications},
	author = {Jerónimo, Pedro and Esparza, Marta Sanchez},
	year = {2022},
	pages = {1--14},
}

@article{jeronimo_are_2022,
	title = {Are {We} {Close} {Enough}? {Digital} {Challenges} to {Local} {Journalists}},
	volume = {16},
	issn = {1751-2786, 1751-2794},
	shorttitle = {Are {We} {Close} {Enough}?},
	url = {https://www.tandfonline.com/doi/full/10.1080/17512786.2020.1818607},
	doi = {10.1080/17512786.2020.1818607},
	language = {en},
	number = {5},
	urldate = {2023-03-26},
	journal = {Journalism Practice},
	author = {Jerónimo, Pedro and Correia, João Carlos and Gradim, Anabela},
	month = may,
	year = {2022},
	pages = {813--827},
}

@article{heinderyckx_reformed_2016,
	title = {Reformed gatekeeping},
	volume = {11},
	issn = {2466-541X},
	url = {http://scindeks.ceon.rs/Article.aspx?artid=2466-541X1636029H},
	doi = {10.5937/comman11-10306},
	language = {en},
	number = {38},
	urldate = {2023-03-26},
	journal = {CM: Communication and Media},
	author = {Heinderyckx, François and Vos, Tim},
	year = {2016},
	pages = {29--46},
}

@article{godel_moderating_2021,
	title = {Moderating with the {Mob}: {Evaluating} the {Efficacy} of {Real}-{Time} {Crowdsourced} {Fact}-{Checking}},
	volume = {1},
	issn = {2770-3142},
	shorttitle = {Moderating with the {Mob}},
	url = {https://tsjournal.org/index.php/jots/article/view/15},
	doi = {10.54501/jots.v1i1.15},
	number = {1},
	urldate = {2023-03-26},
	journal = {Journal of Online Trust and Safety},
	author = {Godel, William and Sanderson, Zeve and Aslett, Kevin and Nagler, Jonathan and Bonneau, Richard and Persily, Nathaniel and Tucker, Joshua},
	month = oct,
	year = {2021},
}

@article{garcia-orosa_algorithms_2023,
	title = {Algorithms and communication: {A} systematized literature review},
	volume = {31},
	issn = {1134-3478, 1988-3293},
	shorttitle = {Algorithms and communication},
	url = {https://www.revistacomunicar.com/index.php?contenido=detalles&numero=74&articulo=74-2023-01},
	doi = {10.3916/C74-2023-01},
	number = {74},
	urldate = {2023-03-26},
	journal = {Comunicar},
	author = {García-Orosa, Berta and Canavilhas, João and Vázquez-Herrero, Jorge},
	month = jan,
	year = {2023},
	pages = {9--21},
}

@article{delmazo_fake_2018,
	title = {Fake news nas redes sociais online: propagação e reações à desinformação em busca de cliques},
	volume = {18},
	issn = {2183-5462, 1645-5681},
	shorttitle = {Fake news nas redes sociais online},
	url = {https://impactum-journals.uc.pt/mj/article/view/2183-5462_32_11},
	doi = {10.14195/2183-5462_32_11},
	number = {32},
	urldate = {2023-03-26},
	journal = {Media \& Jornalismo},
	author = {Delmazo, Caroline and Valente, Jonas C. L.},
	month = may,
	year = {2018},
	pages = {155--169},
}

@book{davenport_attention_2001,
	address = {Boston},
	title = {The attention economy: understanding the new currency of business},
	publisher = {Harvard Business School Press},
	author = {Davenport, Thomas H. and Beck, John C.},
	year = {2001},
}

@book{coelho_tv_2003,
	address = {Lisboa},
	series = {Colecção {Media} e jornalismo},
	title = {A {TV} de proximidade e os novos desafios do espaço público: um estudo sobre a situação portuguesa},
	publisher = {Dissertação de mestrado - Faculdade de Ciências Sociais e Humanas, Universidade de Lisboa, Lisboa},
	author = {Coelho, Pedro},
	year = {2003},
	keywords = {Meios de Comunicação Social Televisão [Teses]},
}

@book{charaudeau_discurso_2013,
	address = {São Paulo},
	title = {Discurso das mídias},
	publisher = {Contexto},
	author = {Charaudeau, Patrick},
	year = {2013},
}

@book{castells_sociedade_2012,
	address = {Lisboa },
	title = {A  sociedade em rede - a era da informação: economia, sociedade e cultura. },
	volume = {1},
	publisher = {Gulbekian},
	author = {Castells, Manuel},
	year = {2012},
}

@book{cardoso__reuters_2022,
	title = {Reuters institute digital news report 2022},
	publisher = {ISCTE-IUL Media Lab: OberCom – Observatório da Comunicação},
	author = {Cardoso , Gustavo  and Paisana , Miguel  and Pinto-Martinho , Ana },
	year = {2022},
}

@article{bruns_gatekeeping_2011,
	title = {Gatekeeping, gatewatching, realimentação em tempo real: novos desafios para o {Jornalismo}},
	volume = {7},
	issn = {1981-9854, 1808-4079},
	shorttitle = {Gatekeeping, gatewatching, realimentação em tempo real},
	url = {https://bjr.sbpjor.org.br/bjr/article/view/342},
	doi = {10.25200/BJR.v7n2.2011.342},
	number = {2},
	urldate = {2023-03-26},
	journal = {Brazilian Journalism Research},
	author = {Bruns, Axel},
	month = dec,
	year = {2011},
	pages = {119--140},
}

@article{boyd_social_2007,
	title = {Social {Network} {Sites}: {Definition}, {History}, and {Scholarship}},
	volume = {13},
	issn = {10836101},
	shorttitle = {Social {Network} {Sites}},
	url = {https://academic.oup.com/jcmc/article/13/1/210-230/4583062},
	doi = {10.1111/j.1083-6101.2007.00393.x},
	language = {en},
	number = {1},
	urldate = {2023-03-26},
	journal = {Journal of Computer-Mediated Communication},
	author = {Boyd, Danah M. and Ellison, Nicole B.},
	month = oct,
	year = {2007},
	pages = {210--230},
}

@book{bentes_midia-multidao:_2015,
	address = {Rio de Janeiro},
	title = {Mídia-multidão: estéticas da comunicação e biopolíticas},
	isbn = {9788574787916},
	publisher = {Mauad X},
	author = {Bentes, Ivana},
	year = {2015},
}

@article{baptista_elections_2022,
	title = {Elections and fact-checking in {Portugal}: the case of the 2019 and 2022 legislative elections},
	volume = {31},
	url = {https://revista.profesionaldelainformacion.com/index.php/EPI/article/view/87041},
	doi = {10.3145/epi.2022.nov.11},
	journal = {El Profesional de la información},
	author = {Baptista, João-Pedro and Jerónimo, Pedro and Piñeiro-Naval, Valeriano and Gradim, Anabela},
	year = {2022},
}

@article{baptista_understanding_2020,
	title = {Understanding {Fake} {News} {Consumption}: {A} {Review}},
	volume = {9},
	issn = {2076-0760},
	shorttitle = {Understanding {Fake} {News} {Consumption}},
	url = {https://www.mdpi.com/2076-0760/9/10/185},
	doi = {10.3390/socsci9100185},
	number = {10},
	urldate = {2023-03-26},
	journal = {Social Sciences},
	author = {Baptista, João Pedro and Gradim, Anabela},
	month = oct,
	year = {2020},
	pages = {185},
}

@article{bakir_fake_2018,
	title = {Fake {News} and {The} {Economy} of {Emotions}: {Problems}, causes, solutions},
	volume = {6},
	url = {https://www.tandfonline.com/doi/full/10.1080/21670811.2017.1345645},
	doi = {10.1080/21670811.2017.1345645},
	number = {2},
	journal = {Digital Journalism},
	author = {Bakir, Vian and McStay, Andrew},
	month = feb,
	year = {2018},
	pages = {154--175},
}

@article{aurelio_as_2019,
	title = {As redes e o espaço público},
	issn = {2183-6019, 2183-5918},
	url = {https://impactum-journals.uc.pt/mediapolis/article/view/2183-6019_9_8},
	doi = {10.14195/2183-6019_9_8},
	number = {9},
	journal = {Mediapolis – Revista de Comunicação, Jornalismo e Espaço Público},
	author = {Aurélio, Diogo Pires},
	month = dec,
	year = {2019},
	pages = {119--130},
}

@article{allen_scaling_2021,
	title = {Scaling up fact-checking using the wisdom of crowds},
	volume = {7},
	issn = {2375-2548},
	url = {https://www.science.org/doi/10.1126/sciadv.abf4393},
	doi = {10.1126/sciadv.abf4393},
	number = {36},
	urldate = {2023-03-26},
	journal = {Science Advances},
	author = {Allen, Jennifer and Arechar, Antonio A. and Pennycook, Gordon and Rand, David G.},
	month = sep,
	year = {2021},
	pages = {eabf4393},
}

@book{abernathy_expanding_2018,
	title = {The expanding news desert},
	publisher = {Center for innovation and sustainability in local media, university of North Carolina at Chapel Hill},
	author = {Abernathy, Penelope},
	year = {2018},
}
