@phdthesis{bione_alves_synthetic_2017,
	address = {Montreal, CA},
	type = {Master’s {Thesis}},
	title = {Synthetic voices in the foreign language context },
	school = {Concordia University},
	author = {Bione Alves, T.},
	year = {2017},
}

@article{Dizon2020EvaluatingIP,
  title={Evaluating Intelligent Personal Assistants for L2 Listening and Speaking Development.},
  author={G. Dizon},
  journal={Language Learning \& Technology},
  year={2020},
  volume={24},
  pages={16-26}
}

@inbook{tyler2019,
author = {Tyler, M.},
year = {2019},
month = {05},
pages = {607-630},
title = {PAM-L2 and phonological category acquisition in the foreign language classroom}
}

@incollection{chapelle_automatic_2013,
	title = {Automatic speech recognition},
	url = {http://www.credoreference.com/book/wileyenapl},
	urldate = {2022-02-09},
	booktitle = {The encyclopedia of applied linguistics},
	author = {Levis, J. and Suvorov, R.},
	editor = {Chapelle, C.},
	year = {2013},
}

@article{ashwell_how_2017,
	title = {How accurately can the {Google} {Web} {Speech} {API} recognize and transcribe {Japanese} {L2} {English} learners’ oral production?},
	volume = {13},
	url = {https://www.castledown.com/journals/jaltcall/article/?reference=j212},
	doi = {10.29140/jaltcall.v13n1.212},
	number = {1},
	urldate = {2022-02-09},
	journal = {The JALT CALL Journal},
	author = {Ashwell, T. and Elam, J. R.},
	month = apr,
	year = {2017},
	pages = {59--76},
}

@incollection{bione_2016,
	title = {An evaluation of text-to-speech synthesizers in the foreign language classroom: learners’ perceptions},
	url = {https://research-publishing.net/manuscript?10.14705/rpnet.2016.eurocall2016.537},
	urldate = {2022-02-09},
	booktitle = {{CALL} communities and culture – short papers from {EUROCALL} 2016},
	publisher = {Research-publishing.net},
	author = {BIONE ALVES, T. and Grimshaw, J. and Cardoso, W.},
	editor = {Papadima-Sophocleous, Salomi and Bradley, Linda and Thouësny, Sylvie},
	month = dec,
	year = {2016},
	doi = {10.14705/rpnet.2016.eurocall2016.537},
	pages = {50--54},
}

@article{bogach_speech_2021,
	title = {Speech {Processing} for {Language} {Learning}: {A} {Practical} {Approach} to {Computer}-{Assisted} {Pronunciation} {Teaching}},
	volume = {10},
	url = {https://www.mdpi.com/2079-9292/10/3/235},
	doi = {10.3390/electronics10030235},
	number = {3},
	urldate = {2022-02-09},
	journal = {Electronics},
	author = {Bogach, N. and Boitsova, E. and Chernonog, S. and Lamtev, A. and Lesnichaya, M. and Lezhenin, I. and Novopashenny, A. and Svechnikov, R. and Tsikach, D. and Vasiliev, K. and Pyshkin, E. and Blake, J.},
	month = jan,
	year = {2021},
	pages = {235},
}

@incollection{cardoso_2018,
	title = {Learning {L2} pronunciation with a text-to-speech synthesizer},
	url = {https://research-publishing.net/manuscript?10.14705/rpnet.2018.26.806},
	urldate = {2022-02-09},
	booktitle = {Future-proof {CALL}: language learning as exploration and encounters – short papers from {EUROCALL} 2018},
	publisher = {Research-publishing.net},
	author = {Cardoso, W.},
	collaborator = {Taalas, P. and Jalkanen, J. and Bradley, L. and Thouësny, S.},
	month = dec,
	year = {2018},
	doi = {10.14705/rpnet.2018.26.806},
	pages = {16--21},
}

@inproceedings{cardoso_evaluating_2015,
	title = {Evaluating text-to-speech synthesizers},
	url = {https://research-publishing.net/manuscript?10.14705/rpnet.2015.000318},
	doi = {10.14705/rpnet.2015.000318},
	urldate = {2022-02-09},
	booktitle = {Critical {CALL} – {Proceedings} of the 2015 {EUROCALL} {Conference}, {Padova}, {Italy}},
	publisher = {Research-publishing.net},
	author = {Cardoso, W. and Smith, G. and Garcia Fuentes, C.},
	month = dec,
	year = {2015},
	pages = {108--113},
}

@article{carlet_improving_2018,
	title = {Improving {L2} pronunciation inside and outside the classroom},
	volume = {71},
	url = {https://periodicos.ufsc.br/index.php/desterro/article/view/2175-8026.2018v71n3p99},
	doi = {10.5007/2175-8026.2018v71n3p99},
	number = {3},
	urldate = {2022-02-09},
	journal = {Ilha do Desterro A Journal of English Language, Literatures in English and Cultural Studies},
	author = {Carlet, A. and Kivistö-de Souza, H.},
	month = sep,
	year = {2018},
	pages = {99--124},
}

@article{carrier_automated_2017,
	title = {Automated {Speech} {Recognition} in language learning: {Potential} models, benefits and impact},
	volume = {1},
	url = {http://rudn.tlcjournal.org/issues/1(1)-03.html},
	doi = {10.29366/2017tlc.1.1.3},
	number = {1},
	urldate = {2022-02-09},
	journal = {Training Language and Culture},
	author = {Carrier, M.},
	month = feb,
	year = {2017},
	pages = {46--61},
}

@incollection{chapelle_computer-assisted_2012,
	address = {Oxford, UK},
	title = {Computer-{Assisted} {Language} {Learning} {Effectiveness} {Research}},
	url = {https://onlinelibrary.wiley.com/doi/10.1002/9781405198431.wbeal0176},
	urldate = {2022-02-09},
	booktitle = {The {Encyclopedia} of {Applied} {Linguistics}},
	publisher = {Blackwell Publishing Ltd},
	author = {Chapelle, C. A.},
	editor = {Chapelle, C. A.},
	month = nov,
	year = {2012},
	doi = {10.1002/9781405198431.wbeal0176},
	pages = {wbeal0176},
}

@book{chapelle_tips_2008,
	address = {White Plains, NY},
	series = {Tips on teaching},
	title = {Tips for teaching with {CALL}: practical approaches to computer-assisted language learning},
	publisher = {Pearson Education},
	author = {Chapelle, C. and Jamieson, J.},
	year = {2008},
}

@article{chen_developing_2011,
	title = {Developing and evaluating an oral skills training website supported by automatic speech recognition technology},
	volume = {23},
	url = {https://www.cambridge.org/core/product/identifier/S0958344010000285/type/journal_article},
	doi = {10.1017/S0958344010000285},
	language = {en},
	number = {1},
	urldate = {2022-02-09},
	journal = {ReCALL},
	author = {Chen, H. H.-J.},
	month = jan,
	year = {2011},
	pages = {59--78},
}

@article{inceoglu_asr_2020,
	title = {{ASR} for {EFL} {Pronunciation} {Practice}: {Segmental} {Development} and {Learners}’ {Beliefs}},
	volume = {17},
	url = {http://journal.asiatefl.org/main/main.php?inx_journals=64&inx_contents=842&submode=3&PageMode=JournalView&s_title=ASR_for_EFL_Pronunciation_Practice_Segmental_Development_and_Learners_Beliefs},
	doi = {10.18823/asiatefl.2020.17.3.5.824},
	number = {3},
	urldate = {2022-02-09},
	journal = {The Journal of AsiaTEFL},
	author = {Inceoglu, S. and Lim, H. and Chen, W.-H.},
	month = sep,
	year = {2020},
	pages = {824--840},
}

@article{chun_technology_2016,
	title = {Technology in {Language} {Use}, {Language} {Teaching}, and {Language} {Learning}},
	volume = {100},
	url = {https://onlinelibrary.wiley.com/doi/10.1111/modl.12302},
	doi = {10.1111/modl.12302},
	number = {S1},
	urldate = {2022-02-09},
	journal = {The Modern Language Journal},
	author = {Chun, D. and Kern, R. and Smith, B.},
	month = jan,
	year = {2016},
	pages = {64--80},
}

@article{darcy_powerful_2018,
	title = {Powerful and {Effective} {Pronunciation} {Instruction}: {How} {Can} {We} {Achieve} {It}?},
	volume = {30},
	url = {https://eric.ed.gov/?id=EJ1174218},
	language = {en},
	number = {1},
	urldate = {2022-02-09},
	journal = {CATESOL Journal},
	author = {Darcy, I.},
	year = {2018},
	pages = {13--45},
}

@article{darcy_window_2021,
	title = {A {Window} into the {Classroom}: {How} {Teachers} {Integrate} {Pronunciation} {Instruction}},
	volume = {52},
	url = {http://journals.sagepub.com/doi/10.1177/0033688220964269},
	doi = {10.1177/0033688220964269},
	number = {1},
	urldate = {2022-02-09},
	journal = {RELC Journal},
	author = {Darcy, I. and Rocca, B. and Hancock, Z.},
	month = apr,
	year = {2021},
	pages = {110--127},
}

@incollection{davies_computer-assisted_2006,
	address = {Oxford},
	title = {Computer-{Assisted} {Language} {Education}},
	booktitle = {Concise {Encyclopedia} of {Applied} {Linguistics}},
	publisher = {Elsevier},
	author = {Davies, G.},
	editor = {Berns, M. and Brown, C.},
	year = {2006},
	pages = {261--271},
}

@inproceedings{gomes_can_2018,
	title = {Can {TTS} help {L2} learners develop their phonological awareness?},
	url = {https://research-publishing.net},
	doi = {http://dx.doi.org/10.14705/rpnet.2018.26.808},
	urldate = {2022-02-09},
	booktitle = {Future-{Proof} {Call}: language learning as exploration and encounters – short papers from {EUROCALL} 2018},
	author = {Gomes, A. A. de A. and Cardoso, W. and Lucena, R. M. de},
	year = {2018},
	pages = {29--34},
}

@incollection{dekeyser_skill_2015,
	address = {New York and London},
	title = {Skill {Acquisition} {Theory}},
	booktitle = {Theories in {Second} {Language} {Acquisition}: {An} {Introduction}},
	publisher = {Routhledge},
	author = {Dekeyser, R.},
	editor = {Vanpatten, B. and Williams, J. },
	year = {2015},
	pages = {97--113},
}

@article{demenko_use_2010,
	title = {The {Use} of {Speech} {Technology} in {Foreign} {Language} {Pronunciation} {Training}},
	volume = {35},
	url = {https://content.sciendo.com/doi/10.2478/v10168-010-0027-z},
	doi = {10.2478/v10168-010-0027-z},
	number = {3},
	urldate = {2022-02-09},
	journal = {Archives of Acoustics},
	author = {Demenko, G. and Wagner, A. and Cylwik, N.},
	month = sep,
	year = {2010},
	pages = {309--329},
}

@article{derwing_does_2000,
	title = {Does {Popular} {Speech} {Recognition} {Software} {Work} with {ESL} {Speech}?},
	volume = {34},
	url = {https://www.jstor.org/stable/3587748?origin=crossref},
	doi = {10.2307/3587748},
	number = {3},
	urldate = {2022-02-09},
	journal = {TESOL Quarterly},
	author = {Derwing, T. M. and Munro, Murray J. and Carbonaro, M.},
	year = {2000},
	pages = {592},
}

@incollection{derwing_efficacy_2018,
	address = {Milton Park},
	title = {The efficacy of pronunciation instruction},
	booktitle = {he {Routledge} {Handbook} of {Contemporary} {English} {Pronunciation}},
	publisher = {Routledge},
	author = {Derwing, T. M.},
	editor = {Kang, O. and Thomson, R. I. and Murphy, J. M.},
	year = {2018},
	pages = {320--334},
}

@article{dizon_intelligent_2020,
	title = {Intelligent personal assistants for autonomous second language learning: {An} investigation of {Alexa}},
	volume = {16},
	url = {https://www.castledown.com/journals/jaltcall/article/?reference=273},
	doi = {10.29140/jaltcall.v16n2.273},
	number = {2},
	urldate = {2022-02-09},
	journal = {The JALT CALL Journal},
	author = {Dizon, G. and Tang, D.},
	month = aug,
	year = {2020},
	pages = {107--120},
}

@article{eksi_investigation_2016,
	title = {An {Investigation} of the {Effectiveness} of {Online} {Text}-to-{Speech} {Tools} in {Improving} {EFL} {Teacher} {Trainees}’ {Pronunciation}},
	volume = {9},
	url = {http://www.ccsenet.org/journal/index.php/elt/article/view/56606},
	doi = {10.5539/elt.v9n2p205},
	number = {2},
	urldate = {2022-02-09},
	journal = {English Language Teaching},
	author = {Eksi, G. Y. and Yesilcinar, S.},
	month = jan,
	year = {2016},
	pages = {205},
}

@article{golonka_technologies_2014,
	title = {Technologies for foreign language learning: a review of technology types and their effectiveness},
	volume = {27},
	url = {http://www.tandfonline.com/doi/abs/10.1080/09588221.2012.700315},
	doi = {10.1080/09588221.2012.700315},
	number = {1},
	urldate = {2022-02-09},
	journal = {Computer Assisted Language Learning},
	author = {Golonka, E. M. and Bowles, A. R. and Frank, Victor M. and Richardson, D. L. and Freynik, S.},
	month = feb,
	year = {2014},
	pages = {70--105},
}

@article{gordon_development_2016,
	title = {The development of comprehensible speech in {L2} learners: {A} classroom study on the effects of short-term pronunciation instruction},
	volume = {2},
	url = {http://www.jbe-platform.com/content/journals/10.1075/jslp.2.1.03gor},
	doi = {10.1075/jslp.2.1.03gor},
	number = {1},
	urldate = {2022-02-09},
	journal = {Journal of Second Language Pronunciation},
	author = {Gordon, J. and Darcy, I.},
	month = mar,
	year = {2016},
	pages = {56--92},
}

@incollection{grass_2015,
	address = {New York},
	edition = {Second Edition},
	series = {Second {Language} {Acquisition} {Research} {Series}},
	title = {Input, {Interaction}, and {Output} in {Second} {Language} {Acquisition}},
	booktitle = {Theories in second language acquisition: an introduction},
	publisher = {Routledge},
	author = {Grass, S. M. and Mackey, A.},
	editor = {VanPatten, B. and Williams, J.},
	year = {2015},
}

@incollection{grimshaw_2018,
	title = {Who’s got talent? {Comparing} {TTS} systems for comprehensibility, naturalness, and intelligibility},
	url = {https://research-publishing.net/manuscript?10.14705/rpnet.2018.26.817},
	urldate = {2022-02-09},
	booktitle = {Future-proof {CALL}: language learning as exploration and encounters – short papers from {EUROCALL} 2018},
	publisher = {Research-publishing.net},
	author = {Grimshaw, J. and Bione Alves, T. and Cardoso, W.},
	collaborator = {Taalas, P. and Jalkanen, J. and Bradley, L. and Thouësny, S.},
	month = dec,
	year = {2018},
	doi = {10.14705/rpnet.2018.26.817},
	pages = {83--88},
}

@incollection{handley_text--speech_2013,
	address = {New York},
	title = {Text-to-{Speech} {Synthesis} in {Computer}-{Assisted} {Language} {Learning}},
	booktitle = {The encyclopedia of applied linguistics},
	publisher = {Wiley-Blackwell},
	author = {Handley, Z.},
	editor = {Chapelle, C. A.},
	year = {2013},
	pages = {5846--5851},
}

@book{harmer_essential_2012,
	address = {Harlow},
	series = {Always learning},
	title = {Essential teacher knowledge. {Buch}},
	publisher = {Pearson Education},
	author = {Harmer, J.},
	year = {2012},
}

@article{henrichsen_illustrated_2021,
	title = {An {Illustrated} {Taxonomy} of {Online} {CAPT} {Resources}},
	volume = {52},
	url = {http://journals.sagepub.com/doi/10.1177/0033688220954560},
	doi = {10.1177/0033688220954560},
	number = {1},
	urldate = {2022-02-09},
	journal = {RELC Journal},
	author = {Henrichsen, L. E},
	month = apr,
	year = {2021},
	pages = {179--188},
}

@book{jurafsky_speech_2000,
	address = {Uttar Pradesh (India)},
	title = {Speech and language processing: an introduction to natural language processing, computational linguistics, and speech recognition},
	publisher = {Pearson},
	author = {Jurafsky, D. and Martin, J. H},
	year = {2000},
}

@article{kim_automatic_2006,
	title = {Automatic {Speech} {Recognition}: {Reliability} and {Pedagogical} {Implications} for {Teaching} {Pronunciation}},
	volume = {9},
	url = {https://www.jstor.org/stable/jeductechsoci.9.1.322},
	number = {1},
	urldate = {2022-02-09},
	journal = {Journal of Educational Technology \& Society},
	author = {Kim, I.-S.},
	year = {2006},
	pages = {322--334},
}

@inproceedings{knill_impact_2018,
	title = {Impact of {ASR} {Performance} on {Free} {Speaking} {Language} {Assessment}},
	url = {https://www.isca-speech.org/archive/interspeech_2018/knill18_interspeech.html},
	doi = {10.21437/Interspeech.2018-1312},
	urldate = {2022-02-09},
	booktitle = {Interspeech 2018},
	publisher = {ISCA},
	author = {Knill, K. and Gales, M. and Kyriakopoulos, K. and Malinin, A. and Ragni, A. and Wang, Y. and Caines, A.},
	month = sep,
	year = {2018},
	pages = {1641--1645},
}

@article{lee_effects_2020,
	title = {The effects of perception- vs. production-based pronunciation instruction},
	volume = {88},
	url = {https://linkinghub.elsevier.com/retrieve/pii/S0346251X19305196},
	doi = {10.1016/j.system.2019.102185},
	urldate = {2022-02-09},
	journal = {System},
	author = {Lee, B. and Plonsky, L. and Saito, K.},
	month = feb,
	year = {2020},
	pages = {102185},
}

@incollection{levis_2013,
	title = {Automatic speech recognition},
	url = {http://www.credoreference.com/book/wileyenapl},
	urldate = {2022-02-09},
	booktitle = {The encyclopedia of applied linguistics},
	author = {Levis, J. and Suvorov, R.},
	editor = {Chapelle, C.},
	year = {2013},
}

@article{liakin_mobilizing_2017,
	title = {Mobilizing {Instruction} in a {Second}-{Language} {Context}: {Learners}’ {Perceptions} of {Two} {Speech} {Technologies}},
	volume = {2},
	url = {http://www.mdpi.com/2226-471X/2/3/11},
	doi = {10.3390/languages2030011},
	number = {3},
	urldate = {2022-02-09},
	journal = {Languages},
	author = {Liakin, D. and Cardoso, W. and Liakina, N.},
	month = jul,
	year = {2017},
	pages = {11},
}

@incollection{long_focus_1991,
	address = {Amsterdam},
	title = {Focus on form: {A} design feature in language teaching methodology},
	url = {https://benjamins.com/catalog/sibil.2.07lon},
	urldate = {2022-02-09},
	booktitle = {Foreign language research in cross-cultural perspective},
	publisher = {John Benjamins},
	author = {Long, M. H.},
	editor = {De Bot, K. and Ginsberg, R. and Kramsch, C.},
	year = {1991},
	pages = {39},
}

@article{martins_o_2012,
	title = {O campo {CALL} ({Computer} {Assisted} {Language} {Learning}): definições, escopo e abrangência},
	volume = {10},
	url = {http://revistas.unisinos.br/index.php/calidoscopio/article/view/3254},
	doi = {10.4013/cld.2012.103.01},
	number = {3},
	urldate = {2022-02-09},
	journal = {Calidoscópio},
	author = {Martins, C. B. and Moreira, H.},
	month = dec,
	year = {2012},
	pages = {247--255},
}

@article{mccrocklin_revisiting_2020,
	title = {Revisiting {Popular} {Speech} {Recognition} {Software} for {ESL} {Speech}},
	volume = {54},
	url = {https://onlinelibrary.wiley.com/doi/10.1002/tesq.3006},
	doi = {10.1002/tesq.3006},
	number = {4},
	urldate = {2022-02-09},
	journal = {TESOL Quarterly},
	author = {McCrocklin, S. and Edalatishams, I.},
	month = dec,
	year = {2020},
	pages = {1086--1097},
}

@article{menezes_tecnologias_2019,
	title = {Tecnologias digitais no ensino de línguas: passado, presente e futuro},
	url = {https://revista.abralin.org/index.php/abralin/article/view/1323},
	doi = {10.25189/rabralin.v18i1.1323},
	urldate = {2022-02-09},
	journal = {Revista da ABRALIN},
	author = {Menezes, V.},
	month = aug,
	year = {2019},
}

@article{moussalli_intelligent_2020,
	title = {Intelligent personal assistants: can they understand and be understood by accented {L2} learners?},
	volume = {33},
	url = {https://www.tandfonline.com/doi/full/10.1080/09588221.2019.1595664},
	doi = {10.1080/09588221.2019.1595664},
	number = {8},
	urldate = {2022-02-09},
	journal = {Computer Assisted Language Learning},
	author = {Moussalli, S. and Cardoso, W.},
	month = nov,
	year = {2020},
	pages = {865--890},
}

@incollection{moon_2012,
	address = {Berlin, Heidelberg},
	title = {Web-{Based} {Text}-to-{Speech} {Technologies} in {Foreign} {Language} {Learning}: {Opportunities} and {Challenges}},
	volume = {352},
	url = {http://link.springer.com/10.1007/978-3-642-35603-2_19},
	urldate = {2022-02-09},
	booktitle = {Computer {Applications} for {Database}, {Education}, and {Ubiquitous} {Computing}},
	publisher = {Springer Berlin Heidelberg},
	author = {Moon, D.},
	editor = {Kim, T.-H. and Ma, J. and Fang, W.-C. and Zhang, Y. and Cuzzocrea, A.},
	year = {2012},
	doi = {10.1007/978-3-642-35603-2_19},
	pages = {120--125},
}

@article{mroz_seeing_2018,
	title = {Seeing how people hear you: {French} learners experiencing intelligibility through automatic speech recognition},
	volume = {51},
	url = {https://onlinelibrary.wiley.com/doi/10.1111/flan.12348},
	doi = {10.1111/flan.12348},
	number = {3},
	urldate = {2022-02-09},
	journal = {Foreign Language Annals},
	author = {Mroz, A.},
	month = sep,
	year = {2018},
	pages = {617--637},
}

@article{munoz_symmetries_2008,
	title = {Symmetries and {Asymmetries} of {Age} {Effects} in {Naturalistic} and {Instructed} {L2} {Learning}},
	volume = {29},
	url = {https://academic.oup.com/applij/article-lookup/doi/10.1093/applin/amm056},
	doi = {10.1093/applin/amm056},
	number = {4},
	urldate = {2022-02-09},
	journal = {Applied Linguistics},
	author = {Munoz, C.},
	month = jan,
	year = {2008},
	pages = {578--596},
}

@incollection{hansen_edwards_7._2008,
	address = {Amsterdam},
	title = {7. {Foreign} accent and speech intelligibility},
	volume = {36},
	url = {https://benjamins.com/catalog/sibil.36.10mun},
	urldate = {2022-02-09},
	booktitle = {Studies in {Bilingualism}},
	publisher = {John Benjamins Publishing Company},
	author = {Munro, M. J.},
	editor = {Hansen Edwards, J. G. and Zampini, M. L.},
	year = {2008},
	doi = {10.1075/sibil.36.10mun},
	pages = {193--218},
}

@article{munro_foreign_1995,
	title = {Foreign {Accent}, {Comprehensibility}, and {Intelligibility} in the {Speech} of {Second} {Language} {Learners}},
	volume = {45},
	url = {https://onlinelibrary.wiley.com/doi/10.1111/j.1467-1770.1995.tb00963.x},
	doi = {10.1111/j.1467-1770.1995.tb00963.x},
	number = {1},
	urldate = {2022-02-09},
	journal = {Language Learning},
	author = {Munro, M. J. and Derwing, T. M.},
	month = mar,
	year = {1995},
	pages = {73--97},
}

@article{munro_mutual_2006,
	title = {{THE} {MUTUAL} {INTELLIGIBILITY} {OF} {L2} {SPEECH}},
	volume = {28},
	url = {http://www.journals.cambridge.org/abstract_S0272263106060049},
	doi = {10.1017/S0272263106060049},
	number = {01},
	urldate = {2022-02-09},
	journal = {Studies in Second Language Acquisition},
	author = {Munro, M. J. and Derwing, T. M. and Morton, S. L.},
	month = mar,
	year = {2006},
}

@incollection{munro_2015,
	edition = {1},
	title = {Intelligibility in {Research} and {Practice}: {Teaching} {Priorities}},
	url = {https://onlinelibrary.wiley.com/doi/10.1002/9781118346952.ch21},
	urldate = {2022-02-09},
	booktitle = {The {Handbook} of {English} {Pronunciation}},
	publisher = {Wiley},
	author = {Munro, M. J. and Derwing, T. M.},
	editor = {Reed, M. and Levis, J. M.},
	month = may,
	year = {2015},
	doi = {10.1002/9781118346952.ch21},
	pages = {375--396},
}

@article{obrien_directions_2018,
	title = {Directions for the future of technology in pronunciation research and teaching},
	volume = {4},
	url = {http://www.jbe-platform.com/content/journals/10.1075/jslp.17001.obr},
	doi = {10.1075/jslp.17001.obr},
	number = {2},
	urldate = {2022-02-09},
	journal = {Journal of Second Language Pronunciation},
	author = {O’Brien, M. G. and Derwing, T. M. and Cucchiarini, C. and Hardison, D. M. and Mixdorff, Ha. and Thomson, R. I. and Strik, H. and Levis, J. M. and Munro, M. J. and Foote, J. A. and Levis, G. M.},
	month = dec,
	year = {2018},
	pages = {182--207},
}

@book{ortega_understanding_2009,
	address = {London},
	series = {Understanding language series},
	title = {Understanding second language acquisition},
	publisher = {Routledge},
	author = {Ortega, L.},
	year = {2009},
}

@book{pennington_english_2019,
	address = {London},
	title = {English {Pronunciation} {Teaching} and {Research}: {Contemporary} {Perspectives}},
	url = {http://link.springer.com/10.1057/978-1-137-47677-7},
	doi = {10.1057/978-1-137-47677-7},
	urldate = {2022-02-09},
	publisher = {Palgrave Macmillan UK},
	author = {Pennington, M. C. and Rogerson-Revell, P.},
	year = {2019},
}

@article{rogerson-revell_computer-assisted_2021,
	title = {Computer-{Assisted} {Pronunciation} {Training} ({CAPT}): {Current} {Issues} and {Future} {Directions}},
	volume = {52},
	url = {http://journals.sagepub.com/doi/10.1177/0033688220977406},
	doi = {10.1177/0033688220977406},
	language = {en},
	number = {1},
	urldate = {2022-02-09},
	journal = {RELC Journal},
	author = {Rogerson-Revell, P. M.},
	month = apr,
	year = {2021},
	pages = {189--205},
}

@inproceedings{roccamo_effective_2014,
	address = {Ames, IA},
	title = {Effective pronunciation instruction in basic language classrooms: {A} modular approach},
	booktitle = {Proceedings of the 5th {Pronunciation} in {Second} {Language} {Learning} and {Teaching} {Conference}},
	publisher = {Iowa State University},
	author = {Roccamo, A.},
	editor = {Levis, J. and McCrocklin, S.},
	year = {2014},
	pages = {183--189},
}

@incollection{sicola_2015,
	edition = {1},
	title = {Integrating {Pronunciation} into the {Language} {Classroom}},
	url = {https://onlinelibrary.wiley.com/doi/10.1002/9781118346952.ch26},
	urldate = {2022-02-09},
	booktitle = {The {Handbook} of {English} {Pronunciation}},
	publisher = {Wiley},
	author = {Sicola, L. and Darcy, I.},
	editor = {Reed, M. and Levis, J. M.},
	month = may,
	year = {2015},
	doi = {10.1002/9781118346952.ch26},
	pages = {471--487},
}

@book{slabakova_second_2016,
	address = {Oxford},
	title = {Second {Language} {Acquisition}},
	publisher = {Oxford University Press},
	author = {Slabakova, R.},
	year = {2016},
}

@article{thomson_effectiveness_2014,
	title = {The effectiveness of L2 pronunciation instruction: a narrative review},
	volume = {36},
	url = {https://academic.oup.com/applij/article-lookup/doi/10.1093/applin/amu076},
	doi = {10.1093/applin/amu076},
	number = {3},
	urldate = {2022-02-09},
	journal = {Applied Linguistics},
	author = {Thomson, R. I. and Derwing, T. M.},
	month = jul,
	year = {2014},
	pages = {326--344},
}

@incollection{vanpatten_2008,
	title = {Processing matters in input enhancement},
	url = {https://www.degruyter.com/document/doi/10.21832/9781847691118-005/html},
	urldate = {2022-02-09},
	booktitle = {Input {Matters} in {SLA}},
	publisher = {Multilingual Matters},
	author = {Vanpatten, B.},
	editor = {Piske, T. and Young-Scholten, M.},
	month = dec,
	year = {2008},
	doi = {10.21832/9781847691118-005},
	pages = {47--61},
}

@book{vanpatten_key_2019,
	address = {New York},
	title = {Key questions in second language acquisition: an introduction},
	publisher = {Cambridge University Press},
	author = {VanPatten, B. and Smith, M. and Benati, A. G.},
	year = {2019},
}

@article{yoshida_choosing_2018,
	title = {Choosing {Technology} {Tools} to {Meet} {Pronunciation} {Teaching} and {Learning} {Goals}},
	volume = {30},
	url = {https://eric.ed.gov/?id=EJ1174226},
	number = {1},
	urldate = {2022-02-09},
	journal = {CATESOL Journal},
	author = {Yoshida, M. T.},
	year = {2018},
	pages = {195--212},
}

@article{zhang_examining_2020,
	title = {Examining the effects of explicit pronunciation instruction on the development of l2 pronunciation},
	volume = {42},
	url = {https://www.cambridge.org/core/product/identifier/S0272263120000121/type/journal_article},
	doi = {10.1017/S0272263120000121},
	number = {4},
	urldate = {2022-02-09},
	journal = {Studies in Second Language Acquisition},
	author = {Zhang, R. and Yuan, Z.-M.},
	month = sep,
	year = {2020},
	pages = {905--918},
}

@book{yavas_applied_2011,
	address = {Oxford ; Malden, MA},
	edition = {2nd ed},
	title = {Applied {English} phonology},
	publisher = {Wiley-Blackwell},
	author = {Yavaş, M.},
	year = {2011},
}