
@article{acosta-vargas_accessibility_2021,
	title = {Accessibility in {Native} {Mobile} {Applications} for {Users} with {Disabilities}: {A} {Scoping} {Review}},
	volume = {11},
	url = {https://www.mdpi.com/2076-3417/11/12/5707},
	doi = {10.3390/app11125707},
	number = {12},
	urldate = {2022-10-04},
	journal = {Applied Sciences},
	author = {Acosta-Vargas, P. and Salvador-Acosta, B. and Salvador-Ullauri, L. and Villegas-Ch., W. and Gonzalez, M.},
	month = jun,
	year = {2021},
	pages = {5707},
}

@book{alba_pastor_diseno_2018,
	address = {Madrid},
	edition = {2ª ed},
	title = {Diseño universal para el aprendizaje: educación para todos y prácticas de enseñanza inclusivas},
	publisher = {Morata},
	author = {Alba Pastor, C.},
	year = {2018},
}

@book{alcaraz_didactica_2004,
	address = {Madrid},
	title = {Didáctica de las {Ciencias} {Sociales}: {Didáctica} de las {Ciencias} {Sociales} para {Primaria}},
	publisher = {Pearson Educación},
	author = {Alcaraz, A. and Cruz, M. and Guzmán, M. and Vidal, V. and Pastor, M. and Rodríguez, F. and Sánchez, C.},
	year = {2004},
}

@phdthesis{arguello_estrategias_2016,
	address = {Managua},
	type = {Tesis de pregrado},
	title = {Estrategias metodológicas que facilitan el proceso de enseñanza-aprendizaje de la {Geografía} e {Historia} en la {Educación} {Secundaria} {Básica}},
	school = {Universidad Nacional Autónoma de Nicaragua},
	author = {Arguello, B. and Sequeira, M.},
	year = {2016},
}

@book{arnaiz_atencion_2005,
	address = {Costa Rica},
	title = {Atención a la diversidad. {Programación} curricular},
	publisher = {Editorial Universidad Estatal a Distancia},
	author = {Arnáiz, P.},
	year = {2005},
}

@article{arnaiz_como_2007,
	title = {Cómo promover prácticas inclusivas en {Educación} {Secundaria}},
	volume = {1},
	number = {14},
	journal = {Revista perspectiva de los centros del profesorado de Andalucía},
	author = {Arnáiz, P.},
	year = {2007},
	pages = {57--71},
}

@misc{asociacion_asperger_andalucia_guipara_2020,
	title = {Guía para la atención del alumnado universitario con de 266.000 personas con discapacidad en situación vulnerable han recibido apoyo integral por parte del gobierno},
	url = {https://n9.cl/33sqj},
	urldate = {2022-10-04},
	author = {{Asociación Asperger Andalucía} and {Federación Andaluza de Síndrome de Asperger}},
	year = {2020},
}

@book{delgado_propuesta_2017,
	title = {Propuesta de aplicación del enfoque de educación inclusiva en instituciones educativas pertenecientes a la {Zona} 9 del {Distrito} {Metropolitano} de {Quito}},
	publisher = {Universidad Autónoma de Barcelona},
	author = {Delgado, K.},
	year = {2017},
}

@book{delgado_educacion_2019,
	title = {La educación inclusiva en {América} {Latina}: {Una} cuestión de actitud},
	publisher = {Fundación de Apoyo al Desarrollo Sustentable del Ecuador},
	author = {Delgado, K.},
	year = {2019},
}

@book{east_guipractica_2010,
	address = {Madrid},
	title = {Guía {Práctica} de {Necesidades} {Educativas} {Especiales}},
	author = {East, V. and Evans, L.},
	year = {2010},
}

@book{fe_y_alegria_guimetodologica_2020,
	address = {Quito},
	title = {Guía metodológica para la atención educativa a la diversidad},
	publisher = {Fe y Alegría},
	author = {{Fe y Alegría}},
	year = {2020},
}

@article{fernandez_palacio_neurodidactica_2017,
	title = {Neurodidáctica e inclusión educativa},
	volume = {80},
	url = {http://publicacionesdidacticas.com/hemeroteca/articulo/080051},
	number = {1},
	urldate = {2022-10-04},
	journal = {PublicacionesDidácticas},
	author = {Fernández Palacio, A.},
	month = feb,
	year = {2017},
	pages = {262--266},
}

@book{freire_pedagogioprimido_1992,
	address = {Madrid},
	title = {Pedagogía del oprimido},
	publisher = {Siglo XXI},
	author = {Freire, P.},
	year = {1992},
}

@misc{fundacion_universidad_internacional_de_la_rioja_como_2019,
	title = {¿{Cómo} trabajar con niños superdotados en el aula? {Consejos}},
	url = {https://www.unir.net/educacion/revista/trabajar-con-ninos-superdotados-aula/},
	urldate = {2022-10-04},
	journal = {Unir Revista},
	author = {{Fundación Universidad Internacional de la Rioja}},
	year = {2019},
}

@misc{gerhard_neurodidactica_2003,
	title = {Neurodidáctica},
	url = {https://www.investigacionyciencia.es/revistas/mente-y-cerebro/esquizofrenia-356/neurodidctica-3910},
	urldate = {2022-10-04},
	journal = {Revista Mente y cerebro: 4 – Esquizofrenia},
	author = {Gerhard, F. and Gerhard, P.},
	year = {2003},
}

@book{kielhofner_terapia_2005,
	address = {Buenos Aires},
	title = {Terapia {Ocupacional}. {Modelo} de la {Ocupación} {Humana}: teoría y aplicación},
	publisher = {Panamericana},
	author = {Kielhofner, G.},
	year = {2005},
}

@book{instituto_de_migraciones_y_servicios_sociales_manual_2000,
	title = {Manual de {Valoración} de las {Situaciones} de {Minusvalías}},
	author = {{Instituto de Migraciones y Servicios Sociales}},
	year = {2000},
}

@article{lagos_garrido_diseno_2019,
	title = {Diseño universal para el aprendizaje: una experiencia innovadora en el aula matemática de octavo año básico},
	volume = {18},
	url = {http://www.rexe.cl/ojournal/index.php/rexe/article/view/660},
	doi = {10.21703/rexe.20191836lagos3},
	number = {36},
	urldate = {2022-10-04},
	journal = {Revista de Estudios y Experiencias en Educación},
	author = {Lagos Garrido, O. M.},
	month = apr,
	year = {2019},
	pages = {257--267},
}

@book{ministerio_de_educacion_guitrabajo_2013,
	title = {Guía de {Trabajo} {Adaptaciones} {Curriculares} para la {Educación} {Especial} e {Inclusiva}},
	author = {{Ministerio de Educación}},
	year = {2013},
}

@book{ministerio_de_educacion_acuerdo_2013,
	title = {Acuerdo 0295-13},
	url = {https:// educacion.gob.ec/wp-content/uploads/downloads/2013/08/},
	urldate = {2021-09-13},
	author = {{Ministerio de Educación}},
	year = {2013},
}

@book{hernandez_sampieri_metodologiinvestigacion_2014,
	address = {México D.F.},
	edition = {Sexta edición},
	title = {Metodología de la investigación},
	publisher = {McGraw-Hill Education},
	author = {Hernández Sampieri, R. and Fernández Collado, C.},
	editor = {Baptista Lucio, P.},
	year = {2014},
}

@article{borja_arte_2013,
	title = {Arte en la discapacidad: un doble beneficio},
	url = {https://connect.usfq.edu.ec/sites/default/files/2020-07/0013_para_el_aula_06.pdf},
	urldate = {2022-10-05},
	author = {Borja, C.},
	month = jun,
	year = {2013},
	pages = {24--25},
}

@book{ministerio_de_educacion_curriculo_2014,
	title = {Currículo de {Educación} {Inicial}},
	author = {{Ministerio de Educación}},
	year = {2014},
}

@book{ministerio_de_educacion_curriculo_2006,
	title = {Currículo de los niveles de educación obligatoria},
	author = {{Ministerio de Educación}},
	year = {2016},
}

@book{ministerio_de_educacion_modelo_2019,
	title = {Modelo {Nacional} de {Gestión} y {Atención} para {Estudiantes} con {Necesidades} {Educativas} {Especiales} {Asociadas} a la {Discapacidad} para {Instituciones} {Educativas} {Especializadas}},
	author = {{Ministerio de Educación} and {Fe y Alegría} and {Organización de Estados Iberoamericanos}},
	year = {2019},
}

@book{ministerio_de_educacion_modelo_nodate,
	title = {Modelo {Nacional} de {Gestión} y {Atención} para {Estudiantes} con {Necesidades} {Educativas} {Especiales} {Asociadas} a la {Discapacidad} de las {Instituciones} de {Educación} {Especializadas}},
	url = {https://n9.cl/zjukk},
	urldate = {2022-01-09},
	author = {{Ministerio de Educación} and {Fe y Alegría} and {Organización de Estados Iberoamericanos}},
}

@book{ministerio_de_educacion_y_fondo_de_las_naciones_unidas_para_la_infancia_guiapoyo_2021,
	title = {Guía de {Apoyo} {Pedagógico}},
	author = {{Ministerio de Educación y Fondo de las Naciones Unidas para la Infancia}},
	year = {2021},
}

@book{morin_adaptaciones_2019,
	title = {Adaptaciones en el aula},
	url = {https://www.understood.org/es-mx/about/search-results?q=adaptaciones%20en%20el%20aula%20para%20tdha},
	urldate = {2021-12-13},
	author = {Morín, A.},
	year = {2019},
}

@book{organizacion_de_estados_iberoamericanos_guiadaptaciones_2016,
	address = {Quito},
	title = {Guía de {Adaptaciones} {Curriculares}},
	publisher = {Ministerio de Educación},
	author = {{Organización de Estados Iberoamericanos}},
	year = {2016},
}

@article{paniagua_g_neurodidactica:_2013,
	title = {{NEURODIDACTICA}: {UNA} {NUEVA} {FORMA} {DE} {HACER} {EDUCACIÓN}},
	volume = {6},
	url = {http://www.scielo.org.bo/scielo.php?script=sci_abstract&pid=S2071-081X2013000100009&lng=es&nrm=iso&tlng=es},
	number = {6},
	urldate = {2022-10-04},
	journal = {Fides et Ratio - Revista de Difusión cultural y científica de la Universidad La Salle en Bolivia},
	author = {Paniagua G, M. N.},
	month = sep,
	year = {2013},
	pages = {72--77},
}

@book{puertas_motricidad_2017,
	address = {Quito},
	title = {La motricidad fina en el aprendizaje de la pre-escritura en los niños y niñas de 5 años de primer año de educación general básica en la {Escuela} {Fiscal} {Mixta} “{Avelina} {Lasso} de {Plaza}”},
	publisher = {Universidad central del Ecuador},
	author = {Puertas, P.},
	year = {2017},
}

@book{rosell_alumnado_2010,
	address = {Barcelona},
	title = {Alumnado con discapacidad motriz, {Escuela} {Inclusiva}: {Alumnos} {Distintos}, {Pero} {No} {Diferentes}},
	publisher = {Graó},
	author = {Rosell, C. and Soro, E. and Basil, C.},
	year = {2010},
}

@article{vicepresidencia_de_la_republica_del_ecuador_estrategias_2011,
	title = {Estrategias pedagógicas para atender a las necesidades educativas especiales en la {Terapia} {Ocupacional} y {Educación} {Inclusiva}: aspectos relacionados al {Desempeño} {Ocupacional} de {Personas} con {Discapacidad}},
	journal = {Revista Chilena de Terapia Ocupacional},
	author = {{Vicepresidencia de la República del Ecuador} and {Ministerio de Educación}},
	year = {2011},
}

@book{werner_nino_2009,
	title = {El niño campesino deshabilitado, una guía para promotores de salud, trabajadores de rehabilitación y familias},
	url = {https://n9.cl/tz930},
	urldate = {2022-06-05},
	author = {Werner, D.},
	year = {2009},
}