@article{amaya2018,
  author = {Arturo {Amaya Amaya} and Emilio {Zúñiga Mireles} and Miguel {Salazar Blanco} and Alfonso {Ávila Ramírez}},
  title = {Empoderar a los profesores en su quehacer académico a través de certificaciones internacionales en competencia digitales},
  journal = {Apertura},
  volume = {10},
  number = {1},
  pages = {104--115},
  year = {2018},
  url = {http://www.udgvirtual.udg.mx/apertura/index.php/apertura/article/view/1174}
}

@article{barraganSanchez2020,
  doi = {10.3390/su12187721},
  url = {https://doi.org/10.3390/su12187721},
  year = {2020},
  month = sep,
  publisher = {{MDPI} {AG}},
  volume = {12},
  number = {18},
  pages = {7721},
  author = {Raquel Barragán-Sánchez and María-Carmen Corujo-Vélez and Antonio Palacios-Rodríguez and Pedro Román-Graván},
  title = {Teaching Digital Competence and Eco-Responsible Use of Technologies: Development and Validation of a Scale},
  journal = {Sustainability}
}

@article{bernalBravo2019,
  doi = {10.5209/rced.60188},
  url = {https://doi.org/10.5209/rced.60188},
  year = {2019},
  month = jun,
  publisher = {Universidad Complutense de Madrid ({UCM})},
  volume = {30},
  number = {4},
  pages = {1113--1126},
  author = {César Bernal-Bravo and Vicent Gozálvez and Ángel Hernándo Gómez and Maria José Massanet Jorda},
  title = {Relación entre formación universitaria y competencia mediática del profesorado},
  journal = {Revista Complutense de Educación}
}

@article{caberoBarroso2013,
  author = {Julio {Cabero Almenara} and Julio {Barroso Osuna}},
  title = {La utilización del juicio de experto para la evaluación de TIC: el Coeficiente de competencia experta},
  journal = {Bordón. Revista de Pedagogía},
  volume = {65},
  number = {2},
  year = {2013},
  pages = {25--38},
  url = {https://recyt.fecyt.es/index.php/BORDON/article/view/22403}
}

@article{caberoLlorente2013,
  author = {Julio {Cabero Almenara} and María del Carmen {Llorente Cejudo}},
  title = {La aplicación del juicio de experto como técnica de evaluación de las tecnologías de la información y comunicación (TIC)},
  journal = {Eduweb. Revista de Tecnología de Información y Comunicación en Educación},
  volume = {7},
  number = {2}, 
  year = {2013}, 
  pages = {11--22}
}

@article{caberoAlmenara2019a,
  doi = {10.30827/profesorado.v23i3.9421},
  url = {https://idus.us.es/handle/11441/89544},
  year = {2019},
  month = sep,
  publisher = {Editorial de la Universidad de Granada},
  volume = {23},
  number = {3},
  pages = {247--268},
  author = {Julio {Cabero Almenara} and Almudena {Martínez Gimeno}},
  title = {Las tecnologías de la información y comunicación y la formación inicial de los docentes: modelos y competencias digitales},
  journal = {Profesorado,  Revista de Currículum y Formación del Profesorado}
}

@article{caberoAlmenara2014,
  doi = {10.21556/edutec.2014.48.187},
  url = {https://www.edutec.es/revista/index.php/edutec-e/article/view/187},
  year = {2014},
  month = jun,
  publisher = {Edutec},
  number = {48},
  pages = {a272},
  author = {Julio Cabero Almenara and Alfonso Infante Moro},
  title = {Empleo del método Delphi y su empleo en la investigación en comunicación y educación},
  journal = {Edutec. Revista Electrónica de Tecnología Educativa}
}

@article{CaberoAlmenara2020,
  doi = {10.13042/bordon.2020.73436},
  url = {https://recyt.fecyt.es/index.php/BORDON/article/view/73436},
  year = {2020},
  month = jun,
  publisher = {Sociedad Espanola de Pedagogia},
  volume = {72},
  number = {2},
  pages = {45},
  author = {Julio Cabero-Almenara and Julio Barroso-Osuna and Juan Jesús Gutiérrez-Castillo and Antonio Palacios-Rodríguez},
  title = {Validación del cuestionario de competencia digital para futuros maestros mediante ecuaciones estructurales},
  journal = {Bordón. Revista de Pedagogía}
}

@article{caberoAlmenara2020a,
  doi = {10.3390/su12156094},
  url = {https://www.mdpi.com/2071-1050/12/15/6094},
  year = {2020},
  month = jul,
  publisher = {{MDPI} {AG}},
  volume = {12},
  number = {15},
  pages = {6094},
  author = {Julio Cabero-Almenara and Juan-Jesús Gutiérrez-Castillo and Antonio Palacios-Rodríguez and Julio Barroso-Osuna},
  title = {Development of the Teacher Digital Competence Validation of {DigCompEdu} Check-In Questionnaire in the University Context of Andalusia (Spain)},
  journal = {Sustainability}
}

@article{caberoAlmenara2020b,
  doi = {10.7821/naer.2020.7.578},
  url = {https://naerjournal.ua.es/article/view/v9n2-9},
  year = {2020},
  month = jul,
  publisher = {University of Alicante},
  volume = {9},
  number = {2},
  pages = {275},
  author = {Julio Cabero-Almenara and Rosalía Romero-Tena and Antonio Palacios-Rodríguez},
  title = {Evaluation of Teacher Digital Competence Frameworks Through Expert Judgement: the Use of the Expert Competence Coefficient},
  journal = {Journal of New Approaches in Educational Research}
}

@article{caberoAlmenara2019b,
  doi = {10.21071/edmetic.v9i1.12462},
  url = {https://www.uco.es/ucopress/ojs/index.php/edmetic/article/view/12462},
  year = {2019},
  month = dec,
  publisher = {Cordoba University Press ({UCOPress})},
  volume = {9},
  number = {1},
  pages = {213--234},
  author = {Julio Cabero-Almenara and Antonio Palacios-Rodríguez},
  title = {Marco Europeo de Competencia Digital Docente {\guillemotleft}{DigCompEdu}{\guillemotright}. Traducción y adaptación del cuestionario {\guillemotleft}{DigCompEdu} Check-In{\guillemotright}},
  journal = {{EDMETIC}}
}

@article{casalOtero2018,
  doi = {10.6018/riite/2018/334851},
  url = {https://revistas.um.es/riite/article/view/334851},
  year = {2018},
  month = dec,
  publisher = {Servicio de Publicaciones de la Universidad de Murcia},
  pages = {22--39},
  author = {Lorena Casal Otero and Carmen Fernández Morante and Beatriz Cebreiro López},
  title = {La Competencia en {TIC} del profesorado no universitario},
  journal = {Revista Interuniversitaria de Investigación en Tecnología Educativa}
}

@book{cohen2013statistical,
  title = {Statistical Power Analysis for the Behavioral Sciences},
  author = {Jacob Cohen},
  year = {1988},
  address = {Hillsdale, NJ},
  publisher = {Lawrence Erlbaum Associates}
}

@misc{consejoUE2018,
  author = {Council of the European Union},
  title = {Recomendación del Consejo, de 22 de mayo de 2018, relativa a las competencias clave para el aprendizaje permanente},
  address = {Bruselas},
  publisher = {Diario Oficial de la Unión Europea},
  year = {2018}
}

@article{duranCuartero2019,
  doi = {10.5944/ried.22.1.22069},
  url = {http://revistas.uned.es/index.php/ried/article/view/22069},
  year = {2019},
  month = jan,
  publisher = {{UNED} - Universidad Nacional de Educacion a Distancia},
  volume = {22},
  number = {1},
  pages = {187},
  author = {Marta {Durán Cuartero} and M{\textordfeminine} Paz {Prendes Espinosa} and Isabel {Gutiérrez Porlán}},
  title = {Certificaci{\'{o}}n de la Competencia Digital Docente: propuesta para el profesorado universitario},
  journal = {{RIED}. Revista Iberoamericana de Educación a Distancia}
}

@article{esteve2016,
  author = {Francesc M. Esteve-Mon and Mercè Gisbert-Cervera and José Luis Lázaro-Cantabrana},
  title = {La competencia digital de los futuros docentes: ¿cómo se ven los actuales estudiantes de educación?},
  journal = {Perspectivas Educacional},
  volume = {55}, 
  number = {2}, 
  pages = {38--54}, 
  year = {2016},
  url = {http://perspectivaeducacional.cl/index.php/peducacional/article/viewFile/412/207}
}

@article{falloon2020,
  doi = {10.1007/s11423-020-09767-4},
  url = {https://link.springer.com/article/10.1007/s11423-020-09767-4},
  year = {2020},
  month = mar,
  publisher = {Springer Science and Business Media {LLC}},
  volume = {68},
  number = {5},
  pages = {2449--2472},
  author = {Garry Falloon},
  title = {From digital literacy to digital competence: the teacher digital competency ({TDC}) framework},
  journal = {Educational Technology Research and Development}
}

@article{pozosPrez2018,
  doi = {10.19083/ridu.2018.712},
  url = {https://revistas.upc.edu.pe/index.php/docencia/article/view/712},
  year = {2018},
  month = dec,
  publisher = {Universidad Peruana de Ciencias Aplicadas},
  volume = {12},
  number = {2},
  author = {Katia V. Pozos Pérez and José Tejada Fernández},
  title = {Competencias Digitales en Docentes de Educación Superior: Niveles de Dominio y Necesidades Formativas},
  journal = {Revista Digital de Investigación en Docencia Universitaria}
}

@article{fernandezMarquez2018,
  doi = {10.19083/ridu.12.558},
  url = {https://revistas.upc.edu.pe/index.php/docencia/article/view/558},
  year = {2018},
  month = jun,
  publisher = {Universidad Peruana de Ciencias Aplicadas},
  pages = {213--231},
  author = {Esther Fernández Márquez and Juan José Leiva-Olivencia and Eloy López-Meneses},
  title = {Competencias digitales en docentes de Educación Superior},
  journal = {Revista Digital de Investigación en Docencia Universitaria}
}

@book{ferrari2013,
  title = {DIGCOMP: a framework for developing and understanding digital competence in Europe.},
  url = {https://data.europa.eu/doi/10.2788/52966},
  DOI = {10.2788/52966},
  publisher = {Publications Office of the European Commission},
  address = {Luxembourg},
  author = {Anusca Ferrari},
  year = {2013}
}

@article{galiciaAlarcn2017,
  doi = {10.32870/ap.v9n2.993},
  url = {http://www.udgvirtual.udg.mx/apertura/index.php/apertura/article/view/993},
  year = {2017},
  month = oct,
  publisher = {Universidad de Guadalajara},
  volume = {9},
  number = {2},
  pages = {42--53},
  author = {Liliana Aidé {Galicia Alarcón} and Jorge Arturo {Balderrama Trápaga} and Rubén {Edel Navarro}},
  title = {Content validity by experts judgment: Proposal for a virtual tool},
  journal = {Apertura}
}


@inproceedings{Ghomi2019,
  doi = {10.5220/0007679005410548},
  url = {https://www.scitepress.org/Link.aspx?doi=10.5220/0007679005410548},
  year = {2019},
  publisher = {{SCITEPRESS} - Science and Technology Publications},
  author = {Mina Ghomi and Christine Redecker},
  title = {Digital Competence of Educators ({DigCompEdu}): Development and Evaluation of a Self-assessment Instrument for Teachers{\textquotesingle} Digital Competence},
  booktitle = {Proceedings of the 11th International Conference on Computer Supported Education}
}

@article{gudmundsdottir2017,
  doi = {10.1080/02619768.2017.1416085},
  url = {https://www.tandfonline.com/doi/abs/10.1080/02619768.2017.1416085},
  year = {2017},
  month = dec,
  publisher = {Informa {UK} Limited},
  volume = {41},
  number = {2},
  pages = {214--231},
  author = {Greta Björk Gudmundsdottir and Ove Edvard Hatlevik},
  title = {Newly qualified teachers' professional digital competence: implications for teacher education},
  journal = {European Journal of Teacher Education}
}

@misc{intef2017,
  author = {{INTEF}},
  title = {Marco Común de Competencia Digital Docente},
  month = oct,
  year = {2017},
  address = {Madrid},
  publisher = {Instituto Nacional de Tecnologías Educativas y Formación del Profesorado},
  url = {https://aprende.intef.es/sites/default/files/2018-05/2017_1020_Marco-Com%C3%BAn-de-Competencia-Digital-Docente.pdf}
}

@book{landeta1999,
  title={El método Delphi: una técnica de previsión del futuro},
  author={Jon {Landeta Rodríguez}},
  series={Ariel Practicum},
  year={2002},
  publisher={Ariel}
}

@article{lazaroCantabrana2019,
  doi = {10.7821/naer.2019.1.370},
  url = {https://naerjournal.ua.es/article/view/v8n1-10},
  year = {2019},
  month = jan,
  publisher = {University of Alicante},
  volume = {8},
  number = {1},
  pages = {73--78},
  author = {José Luis Lázaro-Cantabrana and Mireia Usart-Rodríguez and Mercè Gisbert-Cervera},
  title = {Assessing Teacher Digital Competence: the Construction of an Instrument for Measuring the Knowledge of Pre-Service Teachers},
  journal = {Journal of New Approaches in Educational Research}
}

@article{lopezGomez2017,
  doi = {10.5944/educxx1.20169},
  url = {http://revistas.uned.es/index.php/educacionXX1/article/view/20169},
  year = {2017},
  month = nov,
  publisher = {{UNED} - Universidad Nacional de Educacion a Distancia},
  volume = {21},
  number = {1},
  author = {Ernesto López-Gómez},
  title = {El método Delphi en la investigación actual en educación: una revisión teórica y metodológica},
  journal = {Educación {XX}1}
}

@article{padillaHernandez2019,
  doi = {10.24310/innoeduca.2019.v5i2.5600},
  url = {https://revistas.uma.es/index.php/innoeduca/article/view/5600},
  year = {2019},
  month = dec,
  publisher = {Malaga University},
  volume = {5},
  number = {2},
  pages = {140},
  author = {Angelina Lorelí Padilla-Hernández and Vanesa M.{\textordfeminine} Gámiz-Sánchez and M.{\textordfeminine} Asunción Romero-López},
  title = {Niveles de desarrollo de la Competencia Digital Docente: una mirada a marcos recientes del ámbito internacional},
  journal = {Innoeduca. International Journal of Technology and Educational Innovation}
}

@article{malla1978,
  author = {F. Malla and I. Zabala},
  title = {La previsión del futuro en la empresa (III): el método Delphi},
  journal = {Estudios Empresariales},
  volume = {39},
  pages = {13--24},
  year = {1978}
}

@article{prendesEspinosa2011,
  title = {Competencias tecnológicas del profesorado en las Universidades españolas},
  ISSN = {1988-592X},
  url = {http://www.educacionyfp.gob.es/revista-de-educacion/numeros-revista-educacion/numeros-anteriores/2013/re361/re361-08.html},
  DOI = {10.4438/1988-592X-RE-2011-361-140},
  journal = {Revista de Educación},
  publisher = {Secretaría General Técnica. Subdirección General de Documentación y Publicaciones},
  author = {M. Paz {Prendes Espinosa} and Isabel {Gutiérrez Porlán}},
  year = {2011}
}

@book{redecker2017,
  title = {European framework for the digital competence of educators: DigCompEdu.},
  url = {https://data.europa.eu/doi/10.2760/159770},
  DOI = {10.2760/159770},
  address = {Luxembourg},
  publisher = {Publications Office of the European Union},
  author = {Christine Redecker and Yves Punie},
  year = {2017}
}

@article{reisolu2020,
  doi = {10.1016/j.compedu.2020.103940},
  url = {https://www.sciencedirect.com/science/article/abs/pii/S036013152030138X},
  year = {2020},
  month = oct,
  publisher = {Elsevier {BV}},
  volume = {156},
  pages = {103940},
  author = {{\.{I}}lknur Reiso{\u{g}}lu and Ay{\c{c}}a {\c{C}}ebi},
  title = {How can the digital competences of pre-service teachers be developed? Examining a case study through the lens of {DigComp} and {DigCompEdu}},
  journal = {Computers \& Education}
}

@article{robles2015,
  author = {Pilar {Robles Garrote} and Manuela del Carmen Rojas},
  title = {La validación por juicio de expertos: dos investigaciones cualitativas en Lingüística aplicada},
  journal = {Revista Nebrija de Lingüística Aplicada},
  volume = {18},
  year = {2015}
}

@article{rodrguezGarca2019,
  doi = {10.12795/pixelbit.2019.i54.04},
  url = {https://doi.org/10.12795/pixelbit.2019.i54.04},
  year = {2019},
  publisher = {Editorial Universidad de Sevilla},
  number = {54},
  pages = {65--82},
  author = {Antonio-Manuel Rodríguez-García and Francisco Raso Sánchez and Julio Ruiz-Palmero},
  title = {Competencia digital,  educación superior y formación del profesorado: un estudio de meta-análisis en la web of science},
  journal = {Pixel-Bit,  Revista de Medios y Educación}
}

@article{ruizCabezas2020,
  doi = {10.12795/pixelbit.74676},
  url = {https://institucional.us.es/revistas/PixelBit/2020/74676.pdf},
  year = {2020},
  publisher = {Editorial Universidad de Sevilla},
  number = {58},
  pages = {181--215},
  author = {Adiela Ruiz Cabezas and María Castañar Medina Domínguez and Eufrasio Pérez Navío and Antonio María Medina Rivilla},
  title = {Formación del Profesorado Universitario en la Competencia Digital},
  journal = {Pixel-Bit,  Revista de Medios y Educación}
}

@article{semerci2018,
  doi = {10.29329/ijpe.2018.139.7},
  url = {https://ijpe.penpublishing.net/makale/471},
  year = {2018},
  month = apr,
  publisher = {Pen Academic Publishing},
  volume = {14},
  number = {2},
  pages = {93--105},
  author = {Ali Semerci and M. Kemal Aydin},
  title = {Examining High School Teachers' Attitudes towards {ICT} Use in Education},
  journal = {International Journal of Progressive Education}
}

@book{siegel1976,
  author = {Sidney Siegel},
  title = {Estadística no paramétrica aplicada a las ciencias de la conducta},
  publisher = {Trillas},
  address = {México},
  year = {1976}
}

@article{silva2019,
  doi = {10.14507/epaa.27.3822},
  url = {https://epaa.asu.edu/ojs/article/view/3822},
  year = {2019},
  month = aug,
  publisher = {Education Policy Analysis Archives},
  volume = {27},
  pages = {93},
  author = {Juan Silva and María-Julia Morales and José-Luis Lázaro-Cantabrana and Mercè Gisbert and Paloma Miranda and Ana Rivoir and Alicia Onetto},
  title = {La competencia digital docente en formación inicial: Estudio a partir de los casos de Chile y Uruguay},
  journal = {education policy analysis archives}
}

@article{suarezRodrguez2018,
  doi = {10.1007/s11423-018-9591-0},
  url = {https://link.springer.com/article/10.1007%2Fs11423-018-9591-0},
  year = {2018},
  month = apr,
  publisher = {Springer Science and Business Media {LLC}},
  volume = {66},
  number = {5},
  pages = {1165--1187},
  author = {Jesús Suárez-Rodríguez and Gonzalo Almerich and Natividad Orellana and Isabel Díaz-García},
  title = {A basic model of integration of {ICT} by teachers: competence and use},
  journal = {Educational Technology Research and Development}
}


@book{vuorikari2016,
  title = {DigComp 2.0: the digital competence framework for citizens},
  url = {https://data.europa.eu/doi/10.2791/11517},
  DOI = {10.2791/11517},
  address = {Luxembourg},
  publisher = {Publications Office of the European Union},
  author = {Riina Vuorikari and Yves Punie and Stephanie Carretero and Lieve Van den Brande},
  year = {2016}
}


