@techreport{ACACIACultiva,
author = {Calder{\'{o}}n, Dora In{\'{e}}s and Blanco, Mar{\'{i}}a de Jes{\'{u}}s and {Ayala Cardona}, Jaime Alberto and Merino, Cristian and Espinoza, Esther and Rivera, Mailing and {Nevai Centeno}, Blanca and Arag{\'{o}}n, Mibsam and Laguna, Odalye and Alfonso, Gabriela and Gonz{\'{a}}lez, Jeison and Reis, Marcia and Reina, Juanita},
institution = {ACACIA Cultiva},
pages = {83},
title = {{Fen{\'{o}}meno deserci{\'{o}}n en Cultiva}},
year = {2017}
}

@misc{Addinsoft,
author = {Addinsoft},
title = {{XLSTAT | Software estad{\'{i}}stico Excel}},
url = {https://www.xlstat.com/es/},
urldate = {2021-08-09}
}

@article{Antonenko2012,
author = {Antonenko, P. D. and Toy, S. and Niederhauser, D. S.},
doi = {10.1007/s11423-012-9235-8},
journal = {Educational Technology Research and Development},
number = {3},
pages = {383--398},
title = {{Using cluster analysis for data mining in educational technology research}},
volume = {60},
year = {2012}
}

@techreport{ProyectoAlfaGuia,
author = {Arriaga, J. and Vel{\'{a}}squez, M.},
institution = {Proyecto ALFA GUIA DCI-ALA/2010/94},
title = {{Proyecto ALFA-III "Gesti{\'{o}}n Universitaria Integral del Abandono": Construcci{\'{o}}n colectiva del concepto de abandono en la educaci{\'{o}}n superior para su medici{\'{o}}n y an{\'{a}}lisis}},
year = {2013}
}

@article{BarriosF2011,
author = {{Barrios Rubio}, A.},
journal = {Revista CIS},
number = {14},
pages = {59--72},
title = {{Deserci{\'{o}}n Universitaria en Chile. Incidencia del financiamiento y otros factores asociados.}},
url = {http://www.techo.org/wp-content/uploads/2013/02/barrios.pdf},
year = {2011}
}

@article{Bean1985a,
author = {Bean, J. P.},
doi = {10.3102/00028312022001035},
journal = {American Educational Research Journal},
number = {1},
pages = {35--64},
title = {{Interaction Effects Based on Class Level in an Explanatory Model of College Student Dropout Syndrome}},
volume = {22},
year = {1985}
}

@article{Bean1985,
author = {Bean, J. P. and Metzner, B. S.},
doi = {10.3102/00346543055004485},
journal = {Review of Educational Research},
number = {4},
pages = {485--540},
title = {{A Conceptual Model of Nontraditional Undergraduate Student Attrition}},
volume = {55},
year = {1985}
}

@article{Becker1962,
author = {Becker, G.},
journal = {The Journal of Political Economy},
number = {5},
pages = {9--49},
title = {{Investment in human capital: A theoretical analysis}},
volume = {70},
year = {1962}
}

@article{Behr2021,
author = {Behr, A. and Giese, M. and {Teguim Kamdjou}, H. D. and Theune, K.},
doi = {10.1111/ejed.12433},
journal = {European Journal of Education},
number = {2},
pages = {325--343},
title = {{Motives for dropping out from higher education--An analysis of bachelor's degree students in Germany}},
volume = {56},
year = {2021}
}

@article{Bouzayane2017,
author = {Bouzayane, S. and Saad, I.},
doi = {10.1007/978-3-319-59044-8_18},
journal = {Lecture Notes in Computer Science (including subseries Lecture Notes in Artificial Intelligence and Lecture Notes in Bioinformatics)},
pages = {160--169},
title = {{Weekly predicting the at-risk MOOC learners using dominance-based rough set approach}},
volume = {10254 LNCS},
year = {2017}
}

@incollection{Braxton1997,
address = {NY, EE.UU.},
author = {Braxton, J. M. and Johnson, R. M. and Shaw-Sullivan, A.},
booktitle = {Higher Education Handbook of theory and research, Vol. 12},
doi = {10.1353/csd.2014.0061},
editor = {{Agathon Press}},
title = {{Appraising Tinto's theory of college student departure}},
year = {1997}
}

@article{Braxton2002,
author = {Braxton, J. M. and McClendon, S. A.},
doi = {10.2190/rgxj-u08c-06vb-jk7d},
journal = {Journal of College Student Retention: Research, Theory {\&} Practice},
number = {1},
pages = {57--71},
title = {{The Fostering of Social Integration and Retention through Institutional Practice}},
volume = {3},
year = {2002}
}

% @article{Buritica2019,
% author = {Buritic{\'{a}}, N. C. and Matamoros, M. Y. and Castillo, F. and Araya, E. and Ahumada, G. and Gatica, G.},
% doi = {10.1504/IJLSM.2019.103089},
% journal = {International Journal of Logistics Systems and Management},
% number = {3},
% pages = {352--374},
% title = {{Selection of supplier management policies using clustering and fuzzy-AHP in the retail sector}},
% volume = {34},
% year = {2019}
% }

@article{Buritica2019,
author = {Buritic{\'{a}}, Nicolas Clavijo and Matamoros, M{\'{o}}nica Yoshida and Castillo, Felipe and Araya, Esteban and Ahumada, Gerardo and Gatica, Gustavo},
doi = {10.1504/IJLSM.2019.103089},
issn = {17427975},
journal = {International Journal of Logistics Systems and Management},
number = {3},
pages = {352--374},
title = {{Selection of supplier management policies using clustering and fuzzy-AHP in the retail sector}},
volume = {34},
year = {2019}
}

@article{Cabrera2006a,
author = {Cabrera, L. and {Bethencourt Ben{\'{i}}tez}, J. T. and {Gonz{\'{a}}lez Afonso}, M. and {{\'{A}}lvarez P{\'{e}}rez}, P.},
journal = {Revista ELectr{\'{o}}nica de Investigaci{\'{o}}n y EValuaci{\'{o}}n Educativa},
number = {1},
pages = {105--127},
title = {{Un estudio transversal retrospectivo sobre prolongaci{\'{o}}n y abandono de estudios universitarios}},
volume = {12},
year = {2006}
}

@article{Cabrera2006,
author = {Cabrera, L. and Bethencourt, J. T. and {{\'{A}}lvarez P.}, P. and {Gonz{\'{a}}lez A.}, M.},
journal = {RELIEVE: Revista Electr{\'{o}}nica de Investigaci{\'{o}}n y Evaluaci{\'{o}}n Educativa},
number = {2},
pages = {171--203},
title = {{El problema del abandono de los estudios universitarios}},
volume = {12},
year = {2006}
}

@inproceedings{CalvacheF.2018,
author = {{Calvache F.}, L. C. and {Alvarez V.}, V. and {Trivi{\~{n}}o A.}, J. I. and {Quiceno R.}, C. and {Pulgarin G.}, R.},
booktitle = {Octava Conferencia Latinoamericana sobre el Abandono en la Educaci{\'{o}}n Superior},
pages = {1177--1185},
title = {{Aplicaci{\'{o}}n de t{\'{e}}cnicas de miner{\'{i}}a de datos para la identificaci{\'{o}}n de patrones de deserci{\'{o}}n estudiantil como apoyo a las estrategias de SARA (Sistema de acompa{\~{n}}amiento para el rendimiento acad{\'{e}}mico)}},
year = {2018}
}

@article{Carvajal2018,
author = {Carvajal, C. M and Gonz{\'{a}}lez, J. A.},
number = {2},
pages = {3--12},
title = {{Variables Sociodemogr{\'{a}}ficas y Acad{\'{e}}micas Explicativas de la Deserci{\'{o}}n de Estudiantes en la Facultad de Ciencias Naturales de la Universidad de Playa Ancha (Chile)}},
volume = {11},
year = {2018}
}

@book{CentroInteruniversitariodeDesarrolloCINDA2006,
address = {Santiago de Chile},
author = {{Centro Interuniversitario de Desarrollo (CINDA)}},
editor = {{Colecci{\'{o}}n Gesti{\'{o}}n Universitaria}},
pages = {380},
publisher = {Colecci{\'{o}}n Gesti{\'{o}}n Universitaria},
title = {{Repitencia y Deserci{\'{o}}n Universitaria en Am{\'{e}}rica Latina}},
year = {2006}
}

@unpublished{Chapman1999,
author = {Chapman, P. and Kerber, R. and Clinton, J. and Khabaza, T. and Reinartz, T. and Wirth, R.},
number = {C},
title = {{The CRISP-DM Process Model}},
year = {1999}
}

@techreport{ComisionNacionaldeAcreditacionCNA2020,
address = {Santiago de Chile},
author = {{Comisi{\'{o}}n Nacional de Acreditaci{\'{o}}n (CNA)}},
institution = {Comisi{\'{o}}n Nacional de Acreditaci{\'{o}}n},
title = {{Criterios y est{\'{a}}ndares para la acreditaci{\'{o}}n de universidades}},
year = {2020}
}

@article{Delen2010,
author = {Delen, D.},
doi = {10.1016/j.dss.2010.06.003},
journal = {Decision Support Systems},
number = {4},
pages = {498--506},
publisher = {Elsevier B.V.},
title = {{A comparative analysis of machine learning techniques for student retention management}},
url = {http://dx.doi.org/10.1016/j.dss.2010.06.003},
volume = {49},
year = {2010}
}

@article{DiazPeralta2008,
author = {{D{\'{i}}az Peralta}, C.},
journal = {Estudios Pedag{\'{o}}gicos},
number = {2},
pages = {65--86},
title = {{Modelo conceptual para la deserci{\'{o}}n estudiantil universitaria chilena}},
volume = {XXXIV},
year = {2008}
}

@article{Donoso2007a,
author = {Donoso, S. and Schiefelbein, E.},
doi = {10.4067/s0718-07052007000100001},
journal = {Estudios Pedagogicos},
number = {1},
pages = {7--27},
title = {{Analisis de los modelos explicativos de retencion de estudiantes en la universidad: Una vision desde la desigualdad social}},
volume = {33},
year = {2007}
}

@article{Ethington1990,
author = {Ethington, C. A.},
doi = {10.1007/BF00992313},
journal = {Research in Higher Education},
number = {3},
pages = {279--293},
title = {{A psychological model of student persistence}},
volume = {31},
year = {1990}
}

@article{Fenyes2021,
author = {F{\'{e}}nyes, H. and Moh{\'{a}}csi, M. and Pallay, K.},
doi = {10.14254/2071-789X.2021/14-1/4},
journal = {Economics and Sociology},
number = {1},
pages = {61--75},
title = {{Career consciousness and commitment to graduation among higher education students in Central and Eastern Europe}},
volume = {14},
year = {2021}
}

@techreport{Ferreyra2017,
address = {Washington},
author = {Ferreyra, M. M. and Avitabile, C. and {Botero {\'{A}}lvarez}, J. and {Haimovich Paz}, F. and Urz{\'{u}}a, S.},
booktitle = {World Bank Group},
doi = {10.2753/RSL1061-1975230163},
institution = {World Bank Group},
number = {1},
pages = {272},
title = {{At a Crossroads: Higher Education in Latin America and the Caribbean}},
volume = {23},
year = {2017}
}

@article{Francisco2011,
author = {Francisco, J. and Mu{\~{n}}oz, R. and Salda{\~{n}}a, I. H.},
journal = {Revista de la Educaci{\'{o}}n Superior},
number = {160},
pages = {29--49},
title = {{?Desertores o decepcionados? Distintas causas para abandonar los estudios universitarios}},
volume = {XL (4)},
year = {2011}
}

@techreport{GonzalezF2005,
address = {Santiago, Chile},
author = {{Gonz{\'{a}}lez F}, L. E. and {Uribe Jorquera}, D. and {Gonz{\'{a}}lez Vidal}, S.},
institution = {IESALC-UNESCO},
title = {{Estudio sobre la repitencia y deserci{\'{o}}n en la Educaci{\'{o}}n Superior Chilena}},
year = {2005}
}

@article{Gonzalez2018a,
author = {Gonz{\'{a}}lez, L. E. and Uribe, D.},
doi = {10.31619/caledu.n17.408},
journal = {Calidad en la Educaci{\'{o}}n},
number = {17},
pages = {75--90},
title = {{Estimaciones sobre la "repitencia" y deserci{\'{o}}n en la Educaci{\'{o}}n Superior Chilena. Consideraciones sobre sus implicaciones.}},
year = {2018}
}

@article{Greco2002a,
author = {Greco, S. and Matarazzo, B. and Slowinski, R.},
journal = {Handbook of data mining and knowledge discovery},
pages = {1--14},
title = {{Multicriteria classification by dominance-based rough set approach}},
url = {http://idss.cs.put.poznan.pl/site/fileadmin/projects-images/4emka{\_}methodology.pdf},
year = {2002}
}

@incollection{Greco1999,
address = {Boston, MA},
author = {Greco, S. and Matarazzo, B. and Slowinski, R.},
booktitle = {Advances in Multiple Criteria Decision Making},
doi = {10.1007/978-1-4615-5025-9_14},
editor = {Gal, T. and Hanne, T. and Stewart, T.},
pages = {397--455},
publisher = {Kluwer Academic Publishers},
title = {{The Use of Rough Sets and Fuzzy Sets in MCDM}},
year = {1999}
}

@article{Henriquez2016,
author = {Henr{\'{i}}quez, N. and Escobar-Riff, D.},
journal = {Revista Mexicana de Investigaci{\'{o}}n Educativa RMIE},
pages = {14056666},
title = {{Construcci{\'{o}}n de un modelo de alerta temprana para la detecci{\'{o}}n de estudiantes en riesgo de deserci{\'{o}}n de la Universidad Metropolitana de Ciencias de la Educaci{\'{o}}n}},
volume = {21},
year = {2016}
}

@article{Hernandez2018,
author = {Hern{\'{a}}ndez, J. and Espinosa, J. and Pe{\~{n}}aloza, M. and Rodriguez, J. and Chac{\'{o}}n, J. and Toloza, C. and Arenas, M. and Carrillo, S. and Berm{\'{u}}dez, V.},
journal = {Archivos Venezolanos de Farmacolog{\'{i}}a y Terap{\'{e}}utica},
number = {5},
pages = {587--595},
title = {{Sobre el uso adecuado del coeficiente de correlaci{\'{o}}n de Pearson: definici{\'{o}}n, propiedades y suposiciones}},
volume = {37},
year = {2018}
}

@article{Himmel2002,
author = {Himmel, E.},
doi = {10.31619/caledu.n17.409},
journal = {Calidad en la Educaci{\'{o}}n},
number = {17},
pages = {91},
title = {{Modelo de an{\'{a}}lisis de la deserci{\'{o}}n estudiantil en la educaci{\'{o}}n superior.}},
year = {2002}
}

%@inproceedings{HinojosaV2021,
%address = {Santiago de Chile},
%author = {{Hinojosa V.}, M. F.},
%booktitle = {International Conference of Production Research-Americas},
%doi = {10.1007/978-3-030-76310-7_10},
%pages = {2176--2190},
%publisher = {Springer},
%title = {{Adaptation of the Balanced Scorecard to Latin American Higher %Education Institutions in the Context of Strategic Management: A Systematic Review with Meta-analysis}},
%volume = {1408 CCIS},
%year = {2021}
%}

@inproceedings{HinojosaV2021,
address = {Santiago de Chile},
author = {{Hinojosa V.}, Mauricio.},
booktitle = {International Conference of Production Research-Americas},
doi = {10.1007/978-3-030-76310-7_10},
isbn = {9783030763091},
issn = {18650937},
pages = {2176--2190},
publisher = {Springer},
title = {{Adaptation of the Balanced Scorecard to Latin American Higher Education Institutions in the Context of Strategic Management: A Systematic Review with Meta-analysis}},
volume = {1408 CCIS},
year = {2021}
}

@techreport{Hofflinger2020,
address = {Osorno, Chile},
author = {Hofflinger, A.},
institution = {Universidad de Los Lagos},
title = {{Dise{\~{n}}o y construcci{\'{o}}n de un modelo de detecci{\'{o}}n temprana de deserci{\'{o}}n para las carreras de pregrado FID ULagos}},
url = {http://pedi.ulagos.cl/wp-content/uploads/2021/08/AT{\_}informe-final-2.pdf},
year = {2020}
}

@book{Hossler1990,
address = {New York},
author = {Hossler, D. and Bean, J. P.},
edition = {1st ed.},
editor = {Jossey-Bass},
pages = {330},
title = {{The strategic management of college enrollments}},
year = {1990}
}

@article{HuescaRamirez2007,
author = {{Huesca Ram{\'{i}}rez}, M. G. and {Casta{\~{n}}o Corvo}, M. B.},
journal = {Revista Mexicana de Orientaci{\'{o}}n Educativa},
number = {12},
pages = {34--39},
title = {{Causas de deserci{\'{o}}n de alumnos de primeros semestres de una universidad privada}},
volume = {5},
year = {2007}
}

@article{Ishitani2002,
author = {Ishitani, T. T. and Desjardins, S. L.},
journal = {J. College Student Retention},
number = {2},
pages = {173--201},
title = {{A Longitudinal Investigation of Dropout From College in the United States* an Overview of Student Departure Theory}},
volume = {4},
year = {2002}
}

@article{Kehm2020,
author = {Kehm, B. M. and Larsen, M. R. and Sommersel, H. B.},
doi = {10.1556/063.9.2019.1.18},
journal = {Hungarian Educational Research Journal},
number = {2},
pages = {147--164},
title = {{Student dropout from universities in Europe: A review of empirical literature}},
volume = {9},
year = {2020}
}

@inproceedings{Kirton2000,
author = {Kirton, M.},
booktitle = {Dissertation Abstracts International Section A: Humanities {\&} Social Sciences},
number = {2-A},
pages = {522},
title = {{Transitional factors influencing the academic persistence of firstsemester undergraduate freshmen}},
volume = {61},
year = {2000}
}

@book{Kuh2010,
author = {Kuh, G. D. and Kinzie, J. and Schuh, J. H. and Whitt, E.},
edition = {1st ed.},
editor = {Jossey-Bass;},
pages = {416},
publisher = {Jossey-Bass},
title = {{Student Success in College: Creating Conditions That Matter}},
year = {2010}
}

@misc{LaboratoryofIntelligentDecisionSupportSystemsIDSS,
author = {{Laboratory of Intelligent Decision Support Systems IDSS}},
title = {{Software 4eMka2}},
url = {http://idss.cs.put.poznan.pl/site/4emka.html},
urldate = {2021-08-23}
}

@article{Larroucau2015,
author = {Larroucau, T.},
doi = {10.5354/0719-6296.2015.38351},
journal = {Estudio de pol{\'{i}}ticas p{\'{u}}blicas},
number = {1},
pages = {1--23},
title = {{Estudio de los factores determinantes de la deserci{\'{o}}n en el sistema universitario chileno}},
volume = {1},
year = {2015}
}

@book{LemaitreIESALC2017,
author = {Lemaitre, M. J.},
booktitle = {ess, Educaci{\'{o}}n Superior y Sociedad},
editor = {IESALC-UNESCO},
institution = {IESALC-UNESCO},
pages = {33--4},
publisher = {IESALC-UNESCO},
title = {{Aseguramiento de la Calidad en Am{\'{e}}rica Latina}},
year = {2017}
}

@article{Lujan1981,
author = {Lujan, J. R. and Resendiz, A. N.},
journal = {Universidad Aut{\'{o}}noma Metropolitana Iztapalapa},
title = {{Hacia la construcci{\'{o}}n de un modelo causal en el an{\'{a}}lisis de la deserci{\'{o}}n}},
year = {1981}
}

@article{Maldonado2021,
author = {Maldonado, S. and Miranda, J. and Olaya, D. and V{\'{a}}squez, J. and Verbeke, W.},
doi = {10.1016/j.dss.2021.113493},
journal = {Decision Support Systems},
number = {August 2020},
title = {{Redefining profit metrics for boosting student retention in higher education}},
volume = {143},
year = {2021}
}

@article{Medrano2010,
author = {Medrano, L. A. and Galleano, C. and Galera, M. and Fern{\'{a}}ndez, R. del V.},
journal = {LIiberabit},
number = {2},
pages = {183--191},
title = {{Creencias irracionales, rendimiento y deserci{\'{o}}n acad{\'{e}}mica en ingresantes universitarios}},
volume = {16},
year = {2010}
}

@misc{Ministeriodeeducacion2006,
author = {{Ministerio de Educaci{\'{o}}n}},
title = {{Ley 20.129: Establece un Sistema Nacional de Aseguramiento de la Calidad de la Educaci{\'{o}}n Superior}},
year = {2006}
}

@misc{Ministeriodeeducacion2018,
author = {{Ministerio de Educaci{\'{o}}n}},
title = {{Ley 21.091 Sobre Educaci{\'{o}}n Superior}},
year = {2018}
}

@article{Miranda2017,
author = {Miranda, M. A. and Guzm{\'{a}}n, J.},
doi = {10.4067/S0718-50062017000300007},
journal = {Formacion Universitaria},
number = {3},
pages = {61--68},
title = {{An{\'{a}}lisis de la deserci{\'{o}}n de estudiantes universitarios usando t{\'{e}}cnicas de miner{\'{i}}a de datos}},
volume = {10},
year = {2017}
}

@article{Munizaga2018,
author = {Munizaga, F. and Cifuentes, M. B.},
doi = {10.14507/epaa.26.3348},
journal = {archivos anal{\'{i}}ticos de pol{\'{i}}ticas educativas},
number = {61},
title = {{Retenci{\'{o}}n y Abandono Estudiantil en la Educaci{\'{o}}n Superior Universitaria en Am{\'{e}}rica Latina y el Caribe : Una Revisi{\'{o}}n Sistem{\'{a}}tica}},
volume = {26},
year = {2018}
}

@article{Nora2002,
author = {Nora, A.},
doi = {10.2190/byt5-9f05-7f6m-5ycm},
journal = {Journal of College Student Retention: Research, Theory {\&} Practice},
number = {1},
pages = {41--56},
title = {{The Depiction of Significant others in Tinto's "Rites of Passage": A Reconceptualization of the Influence of Family and Community in the Persistence Process}},
volume = {3},
year = {2002}
}

@article{Nora1990,
author = {Nora, A. and Rendon, L. I.},
doi = {10.1007/BF00992310},
journal = {Research in Higher Education},
number = {3},
pages = {235--255},
title = {{Determinants of predisposition to transfer among community college students: A structural model}},
volume = {31},
year = {1990}
}

@techreport{OECD2021,
address = {Paris},
author = {OECD},
doi = {10.4135/9781529714395.n163},
publisher = {OECD Publishing},
title = {{Education at a Glance 2021: OECD indicators}},
url = {https://doi.org/10.1787/b35a14e5-en},
year = {2021}
}

@incollection{OECD2009b,
address = {Paris},
author = {OECD},
booktitle = {Highlights from Education at a Glance, 2008},
pages = {24--26},
publisher = {OECD Publishing},
title = {{How many students drop out of tertiary education?}},
url = {http://dx.doi.org/10.1787/401536355051.},
year = {2009}
}

@article{PegalajarPalomino2015,
author = {{Pegalajar Palomino}, M. del C.},
doi = {10.35362/rie682191},
journal = {Revista Iberoamericana de Educaci{\'{o}}n},
number = {2},
pages = {173--190},
title = {{Desarrollo de estrategias de aprendizaje en el proceso de formaci{\'{o}}n docente}},
volume = {68},
year = {2015}
}

@article{Rosario2012,
author = {Ros{\'{a}}rio, P. and Louren{\c{c}}o, A. and Paiva, M. O. and N{\'{u}}{\~{n}}ez, J. C. and González-Pienda, J. A. and Valle, A.},
journal = {Anales de Psicologia},
number = {1},
pages = {37--44},
title = {{Autoeficacia y utilidad percibida como condiciones necesarias para un aprendizaje acad{\'{e}}mico autorregulado}},
volume = {28},
year = {2012}
}

@article{Ryan2003,
author = {Ryan, M. P. and Glenn, P. A.},
doi = {10.2190/kunn-a2ww-rfqt-py3h},
journal = {Journal of College Student Retention: Research, Theory {\&} Practice},
number = {3},
pages = {297--324},
title = {{Increasing One-Year Retention Rates by Focusing on Academic Competence: An Empirical Odyssey}},
volume = {4},
year = {2003}
}

@book{Schreiber2020,
author = {Schreiber, B. and Ludeman, R. B.},
edition = {Third ed.},
title = {{Student Affairs and Services in Higher Education: Global Foundations , Issues , and Best Practices.}},
year = {2020}
}

@misc{Schultz1962,
author = {Schultz, T. W.},
booktitle = {The Amercian Economic Review Vol. 51},
number = {No. 1},
pages = {1--20},
title = {{Investment in Human Capital}},
volume = {51},
year = {1962}
}

@techreport{ServiciodeInformaciondeEducacionSuperiorSIES2020,
address = {Santiago de Chile},
author = {{Servicio de Informaci{\'{o}}n de Educaci{\'{o}}n Superior (SIES)}},
institution = {Servicio de Informacion de Educacion Superior},
pages = {1--16},
title = {{Informe 2020 Retenci{\'{o}}n de 1er A{\~{n}}o de pregrado. Cohortes 2015 - 2019}},
year = {2020}
}

@techreport{ServiciodeInformaciondeEducacionSuperiorSIES2014,
address = {Santiago de Chile},
author = {{Servicio de Informaci{\'{o}}n de Educaci{\'{o}}n Superior (SIES)}},
booktitle = {Servicio de Informacion de Educacion Superior},
institution = {Servicio de Informacion de Educacion Superior},
pages = {57},
title = {{Panorama de la educaci{\'{o}}n superior en Chile 2014}},
url = {http://www.mifuturo.cl/images/Estudios/Estudios{\_}SIES{\_}DIVESUP/panorama{\_}de{\_}la{\_}educacion{\_}superior{\_}2014{\_}sies.pdf},
year = {2014}
}

@techreport{ServiciodeInformaciondeEducacionSuperiorSIES2019,
address = {Santiago de Chile},
author = {{Servicio de Informaci{\'{o}}n de Educaci{\'{o}}n Superior (SIES)}},
institution = {Servicio de Informacion de Educacion Superior},
pages = {3--26},
title = {{Deserci{\'{o}}n de primer a{\~{n}}o y Reingreso a la Educaci{\'{o}}n Superior en Chile: An{\'{a}}lisis de la cohorte 2015}},
year = {2019}
}

@article{Spady1970,
author = {Spady, W. G.},
doi = {10.1007/BF02214313},
journal = {Interchange},
number = {1},
pages = {64--85},
title = {{Dropouts from higher education: An interdisciplinary review and synthesis}},
volume = {1},
year = {1970}
}

@article{St.John2000,
author = {{St. John}, E. P. and Cabrera, A. F. and Nora, A. and Asker, E. H.},
doi = {10.2307/j.ctv176kvf4.5},
journal = {Reworking the Student Departure Puzzle},
pages = {29--47},
title = {{Economic Influences on Persistence Reconsidered: How Can Finance Research Inform the Reconceptualization of Persistence Models?}},
volume = {1},
year = {2000}
}

@article{Thomas2002,
author = {Thomas, L.},
doi = {10.1080/02680930210140257},
journal = {Journal of Education Policy},
number = {4},
pages = {423--442},
title = {{Student retention in higher education: The role of institutional habitus}},
volume = {17},
year = {2002}
}

@article{Thurow1973,
author = {Thurow, L. C.},
doi = {10.4337/9781784712105.00017},
journal = {The ANNALS of the American Academy of Political and Social Science},
number = {1},
pages = {146--155},
title = {{The Political Economy of Income Redistribution Policies}},
volume = {409},
year = {1973}
}

@article{Tinto1975,
author = {Tinto, V.},
journal = {Review of Educational Research},
number = {1},
pages = {89--125},
title = {{Dropout from Higher Education: A Theoretical Synthesis of Recent Research}},
volume = {45},
year = {1975}
}

@incollection{Tinto2005c,
address = {Westport, Connecticut.},
author = {Tinto, V.},
booktitle = {College Student Retention: Formula for Student Success},
chapter = {Epilogue},
editor = {{Rowman {\&} Littlefield Publishers}},
pages = {317--333},
title = {{Moving from theory to action}},
year = {2005}
}

@article{Tinto1998,
author = {Tinto, V.},
journal = {The Review of Higher Education},
number = {2},
pages = {169--177},
title = {{Colleges as Communities: Taking Research on Student Persistence Seriously}},
volume = {21},
year = {1998}
}

@book{Tinto1993,
address = {Chicago},
author = {Tinto, V.},
edition = {2nd ed.},
editor = {{University of Chicago Press}},
pages = {312},
publisher = {University of Chicago Press},
title = {{Leaving college: rethinking the causes and cures of student attrition}},
year = {1993}
}

@article{Tseng2016,
author = {Tseng, S. F. and Tsao, Y. W. and Yu, L. C. and Chan, C. L. and Lai, K. R.},
doi = {10.1186/s41039-016-0033-5},
journal = {Research and Practice in Technology Enhanced Learning},
number = {1},
publisher = {Research and Practice in Technology Enhanced Learning},
title = {{Who will pass? Analyzing learner behaviors in MOOCs}},
url = {http://dx.doi.org/10.1186/s41039-016-0033-5},
volume = {11},
year = {2016}
}

@book{UNESCOInstituteforStatistics2012,
author = {UNESCO-UIS},
pages = {84},
title = {{International Standard Classification of Education: ISCED 2011}},
url = {http://uis.unesco.org/en/isced-mappings},
year = {2012}
}

@techreport{UNESCO-UIS/OECD/EUROSTAT2005,
address = {Paris},
author = {{UNESCO-UIS / OECD / EUROSTAT}},
title = {{UOE data collection on education systems - Volume1 - Manual: Concepts, definitions and classifications}},
volume = {1},
year = {2005}
}

@article{Vargas2019,
author = {Vargas, Ma. and Alfaro, M. and Fuertes, G. and Gatica, G. and Gutierrez, S. and Vargas, S. and Banguera, L. and Duran, C.},
journal = {International Journal of Engineering Education},
number = {5},
pages = {1336--1342},
title = {{CDIO project approach to design Polynesian canoes by first-year engineering students}},
volume = {35},
year = {2019}
}

@article{Velasquez2014,
author = {Vel{\'{a}}squez, L. and Hitpass, B.},
doi = {10.13140/2.1.3217.8880},
journal = {JCC Workshop on Business Process Management},
number = {November},
title = {{El nivel de Actividad en el Proceso Educativo como Indicador de Riesgo de Deserci{\'{o}}n Estudiantil medido en tiempo real con apoyo de tecnolog{\'{i}}a BAM}},
year = {2014}
}

@article{Vijaya2019,
author = {Vijaya, V. and Sharma, S. and Batra, N.},
doi = {10.1109/COMITCon.2019.8862232},
journal = {Proceedings of the International Conference on Machine Learning, Big Data, Cloud and Parallel Computing: Trends, Prespectives and Prospects, COMITCon 2019},
pages = {568--573},
publisher = {IEEE},
title = {{Comparative Study of Single Linkage, Complete Linkage, and Ward Method of Agglomerative Clustering}},
year = {2019}
}

@inproceedings{Wasserman2001,
author = {Wasserman, K. N.},
booktitle = {Dissertation Abstracts International Section A: Humanities {\&} Social Sciences},
pages = {915},
title = {{Psychological and developmental differences between students who withdraw from college for personal-psychological reasons and continuing students}},
year = {2001}
}

@article{Wirth2000,
author = {Wirth, R.},
journal = {Proceedings of the Fourth International Conference on the Practical Application of Knowledge Discovery and Data Mining},
number = {24959},
pages = {29--39},
title = {{CRISP-DM : Towards a Standard Process Model for Data Mining}},
year = {2000}
}

@article{Yip2021,
author = {Yip, M. C.W.},
doi = {10.1080/03075079.2019.1695111},
journal = {Studies in Higher Education},
number = {8},
pages = {1565--1577},
publisher = {Taylor {\&} Francis},
title = {{The linkage among academic performance, learning strategies and self-efficacy of Japanese university students: a mixed-method approach}},
url = {https://doi.org/10.1080/03075079.2019.1695111},
volume = {46},
year = {2019}
}

@article{Yip2019,
author = {Yip, M. C.W.},
doi = {10.1080/03075079.2019.1695111},
journal = {Studies in Higher Education},
number = {8},
pages = {1565--1577},
publisher = {Taylor {\&} Francis},
title = {{The linkage among academic performance, learning strategies and self-efficacy of Japanese university students: a mixed-method approach}},
url = {https://doi.org/10.1080/03075079.2019.1695111},
volume = {46},
year = {2019}
}


@article{Vargas2019,
  title = {{CDiO} project approach to design Polynesian canoes by first-year engineering students},
  journal = {International Journal of Engineering Education},
  year = {2019},
  volume = {35},
  number = {5},
  pages = {1336--1342},
  author = {Manuel Eduardo Vargas and Miguel Alfaro and Guillermo Fuertes and Gustavo Gatica and Sebastian Gutierrez and Soledad Vargas and Leonardo Banguera and Claudia Durán}
} 

