@article{olaniyi2020,
    title         = {Threshold concepts: designing a format for the flipped classroom as an active learning technique for crossing the threshold},
    author        = {Olaniyi, Nkaepe},
    year          = {2020},
    journal       = {Research and Practice in Technology Enhanced Learning},
    volume        = {15},
    pages         = {1--15},
    doi           = {10.1186/s41039-020-0122-3},
}

@article{kong2021,
    title         = {Delivery and evaluation of an e-Learning framework through computer-aided analysis of learners’ reflection text in a teacher development course},
    author        = {Kong, Siu},
    year          = {2021},
    journal       = {Research and Practice in Technology Enhanced Learning},
    volume        = {16},
    pages         = {1--22},
    doi           = {10.1186/s41039-021-00172-w},
}

@article{nkomo2021,
    title         = {Synthesis of student engagement with digital technologies: a systematic review of the literature},
    author        = {Nkomo, Larian and Daniel, Ben and Butson, Russell},
    year          = {2021},
    journal       = {International Journal of Educational Technology in Higher Education},
    volume        = {18},
    pages         = {1--26},
    doi           = {10.1186/s41239-021-00270-1},
}

@article{zhu2021,
    title         = {Curriculum design for social, cognitive and emotional engagement in Knowledge Building},
    author        = {Zhu, Gaxiola and Raman, Preeti and Xing, Wanli and Slotta, Jim},
    year          = {2021},
    journal       = {International Journal of Educational Technology in Higher Education},
    volume        = {18},
    pages         = {1--19},
    doi           = {10.1186/s41239-021-00276-9},
}

@article{abdullah2022,
    title         = {University students’ satisfaction and future outlook towards forced remote learning during a global pandemic},
    author        = {Abdullah, Siti and Arokiyasamy, Klara and Goh, Sock and Culas, Andrea and Manaf, Abdul},
    year          = {2022},
    journal       = {Smart Learning Environments},
    volume        = {9},
    number        = {1},
    pages         = {1--21},
    doi           = {10.1186/s40561-022-00197-8},
}

@article{almwzaiji2022,
    title         = {Online self-evaluation: the EFL writing skills in focus},
    author        = {Al-Mwzaiji, Khaled and Alzubi, Ali},
    year          = {2022},
    journal       = {Asian-Pacific Journal of Second and Foreign Language Education},
    volume        = {7},
    number        = {1},
    pages         = {1--16},
    doi           = {10.1186/s40862-022-00135-8},
}

@article{ali2023,
    title         = {Factors effecting digital citizenship in education sector: A systematic review and future direction},
    author        = {Ali, Irfan and Butt, Khadalij and Warraich, Nosheen},
    year          = {2023},
    journal       = {Education and Information Technologies},
    volume        = {28},
    pages         = {15789--15821},
    doi           = {10.1007/s10639-023-11811-8},
}

@article{bergaoui2023,
    title         = {A BPM-based approach for ensuring an agile and adaptive learning process},
    author        = {Bergaoui, Nisseb and Ghannouchi, Sonia},
    year          = {2023},
    journal       = {Smart Learning Environments},
    volume        = {10},
    pages         = {1--34},
    doi           = {10.1186/s40561-023-00259-5},
}

@article{chugh2023,
    title         = {Gamification in education: A citation network analysis using CitNetExplorer},
    author        = {Chugh, Ristenn and Turnbull, Darren},
    year          = {2023},
    journal       = {Contemporary Educational Technology},
    volume        = {15},
    number        = {2},
    pages         = {1--12},
    doi           = {10.30935/cedtech/12863},
}

@article{gomeztrigueros2023,
    title         = {Digital skills and ethical knowledge of teachers with TPACK in higher education},
    author        = {Gómez-Trigueros, Isabel},
    year          = {2023},
    journal       = {Contemporary Educational Technology},
    volume        = {15},
    number        = {2},
    pages         = {1--10},
    doi           = {10.30935/cedtech/12874},
}

@article{kaynak2023,
    title         = {UZEP: A cloud-based distance education platform for higher education institutions},
    author        = {Kaynak, Baran and Tuna, Osman and Ozbek, Ugur and Aksoy, Ahmed and Horzum, Burak},
    year          = {2023},
    journal       = {Turkish Online Journal of Distance Education},
    volume        = {24},
    number        = {4},
    pages         = {220--237},
    doi           = {10.17718/tojde.1188032},
}

@article{landa2023,
    title         = {Leader support and the integration of innovative teaching-learning technologies: the mediating role of technological level of knowledge},
    author        = {Landa, Elizabeth and Zhu, Chang and Sesabo, Jennifer and Machumu, Haruni},
    year          = {2023},
    journal       = {Education and Information Technologies},
    volume        = {28},
    pages         = {15523--15541},
    doi           = {10.1007/s10639-023-11776-8},
}

@article{lee2023,
    title         = {Integrating intercultural communicative competence into an online EFL classroom: an empirical study of a secondary school in Thailand},
    author        = {Lee, Tzu and Ho, Yun and Chen, Chen},
    year          = {2023},
    journal       = {Asian-Pacific Journal of Second and Foreign Language Education},
    volume        = {8},
    pages         = {1--25},
    doi           = {10.1186/s40862-022-00174-1},
}

@article{lomos2023,
    title         = {Implementing ICT in classroom practice: what else matters besides the ICT infrastructure?},
    author        = {Lomos, Chi and Luyten, Jen and Tieck, So},
    year          = {2023},
    journal       = {Large-scale Assessments in Education},
    volume        = {11},
    pages         = {1--28},
    doi           = {10.1186/s40536-022-00144-6},
}

@article{siantuba2023,
    title         = {The impact of an online inquiry-based learning environment addressing misconceptions on students' performance},
    author        = {Siantuba, Jackson and Nkhata, Leonard and De-Jong, Ton},
    year          = {2023},
    journal       = {Smart Learning Environments},
    volume        = {10},
    pages         = {1--18},
    doi           = {10.1186/s40561-023-00236-y},
}

@article{tonbuloglu2023,
    title         = {State of research on e-assessment in education: a bibliometric analysis},
    author        = {Tonbuloglu, Betul},
    year          = {2023},
    journal       = {Turkish Online Journal of Distance Education},
    volume        = {24},
    number        = {4},
    pages         = {276--301},
    doi           = {10.17718/tojde.1184218},
}

@article{tuamsuk2023,
    title         = {Key success factors for transforming classrooms into learning communities in digital learning ecosystem at secondary schools in Thailand},
    author        = {Tuamsuk, Kulthida and Nguyen, Lan and Kanjug, Issara and Lowatcharin, Grinwach and Manakul, Teeraland and Poonpon, Kulthida and Sarakorn, Wan and Somabut, Anucha and Srisawasdi, Niskra and Traiyarach, Sakusika},
    year          = {2023},
    journal       = {Contemporary Educational Technology},
    volume        = {15},
    number        = {2},
    pages         = {1--12},
    doi           = {10.30935/cedtech/12920},
}

@article{turner2023,
    title         = {Lessons learnt during COVID-19: making sense of Australian and Swedish university lecturers’ experience},
    author        = {Turner, Kristina and O’Brien, Siobhan and Wallström, Helena and Samuelsson, Katarina},
    year          = {2023},
    journal       = {International Journal of Educational Technology in Higher Education},
    volume        = {20},
    pages         = {1--17},
    doi           = {10.1186/s41239-023-00395-5},
}

@article{yersel2023,
    title         = {Digital divide and emergency remote education: reconsidering the use of educational radio during the pandemic},
    author        = {Yersel, Bursin and Kalkan, Balsan and Er, Firzet and Ozer, Azur and Korul, Aysel},
    year          = {2023},
    journal       = {Turkish Online Journal of Distance Education},
    volume        = {24},
    number        = {4},
    pages         = {238--256},
    doi           = {10.17718/tojde.1101847},
}

@article{zhang2023,
    title         = {How can technology leverage university teaching \& learning innovation? A longitudinal case study of diffusion of technology innovation from the knowledge creation perspective},
    author        = {Zhang, Xioaleli and Chen, Shuangye and Wang, Xiaoxiao},
    year          = {2023},
    journal       = {Education and Information Technologies},
    volume        = {28},
    pages         = {15543--15569},
    doi           = {10.1007/s10639-023-11780-y},
}
