@article{lein1978,
    title         = {Children's disputes in three speach communities},
    author        = {Lein, Laura and Brenneis, Donald},
    year          = {1978},
    journal       = {Language in Society},
    volume        = {7},
    number        = {3},
    pages         = {299--323},
}

@book{raskin1985,
    title         = {Semantic mechanisms in humor},
    author        = {Raskin, Victor},
    year          = {1985},
    publisher     = {Reidel},
    address       = {Boston},
}

@article{culpeper1996,
    title         = {Towards an anatomy of impoliteness},
    author        = {Culpeper, Jonathan},
    year          = {1996},
    journal       = {Journal of Pragmatics},
    volume        = {25},
    pages         = {349--367},
}

@article{hay2002,
    title         = {Male cheerleaders and wanton women: Humour among New Zealand friends},
    author        = {Hay, Jennifer},
    year          = {2002},
    journal       = {Te Reo},
    volume        = {45},
    pages         = {3--36},
}

@book{carter2004,
    title         = {Language and creativity: The art of common talk},
    author        = {Carter, Ronald},
    year          = {2004},
    publisher     = {Routledge},
    address       = {Abingdon},
}

@article{culpeper2005,
    title         = {Impoliteness and entertainment in the television quiz show: ‘The Weakest Link’},
    author        = {Culpeper, Jonathan},
    year          = {2005},
    journal       = {Journal of Politeness Research: Language, Behaviour, Culture},
    volume        = {1},
    number        = {1},
    pages         = {35--72},
}

@article{bousfield2007,
    title         = {Beginnings, middles and ends: A biopsy of the dynamics of impolite exchanges},
    author        = {Bousfield, Derek},
    year          = {2007},
    journal       = {Journal of Pragmatics},
    volume        = {39},
    number        = {12},
    pages         = {2185--2216},
    doi           = {10.1016/j.pragma.2006.11.005},
    url           = {https://doi.org/10.1016/j.pragma.2006.11.005},
}

@article{awde2009,
    title         = {The influence of cultural values on the parent-child interaction patterns of families from an Asian background},
    author        = {Awde, Nadine},
    year          = {2009},
    journal       = {Arecls},
    volume        = {6},
    number        = {2},
    pages         = {1--17},
}

@article{kantara2010,
    title         = {Impoliteness strategies in ‘House MD’},
    author        = {Kantara, Argyro},
    year          = {2010},
    journal       = {Lodz Papers in Pragmatics},
    volume        = {6},
    number        = {2},
    pages         = {305--339},
}

@book{culpeper2011,
    title         = {Impoliteness: Using language to cause offence},
    author        = {Culpeper, Jonathan},
    year          = {2011},
    publisher     = {Cambridge University Press},
    address       = {Cambridge},
}

@incollection{culpeper2013,
    title         = {Impoliteness: Questions and answers},
    author        = {Culpeper, Jonathan},
    year          = {2013},
    booktitle     = {Aspects of impoliteness},
    publisher     = {Cambridge Scholars Publishing},
    address       = {Cambridge},
    pages         = {2--15},
    editor        = {Jamet, D. and Jobert, M.},
}

@incollection{garces2013,
    title         = {Relational work in anonymous, asynchronous communication: A study of (dis)affiliation in YouTube},
    author        = {Garcés-Conejos Blitvich, Pilar and Lorenzo-Dus, Nuria and Bou-Franch, Patricia},
    year          = {2013},
    booktitle     = {Research trends in intercultural pragmatics},
    publisher     = {De Gruyter},
    pages         = {343--366},
    editor        = {Kecskés, Istvan},
}

@article{henrich2013,
    title         = {Web news readers’ comments: Towards developing a methodology for using on-line comments in social inquiry},
    author        = {Henrich, Natalie and Holmes, Bev},
    year          = {2013},
    journal       = {Journal of Media and Communication Studies},
    volume        = {5},
    number        = {1},
    pages         = {1},
    doi           = {10.5897/jmcs11.103},
}

@article{boyd2014,
    title         = {(New) participatory framework on YouTube? Commenter interaction in US political speeches},
    author        = {Boyd, Michael},
    year          = {2014},
    journal       = {Journal of Pragmatics},
    volume        = {72},
    pages         = {46--58},
}

@article{dubois2014,
    title         = {Towards a dialogic syntax},
    author        = {Du Bois, John},
    year          = {2014},
    journal       = {Cognitive Linguistics},
    volume        = {25},
    number        = {3},
    pages         = {359--410},
}

@article{spencer-oatey2016,
    title         = {The bases of (im)politeness evaluations: Culture, the moral order and the East–West debate},
    author        = {Spencer-Oatey, Helen and Kádár, Daniel},
    year          = {2016},
    journal       = {East Asian Pragmatics},
    volume        = {1},
    number        = {1},
    pages         = {73--106},
}

@incollection{tagg2017,
    title         = {Giving and taking offence: theoretical and empirical approaches},
    author        = {Tagg, Caroline and Seargeant, Philip and Brown, Amy Aisha},
    year          = {2017},
    booktitle     = {Taking Offence on Social Media: Conviviality and Communication on Facebook},
    publisher     = {Springer},
    pages         = {43--52},
    editor        = {Brown, Amy Aisha and Tagg, Caroline and Seargeant, Philip},
}

@article{bousfield2018,
    title         = {Creative linguistic impoliteness as aggression in Stanley Kubrick’s Full Metal Jacket},
    author        = {Bousfield, Derek and McIntyre, Dan},
    year          = {2018},
    journal       = {Journal of Literary Semantics},
    volume        = {47},
    number        = {1},
    pages         = {43--65},
    doi           = {10.1515/jls-2018-0003},
    url           = {https://doi.org/10.1515/jls-2018-0003},
}

@article{brown2018,
    title         = {What is so special about online (as compared to offline) hate speech?},
    author        = {Brown, Alexander},
    year          = {2018},
    journal       = {Ethnicities},
    volume        = {18},
    number        = {3},
    pages         = {297--326},
}

@article{sinkeviciute2018,
    title         = {“Ya bloody drongo!!!” Impoliteness as situated moral judgement on Facebook},
    author        = {Sinkeviciute, Valeria},
    year          = {2018},
    journal       = {Internet Pragmatics},
    volume        = {1},
    number        = {2},
    pages         = {271--302},
}

@article{tantucci2018,
    title         = {Dynamic resonance and social reciprocity in language change: The case of good morrow},
    author        = {Tantucci, Vittorio and Culpeper, Jonathan and Di Cristofaro, Matteo},
    year          = {2018},
    journal       = {Language Sciences},
    volume        = {68},
    pages         = {6--21},
}

@article{vladimirou2018,
    title         = {Ludic impoliteness and globalisation on Twitter: ‘I speak England very best’ \#agglika\_Tsipra, \#Tsipras \#Clinton},
    author        = {Vladimirou, Dimitra and House, Juliane},
    year          = {2018},
    journal       = {Journal of Pragmatics},
    volume        = {134},
    pages         = {149--162},
}

@article{xie2018,
    title         = {Introducing Internet Pragmatics},
    author        = {Xie, Chaoqun and Yus, Francisco},
    year          = {2018},
    journal       = {Internet Pragmatics},
    volume        = {1},
    number        = {1},
    pages         = {1--12},
}

@article{alias2019,
    title         = {Impoliteness strategies used by Malaysian netizens in response to the music videos of drag queens},
    author        = {Alias, Asniah and Ashraff Yahaya, Mohamad Qairul},
    year          = {2019},
    journal       = {International Journal of Social Science Research},
    volume        = {1},
    number        = {2},
    pages         = {44--58},
}

@book{chen2019,
    title         = {Critical pragmatic studies on Chinese public discourse},
    author        = {Chen, Xinren},
    year          = {2019},
    publisher     = {Routledge},
    address       = {Abingdon},
}

@article{dynel2019,
    title         = {Risum teneatis, amici?☆: The socio-pragmatics of RoastMe humour},
    author        = {Dynel, Marta and Poppi, Fabio},
    year          = {2019},
    journal       = {Journal of Pragmatics},
    volume        = {139},
    pages         = {1--21},
}

@article{wanmahmood2019,
    title         = {Tackling bad language portrayal in children’s dubbed animated series dialogues},
    author        = {Wan Mahmood, Wan Halizawati and Abdul Wahid, Puteri Roslina and Ross, Lawrence Nathaniel},
    year          = {2019},
    journal       = {International Journal of Language, Literacy and Translation},
    volume        = {2},
    number        = {1},
    pages         = {52--67},
}

@article{yun2020,
    title         = {Mind your social media manners: Pseudonymity, imaginary audience, and incivility on Facebook vs. YouTube},
    author        = {Yun, Gi Woong and Allgayer, Sasha and Park, Sung-Yeon},
    year          = {2020},
    journal       = {International Journal of Communication},
    volume        = {14},
    pages         = {3418--3438},
}

@article{andersson2021,
    title         = {The climate of climate change: Impoliteness as a hallmark of homophily in YouTube comment threads on Greta Thunberg’s environmental activism},
    author        = {Andersson, Marta},
    year          = {2021},
    journal       = {Journal of Pragmatics},
    volume        = {178},
    pages         = {93--107},
    doi           = {10.1016/j.pragma.2021.03.003},
    url           = {https://doi.org/10.1016/j.pragma.2021.03.003},
}

@article{culpeper2021,
    title         = {The principle of (im)politeness reciprocity},
    author        = {Culpeper, Jonathan and Tantucci, Vittorio},
    year          = {2021},
    journal       = {Journal of Pragmatics},
    volume        = {175},
    pages         = {146--164},
}

@article{han2021,
    title         = {Situated impoliteness revisited: Blunt anti-epidemic slogans and conflicting comments during the coronavirus outbreak in China},
    author        = {Han, Yanmei},
    year          = {2021},
    journal       = {Journal of Pragmatics},
    volume        = {178},
    pages         = {31--42},
    doi           = {10.1016/j.pragma.2021.03.004},
    url           = {https://doi.org/10.1016/j.pragma.2021.03.004},
}

@article{matamorosfernandez2021,
    title         = {Racism, hate speech, and social media: A systematic review and critique},
    author        = {Matamoros-Fernández, Ariadna and Farkas, Johan},
    year          = {2021},
    journal       = {Television \& New Media},
    volume        = {22},
    number        = {2},
    pages         = {205--224},
}

@article{tantucci2021,
    title         = {Resonance and engagement through (dis-)agreement: Evidence of persistent constructional priming from Mandarin naturalistic interaction},
    author        = {Tantucci, Vittorio and Wang, Aiqing},
    year          = {2021},
    journal       = {Journal of Pragmatics},
    volume        = {175},
    pages         = {94--111},
}

@article{vladimirou2021,
    title         = {Aggressive complaining on social media: the case of \#MuckyMerton},
    author        = {Vladimirou, Dimitra and House, Juliane and Kádár, Daniel},
    year          = {2021},
    journal       = {Journal of Pragmatics},
    volume        = {177},
    pages         = {51--64},
}

@article{beden2022,
    title         = {Strategi ketidaksantunan Culpeper (1996) sebagai tanda keprihatinan netizen semasa penularan wabak covid-19: Culpeper impoliteness strategy (1996) as an awareness indicator in the midst of COVID-19},
    author        = {Beden, Sara and Rosly, Nurul Jamilah},
    year          = {2022},
    journal       = {Jurnal Melayu Sedunia},
    volume        = {5},
    number        = {1},
    pages         = {35--54},
}

@article{kapoor2022,
    title         = {“Don't act like a Sati-Savitri!”: Hinglish and other impoliteness strategies in Indian YouTube comments},
    author        = {Kapoor, Shrutika},
    year          = {2022},
    journal       = {Journal of Pragmatics},
    volume        = {189},
    pages         = {4--16},
}

@article{tantucci2022a,
    title         = {Dynamic resonance and explicit dialogic engagement in Mandarin first language acquisition},
    author        = {Tantucci, Vittorio and Wang, Aiqing},
    year          = {2022},
    journal       = {Discourse Processes},
    volume        = {59},
    number        = {7},
    pages         = {553--574},
}

@article{tantucci2022b,
    title         = {Resonance as an applied predictor of cross-cultural interaction: Constructional priming in Mandarin and American English interaction},
    author        = {Tantucci, Vittorio and Wang, Aiqing},
    year          = {2022},
    journal       = {Applied Linguistics},
    volume        = {43},
    number        = {1},
    pages         = {115--146},
}

@article{tantucci2022,
    title         = {Reciprocity and epistemicity: On the (proto)social and cross-cultural ‘value’ of information transmission},
    author        = {Tantucci, Vittorio and Wang, Aiqing and Culpeper, Jonathan},
    year          = {2022},
    journal       = {Journal of Pragmatics},
    volume        = {194},
    pages         = {54--70},
}

@misc{jocelyn2023malaysian,
    title         = {Malaysian airline joke},
    author        = {Chia Jocelyn},
    year          = {2023},
    publisher     = {YouTube},
    url           = {https://www.youtube.com/watch?v=g2BZ7b-qhJ4},
    urldate       = {2024-03-10},
    note          = {Duration: 1 min 19 s},
    howpublished  = {YouTube video},
}

@article{andersson2023,
    title         = {E-mpoliteness – creative impoliteness as an expression of digital social capital},
    author        = {Andersson, Marta},
    year          = {2023},
    journal       = {Journal of Politeness Research},
    volume        = {20},
    number        = {2},
    pages         = {227--248},
    doi           = {10.1515/pr-2022-0009},
    url           = {https://doi.org/10.1515/pr-2022-0009},
}

@article{oliveira2023,
    title         = {Phaticity and politeness in of YouTube video tutorials},
    author        = {Oliveira, Ana Larissa Adorno Marciotto and Marques, Joao Pedro},
    year          = {2023},
    journal       = {Texto Livre},
    volume        = {16},
    pages         = {e46959},
}

@article{parvaresh2023,
    title         = {Covertly communicated hate speech: A corpus-assisted pragmatic study},
    author        = {Parvaresh, Vahid},
    year          = {2023},
    journal       = {Journal of Pragmatics},
    volume        = {205},
    pages         = {63--77},
}

@article{tantucci2023,
    title         = {Resonance and recombinant creativity: Why they are important for research in cognitive linguistics and pragmatics},
    author        = {Tantucci, Vittorio},
    year          = {2023},
    journal       = {Intercultural Pragmatics},
    volume        = {20},
    number        = {4},
    pages         = {347--376},
}

@article{tantucci-wang2023,
    title         = {Dialogic priming and dynamic resonance in Autism: Creativity competing with engagement in Chinese children with ASD},
    author        = {Tantucci, Vittorio and Wang, Aiqing},
    year          = {2023},
    journal       = {Journal of Autism and Developmental Disorders},
    volume        = {53},
    number        = {6},
    pages         = {2458--2474},
}

@article{oliveira2024,
    title         = {O metadiscurso de impolidez como recurso analítico: Evidências do domínio político no Twitter/X},
    author        = {Oliveira, Ana Larissa Adorno Marciotto and Miranda, Monique Vieira},
    year          = {2024},
    journal       = {Revista de Estudos da Linguagem},
    volume        = {32},
    number        = {2},
    pages         = {479--498},
    doi           = {10.17851/2237-2083.32.2.479-498},
    url           = {https://doi.org/10.17851/2237-2083.32.2.479-498},
}

@article{tantucci2024,
    title         = {British Conversation is Changing: Resonance and Engagement in the BNC1994 and the BNC2014},
    author        = {Tantucci, Vittorio and Wang, Aiqing},
    year          = {2024},
    journal       = {Applied Linguistics},
    doi           = {10.1093/applin/amae040},
    url           = {https://doi.org/10.1093/applin/amae040},
}

@article{desouza2025,
    title         = {Videoaulas e produção de artigo acadêmico: o que é ensinado?},
    author        = {de Souza, Gabriel Nicolau and da Silva, Elizabeth Maria},
    year          = {2025},
    journal       = {Texto Livre},
    volume        = {18},
    doi           = {10.1590/1983-3652.2025.55494},
    url           = {https://doi.org/10.1590/1983-3652.2025.55494},
}

@article{oliveira2025,
    title         = {Reciprocity and epistemicity on screen-based interactions: The case of MOOCs},
    author        = {Oliveira, Ana Larissa Adorno Marciotto},
    year          = {2025},
    journal       = {Pragmatics and Society},
    doi           = {10.1075/ps.23143.oli},
    url           = {https://doi.org/10.1075/ps.23143.oli},
}

@misc{soh2025,
    title         = {Singapore-raised comic Jocelyn Chia says fallout from MH370 joke changed her life},
    author        = {Soh, Joanne},
    year          = {2025},
    url           = {https://www.straitstimes.com/life/entertainment/singapore-raised-comic-jocelyn-chia-says-fallout-from-mh370-joke-changed-her-life},
    note          = {Accessed on: 1 June 2025},
    howpublished  = {The Straits Times},
}
