
@book{chomsky_estruturas_2015,
	address = {São Paulo},
	title = {Estruturas sintáticas},
	publisher = {Vozes},
	author = {Chomsky, N.},
	year = {2015},
}

@book{chomsky__2014,
	address = {São Paulo},
	title = { {Ciência} da linguagem},
	publisher = {Editora UNESP},
	author = {Chomsky, N.},
	year = {2014},
}

@online{community_dbeaver_dbeaver:_nodate,
	title = {Dbeaver: {Free} {Universal} {Database} {Manager}},
	url = {https://dbeaver.io/download/},
	year = {2021},
	author = {{Community Dbeaver}},
}

@online{ecma_internacional_ecmascriptlanguage_2015,
	title = {{ECMAScriptLanguage} {Specification}},
	url = {https://262.ecma-international.org/6.0/},
	urldate = {2021-10-16},
	author = {{ECMA Internacional}},
	year = {2015},
}

@online{ecma-404_internacional_json_2017,
	title = {The {JSON} {Data} {Interchange} {Syntax}},
	url = {https://www.ecma-international.org/publications-and-standards/standards/ecma-404/},
	urldate = {2021-10-16},
	author = {{ECMA-404 Internacional}},
	year = {2017},
}

@online{the_go_authors_golang_nodate,
	title = {{GoLang} {Versão} 1.16.4},
	url = {https://pkg.go.dev/runtime},
	urldate = {2021-10-16},
	year = {2021},
	author = {{The Go Authors}},
}

@online{the_gorilla_authors_gorilla_2021,
	title = {Gorilla {Web} {Toolkit}},
	url = {https://github.com/gorilla/mux},
	urldate = {2021-10-16},
	author = {{The Gorilla Authors}},
	year = {2021},
}

@book{lake_concise_2013,
	address = {New York, NY},
	edition = {1st edition},
	series = {Undergraduate topics in computer science},
	title = {Concise guide to databases: a practical introduction},
	publisher = {Springer London},
	author = {Lake, P. and Crowther, P.},
	year = {2013},
}

@phdthesis{muniz_construcao_2004,
	type = {Dissertação de {Mestrado}},
	title = {A construção de recursos linguístico-computacionais para o português do {Brasil}: o projeto de {Unitex}-{PB}},
	url = {http://ladl.univ-mlv.fr/brasil/bibliografia/oto/DissMuniz2004.pdf},
	school = {Instituto de Ciências Matemáticas de São Carlos, USP},
	author = {Muniz, M. C. M.},
	year = {2004},
}

@misc{muniz_delaf-pb:_2015,
	title = {{DELAF}-{PB}: {Dicionário} de {Palavras} {Simples} {Flexionadas} para o {Português} {Brasileiro}},
	url = {http://www.nilc.icmc.usp.br/nilc/projects/unitex-pb/web/dicionarios.html},
	urldate = {2022-05-04},
	author = {Muniz, M. C. M.},
	year = {2015},
}

@book{othero_gramatica_2009,
	address = {Porto Alegre},
	title = {A gramática da frase em português: algumas reflexões para a formalização da estrutura frasal em português},
	url = {https://bibliodigital.unijui.edu.br:8443/xmlui/handle/123456789/1490},
	urldate = {2021-10-16},
	publisher = {EDIPUCRS },
	author = {Othero, G. de A.},
	year = {2009},
}

@online{pacheco_banco_2021,
	title = {Banco de dados para análise sintática em sentenças do português brasileiro},
	url = {https://github.com/Kiriwill/FATEC-IPI-ParserDB},
	urldate = {2021-10-16},
	year = {2021},
	author = {Pacheco, W. E. A. and Guaranha, M. F.},
}

@online{pacheco_parser-api_2021,
	title = {Parser-api},
	url = {https://github.com/Kiriwill/parser-api},
	urldate = {2022-05-04},
	author = {Pacheco, W. E. A. and Guaranha, M. F.},
	year = {2021},
}

@online{noauthor_parsero:_2021,
	title = {Parsero: parser sintático para o português brasileiro},
	url = {https://parserov1.herokuapp.com/},
	urldate = {2022-05-04},
	year = {2021},
}

@book{sommerville_engenharia_2011,
	address = {São Paulo},
	edition = {9},
	title = {Engenharia de {Software}},
	publisher = {Pearson Prentice Hall},
	author = {Sommerville, I.},
	year = {2011},
}

@book{souza_e_silva_linguistica_2011,
	address = {São Paulo},
	title = {Linguística aplicada ao português: sintaxe},
	publisher = {Cortez},
	author = {Souza e Silva, C. P. de and Koch, I. V.},
	year = {2011},
}

@book{thain_introduction_2020,
	edition = {2},
	title = {Introduction to compilers and language design},
	publisher = {Independently Published},
	author = {Thain, D.},
	year = {2020},
}

@online{the_postgresql_global_development_group_postgresql_nodate,
	title = {{PostgreSQL} {Database} {Management} {System}},
	url = {https://www.postgresql.org/download/},
	urldate = {2021-10-16},
	year = {2021},
	author = {{The PostgreSQL Global Development Group}},
}

@online{muniz_projeto_2004,
	title = {Projeto {UNITEX}-{PB}},
	url = {http://www.nilc.icmc.usp.br/nilc/projects/unitex-pb/web/index.html},
	urldate = {2022-05-04},
	author = {Muniz, M. C. M.},
	year = {2004},
}