@incollection{goffman1967,
    title         = {On face‑work: an analysis of ritual elements in social interaction},
    author        = {Erving Goffman},
    year          = {1967},
    booktitle     = {Interaction Ritual: Essays on Face‑to‑Face Behavior},
    publisher     = {Pantheon Books},
    address       = {New York},
    pages         = {5--45},
    note          = {[Originally published 1955]},
}

@book{lakoff1975,
    title         = {Language and woman's place},
    author        = {Robin Lakoff},
    year          = {1975},
    publisher     = {Harper Colophon Books},
    address       = {New York},
}

@book{leech1983,
    title         = {Principles of Pragmatics},
    author        = {Geoffrey Leech},
    year          = {1983},
    publisher     = {Longman},
    address       = {London},
}

@book{brown1987,
    title         = {Politeness: Some universals in language use},
    author        = {Penelope Brown and Stephen Levinson},
    year          = {1987},
    publisher     = {Cambridge University Press},
    address       = {Cambridge, UK},
}

@book{martin2005,
    title         = {The Language of Evaluation: Appraisal in English},
    author        = {J. R. R. Martin and P. R. R. White},
    year          = {2005},
    publisher     = {Palgrave Macmillan},
    address       = {London},
}

@article{raymond2006,
    title         = {The epistemics of social relations: owning grandchildren},
    author        = {Geoffrey Raymond and John Heritage},
    year          = {2006},
    journal       = {Language in Society},
    volume        = {35},
    pages         = {677--705},
    url           = {https://www.cambridge.org/core/journals/language-in-society/article/abs/epistemics-of-social-relations-owning-grandchildren/B8619A2F024EDEFCA223FFB19AE4D9CA},
    urldate       = {2025-02-10},
}

@article{bousfield2007,
    title         = {Beginnings, middles and ends: a biopsy of the dynamics of impolite exchanges},
    author        = {Derek Bousfield},
    year          = {2007},
    journal       = {Journal of Pragmatics},
    volume        = {39},
    number        = {12},
    pages         = {2185--2216},
}

@article{culpeper2010,
    title         = {Conventionalized impoliteness formulae},
    author        = {Jonathan Culpeper},
    year          = {2010},
    journal       = {Journal of Pragmatics},
    volume        = {42},
    number        = {12},
    pages         = {3232--3245},
    doi           = {10.1016/j.pragma.2010.05.007},
    url           = {https://www.sciencedirect.com/science/article/abs/pii/S0378216610001694},
    urldate       = {2025-02-10},
}

@book{culpeper2011,
    title         = {Impoliteness: Using language to cause offense},
    author        = {Jonathan Culpeper},
    year          = {2011},
    publisher     = {Cambridge University Press},
    address       = {Cambridge, UK},
}

@book{elias2011,
    title         = {O processo civilizador: uma história dos costumes},
    author        = {Norbert Elias},
    year          = {2011},
    publisher     = {Zahar},
    address       = {Rio de Janeiro},
    translator    = {Ruy Jungmann},
}

@article{unger2016,
    title         = {Critical discourse studies and social media data},
    author        = {Johann Unger and Ruth Wodak and Majid Khosravinik},
    year          = {2016},
    journal       = {Qualitative Research},
    volume        = {16},
    number        = {3},
    pages         = {277--293},
    url           = {https://www.researchgate.net/publication/283213691_Unger_J_Wodak_R_KhosraviNik_M_Critical_Discourse_Studies_and_Social_Media_Data_In_David_Silverman_ed_Qualitative_Research_4th_edition_London_SAGE_2016_277-293},
    urldate       = {2025-02-10},
}

@article{koike2018,
    title         = {Tweetstorms e processos de (des)legitimação social na administração Trump},
    author        = {Dale Koike and Anna Christina Bentes},
    year          = {2018},
    journal       = {Cadernos CEDES},
    volume        = {38},
    number        = {105},
    pages         = {139--158},
    url           = {https://www.scielo.br/j/ccedes/a/tQV39FMbPvtf9JKQtCn8yPg/?lang=pt},
    urldate       = {2025-02-10},
}

@incollection{wodak2018,
    title         = {The Radical Right and Antisemitism},
    author        = {Ruth Wodak},
    year          = {2018},
    booktitle     = {The Oxford Handbook of the Radical Right},
    publisher     = {Oxford University Press},
    address       = {New York},
    pages         = {61--85},
    editor        = {Jens Rydgen},
}

@phdthesis{andrade2019,
    title         = {Tutela da honra nas redes sociais: a contribuição possível da teoria da impolidez},
    author        = {Pedro Victor Silva Andrade},
    year          = {2019},
    address       = {Belo Horizonte, Brazil},
    school        = {Universidade Federal de Minas Gerais},
    type          = {Dissertação de Mestrado},
}

@article{cunha2020,
    title         = {Teorias de im/polidez linguística: revisitando o estado da arte para uma contribuição teórica sobre o tema},
    author        = {Gustavo Ximenes Cunha and Ana Larissa Adorno Marciotto de Oliveira},
    year          = {2020},
    journal       = {Estudos da língua(gem)},
    volume        = {18},
    pages         = {135--162},
}

@article{lewin2021,
    title         = {Nothing Is as It Seems: ‘Discourse Capture’ and Backlash Politics},
    author        = {Tessa Lewin},
    year          = {2021},
    journal       = {Gender \& Development},
    volume        = {29},
    number        = {2--3},
    pages         = {253--268},
    doi           = {10.1080/13552074.2021.1977047},
}

@book{wodak2021,
    title         = {The Politics of Fear: The Shameless Normalization of Far‑Right Discourse},
    author        = {Ruth Wodak},
    year          = {2021},
    publisher     = {Sage},
    address       = {London},
}

@article{wodak2021culpeper,
    title         = {Shameless normalisation of impoliteness: Berlusconi’s and Trump’s press conferences},
    author        = {Ruth Wodak and Jonathan Culpeper and Elena Semino},
    year          = {2021},
    journal       = {Discourse \& Society},
    volume        = {32},
    number        = {3},
    pages         = {369--393},
    url           = {https://journals.sagepub.com/doi/full/10.1177/0957926520977217},
    urldate       = {2025-02-10},
}

@article{drinoczi2022,
    title         = {The unfolding illiberalism in Hungary},
    author        = {Timea Drinóczi},
    year          = {2022},
    journal       = {Review of Central and East European Law},
    volume        = {47},
    number        = {3--4},
    pages         = {352--380},
    url           = {https://www.ivysci.com/en/articles/4054065__The_Unfolding_Illiberalism_in_Hungary},
    urldate       = {2025-02-10},
}

@book{drinoczi-agnieska2022,
    title         = {Illiberal Constitutionalism in Poland and Hungary: The Deterioration of Democracy, Misuse of Human Rights and Abuse of the Rule of Law},
    author        = {Tímea Drinóczi and Agnieszka Bień‑Kacała},
    year          = {2022},
    publisher     = {Routledge},
    address       = {London},
}

@phdthesis{oliveira2022,
    title         = {A descortesia nos atos de fala no romance Meu Destino é Pecar, de Nelson Rodrigues},
    author        = {Oliveira, Fabiana Meireles de},
    year          = {2022},
    address       = {São Paulo, Brazil},
    school        = {Universidade de São Paulo},
    type          = {Dissertação de Mestrado},
}

@incollection{zottola2022,
    title         = {Gender ideology and the discursive infrastructure of a transnational conspiracy theory},
    author        = {Angela Zottola and Rodrigo Borba},
    year          = {2022},
    booktitle     = {Conspiracy theory discourses: discourses of and about conspiracy theories},
    publisher     = {John Benjamins},
    address       = {Amsterdam},
    pages         = {465--488},
    editor        = {Massimiliano Demata and Angela Zottola and Virginia Zorzi},
}

@article{dynel2023,
    title         = {Enacting polyvocal scorn in \#CovidConspiracy tweets: The orchestration of voices in humorous responses to COVID‑19 conspiracy theories},
    author        = {Marta Dynel and Michele Zappavigna},
    year          = {2023},
    journal       = {Discourse, Context \& Media},
    volume        = {52},
    pages         = {1--10},
    url           = {https://www.sciencedirect.com/science/article/pii/S221169582300003X},
    urldate       = {2025-02-10},
}

@article{tantucci2023,
    title         = {Reciprocity and epistemicity: On the (proto) social and cross‑cultural ‘value’ of information transmission},
    author        = {Vittorio Tantucci and Aiqing Wang and Jonathan Culpeper},
    year          = {2023},
    journal       = {Journal of Pragmatics},
    volume        = {202},
    pages         = {112--124},
    doi           = {10.1016/j.pragma.2022.04.012},
}

@article{oliveira2024,
    title         = {Far‑right discourse in Brazil: has shameless language become normalized?},
    author        = {Ana Larissa Adorno Marciotto Oliveira and Timea Drinóczi and Monique Vieira Miranda},
    year          = {2024},
    journal       = {Journal of Language and Politics},
    doi           = {10.1075/jlp.23120.oli},
    url           = {https://benjamins.com/catalog/jlp.23120.oli},
    urldate       = {2025-02-10},
}

@misc{oliveira2024corpus,
    title         = {CID -- Corpus de Impolidez Digital},
    author        = {Ana Larissa Adorno Marciotto Oliveira and Monique Vieira Miranda and Timea Drinóczi and Isabel Santos and Daniel Ferreira and Adriana Micheletti and Giovana Perini‑Loureiro and Paulo Lopes},
    year          = {2024},
    url           = {https://www.impolidezdigital.com/corpus},
    urldate       = {2025-02-10},
}

@phdthesis{oliveira2025,
    title         = {Impoliteness as the newspeak in political discourse: on misogyny and trans-homophobia as symptoms of democratic decay},
    author        = {Ana Larissa Adorno Marciotto Oliveira},
    year          = {2025},
    address       = {Belo Horizonte, Brazil},
    school        = {Universidade Federal de Minas Gerais},
    type          = {Tese de Doutorado},
}
