
@incollection{ball_nova_2014,
	address = {Paraná},
	title = {“{Nova}” filantropia, capitalismo social e política educacional},
	booktitle = {Educação {Global} {S}.{A}: novas redes políticas e o imaginário neoliberal},
	publisher = {Editora UEPG},
	author = {Ball, Stephen John},
	editor = {Ball, Stephen John},
	year = {2014},
}

@misc{brasil_lei_1996,
	title = {Lei nº 9.394, de 20 de dezembro de 1996. {Estabelece} as diretrizes e bases da educação nacional},
	publisher = {Brasília, DF: Presidência da República},
	author = {{Brasil}},
	year = {1996},
}

@article{buzato_inteligencia_2023,
	title = {Inteligência artificial, pós-humanismo e {Educação}: entre o simulacro e a assemblagem},
	issn = {1983-9294, 1677-1303},
	shorttitle = {Inteligência artificial, pós-humanismo e {Educação}},
	url = {https://periodicos.uninove.br/dialogia/article/view/23906},
	doi = {10.5585/44.2023.23906},
	number = {44},
	urldate = {2023-11-25},
	journal = {Dialogia},
	author = {Buzato, Marcelo El Khouri},
	month = apr,
	year = {2023},
	pages = {e23906},
}

@book{carvalho_educacao_2007,
	edition = {1ª edição},
	title = {A {Educação} {Está} {No} {Gibi}},
	isbn = {9788530808228},
	language = {Português},
	publisher = {Papirus},
	author = {Carvalho, Djota},
	month = mar,
	year = {2007},
}

@book{castells_sociedade_2003,
	address = {Lisboa},
	series = {Economia, {Sociedade} e {Cultura}, v. 1},
	title = {A sociedade em rede: a era da informação},
	publisher = {Fundação Calouste Gulbenkian},
	author = {Castells, Manuel},
	year = {2003},
}

@book{cope_letramentos_2020,
	address = {São Paulo},
	title = {Letramentos},
	publisher = {Editora Unicamp},
	author = {Cope, Bill and Kalantzis, Mary and Pinheiro, Petrilson},
	year = {2020},
}

@article{duboc_delinking_2021,
	title = {Delinking {Multiliteracies} and the {Reimagining} of {Literacy} {Studies}},
	volume = {21},
	issn = {1984-6398},
	url = {https://www.scielo.br/j/rbla/a/TrwWgmtXdgLnDjnFtPNWFxh/},
	doi = {10.1590/1984-6398202117998},
	urldate = {2023-11-25},
	journal = {Revista Brasileira de Linguística Aplicada},
	author = {Duboc, Ana Paula Martinez and Souza, Lynn Mario Trindade Menezes de},
	month = may,
	year = {2021},
	keywords = {delinking, decolonial, multiliteracies, diversity, local knowledges},
	pages = {547--576},
}

@misc{gomes_formacao_2021,
	title = {Formação de voçorocas - {Portal} {Embrapa}},
	url = {https://www.embrapa.br/agencia-de-informacao-tecnologica/tematicas/agricultura-e-meio-ambiente/manejo/reabilitacao-de-areas/formacao-de-vocorocas},
	urldate = {2023-11-25},
	author = {Gomes, Marco Antonio Ferreira and Filizola, Heloisa Ferreira and Boulet, René},
	year = {2021},
}

@misc{hodges_difference_2020,
	title = {The difference between emergency remote teaching and online learning},
	url = {https://er.educause.edu/articles/2020/3/the-difference-between-emergency-remote-teaching-and-online-learning},
	urldate = {2023-11-25},
	journal = {Educause Review},
	author = {Hodges, Charles and Moore, Stephanie and Lockee, Barb and Trust, Torrey and Bond, Aaron},
	year = {2020},
}

@book{knobel_new_2007,
	address = {Berna},
	title = {A new literacies sampler (cover plus introduction)},
	publisher = {Peter Lang Publishing},
	author = {Knobel, Michele and Lankshear, Colin},
	year = {2007},
}

@book{levy_cibercultura_2000,
	address = {Lisboa},
	title = {Cibercultura},
	publisher = {Instituto Piaget},
	author = {Lévy, Pierre},
	year = {2000},
}

@book{lima_hipertexto:_2016,
	address = {Ribeirão Preto},
	title = {Hipertexto: produção textual na internet},
	publisher = {Editora São Francisco},
	author = {Lima, Conceição},
	year = {2016},
}

@misc{mato_grosso_do_sul_por_favor_historia_2020,
	title = {A história do {Tereré} no {Brasil}},
	url = {https://msporfavor.com.br/blog/detalhes/47/a--historia-do-terere-no-brasil},
	urldate = {2023-11-25},
	journal = {MS Por Favor},
	author = {{Mato Grosso do Sul Por Favor}},
	year = {2020},
}

@incollection{monte_mor_development_2013,
	address = {Nova York},
	title = {The development of agency in a new literacies proposal for teacher education in {Brazil}},
	booktitle = {New literacies, new agencies?: a brazilian perspective on mindsets, digital practices and tools for social action in and out of school},
	publisher = {Peter Lang Publishers},
	author = {Monte Mór, Walkyria},
	editor = {Knobel, Michele and Lankshear, Colin and Buzato, Marcelo and Junqueira, Eduardo C.},
	year = {2013},
	pages = {126--146},
}

@book{rojo_escola_2013,
	address = {São Paulo},
	title = {Escola conectada: os multiletramentos e as {TICs}},
	publisher = {Parábola Editorial},
	editor = {Rojo, Roxane},
	year = {2013},
}

@book{romana_pedagogia_2019,
	address = {Campo Grande},
	title = {Pedagogia psicodramática e educação consciente: mapa de um acionar educativo},
	publisher = {Entre Nós},
	author = {Romaña, Maria Alicia},
	year = {2019},
}

@article{santos_letramento_2011,
	title = {Letramento com texto multimodal: uma experiência com as tiras de {Mafalda}},
	volume = {51},
	url = {http://www.filologia.org.br/revista/51supl/28.pdf},
	number = {17},
	urldate = {2023-07-15},
	journal = {Revista Philologus},
	author = {Santos, Claudia Cristina de Sousa Rangel},
	year = {2011},
}

@article{wang_photovoice:_1997,
	title = {Photovoice: {Concept}, {Methodology}, and {Use} for {Participatory} {Needs} {Assessment}},
	volume = {24},
	issn = {1090-1981, 1552-6127},
	shorttitle = {Photovoice},
	url = {http://journals.sagepub.com/doi/10.1177/109019819702400309},
	doi = {10.1177/109019819702400309},
	number = {3},
	urldate = {2023-11-25},
	journal = {Health Education \& Behavior},
	author = {Wang, Caroline and Burris, Mary Ann},
	month = jun,
	year = {1997},
	pages = {369--387},
}