
@article{alencar_produtividade_2009,
	title = {Produtividade morfológica e tecnologia do texto: aspectos da construção de um transdutor lexical do português capaz de analisar neologismos},
	volume = {7},
	url = {http://revistas.unisinos.br/index.php/calidoscopio/article/view/4874},
	number = {3},
	urldate = {2022-05-10},
	journal = {Calidoscópio},
	author = {Alencar, L. F. de},
	year = {2009},
	pages = {199--220},
}

@article{alencar_utilizacao_2011,
	title = {Utilização de informações lexicais extraídas automaticamente de corpora na análise sintática computacional do português},
	volume = {19},
	url = {http://periodicos.letras.ufmg.br/index.php/relin/article/view/2553},
	doi = {10.17851/2237-2083.19.1.7-85},
	number = {1},
	urldate = {2022-05-10},
	journal = {Revista de Estudos da Linguagem},
	author = {Alencar, L. F. de},
	year = {2011},
	pages = {7--85},
}

@inproceedings{almeida_selva:_2003,
	address = {Faro, Portugal},
	title = {Selva: a new syntactic parser for Portuguese},
	booktitle = {Computational {Processing} of the {Portuguese} {Language}},
	publisher = {PROPOR 2003},
	author = {Almeida, S. de and Mamede, N. J. and Baptista, J. and Trancoso, I. and Nunes, M. das G. V.},
	editor = {Mamede, N. J. and Baptista; J. and Trancoso, I. and Nunes, M. das G. V.},
	month = jun,
	year = {2003},
	pages = {102--109},
}

@inproceedings{baron_tool_2008,
	address = {Birmingham},
	title = {A tool for dealing with spelling variation in historical corpora},
	booktitle = {Postgraduate {Conference} in corpus linguistics},
	publisher = {Aston University},
	author = {Baron, A. and Rayson, P.},
	month = may,
	year = {2008},
}

@electronic{biblioteca_coordenacao_1998,
Author = {Biblioteca, Virtual dos Autores Portugueses},
Organization = {Coordenação científica de {Ivo} {Castro}, {Teresa} {Amado}, {Cristina} {Almeida} {Ribeiro} e {Paula} {Mourão}},
Year = {1998 (2 cd-roms)},
publisher = {Biblioteca Nacional},
address = {Lisboa},
}


@phdthesis{bick_parsing_2000,
	address = {Aarhus},
	type = {Tese ({Doutorado} em {Linguística})},
	title = {The parsing system “palavras”: automatic grammatical analysis of portuguese in a constraint grammar famework},
	school = {Aarhus University},
	author = {Bick, E.},
	year = {2000},
}

@book{branco_cintil_2011,
	address = {Lisboa},
	title = {{CINTIL} {TreeBank} {Handbook}: design options for the representation of syntactic constituency},
	author = {Branco, A. and Silva, J. and Costa, F. and Castro, S.},
	year = {2011},
}

@inproceedings{cambraia_contributo_2000,
	address = {Florianópolis},
	series = {2},
	title = {Contributo para uma gramática do português clássico: a linguagem da {\textit{Peregrinação}} de {Fernão} {Mendes} {Pinto}},
	booktitle = {CONGRESSO NACIONAL DA ABRALIN},
	publisher = {UFSC},
	author = {Cambraia, C. N.},
	year = {2000},
	pages = {1355--1362},
}

@book{cambraia_introducao_2005,
	address = {São Paulo},
	title = {Introdução à crítica textual},
	publisher = {Martins Fontes},
	author = {Cambraia, C. N.},
	year = {2005},
}

@inproceedings{cambraia_mudancinterrompida_2003,
	address = {Fortaleza},
	series = {2},
	title = {Mudança interrompida na história do português: \textit{nós outros} e \textit{vós outros}},
	booktitle = {CONGRESSO INTERNACIONAL DA ABRALIN},
	publisher = {UFC},
	author = {Cambraia, C. N.},
	month = mar,
	year = {2003},
	pages = {112--114},
}

@inproceedings{cambraia_edicoes_2007,
	address = {Salvador},
	series = {{II}},
	title = {Edições digitais como base para análises lingüísticas: revisão crítica de experiências},
	volume = {1},
	booktitle = {SEMINÁRIO DE ESTUDOS FILOLÓGICOS},
	publisher = {Quarteto},
	author = {Cambraia, C. N.},
	year = {2007},
	pages = {13--24},
}

@incollection{chomsky_remarks_1970,
	address = {Washington},
	title = {Remarks on nominalization},
	booktitle = {English transformational grammar},
	publisher = {Georgetown University Press},
	author = {Chomsky, N.},
	editor = {Jacobs, R. and Rosenbaum, P.},
	year = {1970},
}

@inproceedings{contier_tecnologia_2010,
	address = {São Paulo},
	title = {Tecnologia adaptativa aplicada ao processamento da linguagem natural},
	booktitle = {Memórias...},
	publisher = {EPUSP},
	author = {Contier, A. and Padovani, D. and José Neto, J.},
	year = {2010},
	pages = {35--42},
}

@incollection{correia_construcao_1999,
	address = {Lisboa},
	title = {A construção do colectivo na {\textit{Peregrinação}}: percursos e significado},
	booktitle = {O discurso literário da {Peregrinac}̧ão: aproximações},
	publisher = {Cosmos},
	author = {Correia, J. D. P.},
	editor = {Seixo, M. A. and Zurbach, C.},
	editortype = {organizer},
	year = {1999},
	pages = {169--212},
}

@incollection{giusti_automatic_2007,
	address = {Birmingham},
	title = {Automatic detection of spelling variation in historical corpus: an application to build a {Brazilian} {Portuguese} spelling variants dictionary},
	booktitle = {Proceedings of the {Corpus} {Linguistics} {Conference} ({CL2007})},
	publisher = {University of Birmingham},
	author = {Giusti, R. and Candido Jr., A. and Muniz, M. and Cucatto, L. and Aluísio, S. M.},
	editor = {Davies, M. and Rayson, P. and Hunston, S. and Danielsson, P.},
	year = {2007},
}

@article{hendrickx_old_2011,
	title = {From old texts to modern spellings: an experiment in automatic normalisation},
	volume = {26},
	number = {2},
	journal = {Journal for Language Technology and Computational Linguistics},
	author = {Hendrickx, I. and Marquilhas, R.},
	year = {2011},
	pages = {65--76},
}

@book{jackendoff_x_1977,
	address = {Cambridge, Mass},
	series = {Linguistic inquiry monographs},
	title = {X syntax: a study of phrase structure},
	number = {2},
	publisher = {MIT Press},
	author = {Jackendoff, R.},
	year = {1977},
}

@phdthesis{maia_uso_2008,
	address = {Belo Horizonte},
	type = {Tese ({Doutorado} em {Ciência} da {Informação})},
	title = {Uso de sintagmas nominais na classificação automática de documentos eletrônicos},
	url = {https://repositorio.ufmg.br/handle/1843/ECID-7NXJKZ},
	urldate = {2022-05-10},
	school = {Escola de Ciência da Informação, Universidade Federal de Minas Gerais},
	author = {Maia, L. C. G.},
	year = {2008},
}

@article{marquilhas_manuscripts_2014,
	title = {Manuscripts and {machines}: {the} {automatic} {replacement} of {spelling} {variants} in a {Portuguese} {historical} {corpus}},
	volume = {8},
	url = {https://www.euppublishing.com/doi/10.3366/ijhac.2014.0120},
	doi = {10.3366/ijhac.2014.0120},
	number = {1},
	urldate = {2022-05-11},
	journal = {International Journal of Humanities and Arts Computing},
	author = {Marquilhas, R. and Hendrickx, I.},
	month = apr,
	year = {2014},
	pages = {65--80},
}

@inproceedings{martins_curupira:_2003,
	address = {Berlin},
	title = {Curupira: a functional parser for {Brazilian} {Portuguese}},
	booktitle = {Proceedings of Computational Processing of the Portuguese Language, 6th International Workshop, PROPOR 2003},
	publisher = { Springer},
	author = {Martins, R. T. and Hasegwa, R. and Nunes, M. G. V.},
	editor = {Mamede, N. J. and Baptista; J. and Trancoso, I. and Nunes, M. das G. V.},
	month = jun,
	year = {2003},
	pages = {179--183},
}

@article{menuzzi_sintaxe_2008,
	title = {Sintaxe {X}-barra: uma aplicação computacional},
	url = {https://periodicos.ufsc.br/index.php/workingpapers/article/view/1984-8420.2008v9nespp15},
	doi = {10.5007/1984-8420.2008v9nespp15},
	urldate = {2022-05-11},
	journal = {Working Papers em Linguística},
	author = {Menuzzi, S. de M. and Othero, G. de Á.},
	year = {2008},
	pages = {15--29},
}

@phdthesis{miorelli_ed-cer:_2001,
	address = {Porto Alegre},
	type = {Dissertação ({Mestrado} em {Ciências} da {Computação})},
	title = {{ED}-{CER}: extração do sintagma nominal em sentenças em português},
	school = {Faculdade de Informática, Pontifícia Universidade Católica do Rio Grande do Sul},
	author = {Miorelli,  S. T.},
	year = {2001},
}

@phdthesis{othero_grammar_2004,
	address = {Porto Alegre},
	type = {Dissertação ({Mestrado} em {Linguística} {Aplicada})},
	title = {Grammar play: um parser sintático em {Prolog} para a língua portuguesa},
	school = {Faculdade de Letras, Pontifícia Universidade Católica do Rio Grande do Sul},
	author = {Othero, G. de Á.},
	year = {2004},
}

@book{othero_linguistica_2005,
	address = {São Paulo},
	title = {Linguística computacional: teoria e prática},
	publisher = { Parábola},
	author = {Othero, G. de Á. and Menuzzi, S. de M.},
	year = {2005},
}

@article{othero_linguistica_2006,
	title = {Lingüística {Computacional}: uma breve introdução},
	volume = {41},
	url = {https://revistaseletronicas.pucrs.br/ojs/index.php/fale/article/view/605},
	number = {2},
	urldate = {2022-05-11},
	journal = {Letras de Hoje},
	author = {Othero, G. de Á.},
	month = sep,
	year = {2006},
}

@book{othero_gramatica_2009,
	address = {Porto Alegre},
	title = {A gramática da frase em português: algumas reflexões para a formalização da estrutura frasal em português},
	publisher = {EdiPUCRS},
	author = {Othero, G. de Á.},
	year = {2009},
}

@book{perini_gramatica_1995,
	address = {São Paulo},
	title = {Gramática descritiva do português},
	publisher = {Ed. Ática},
	author = {Perini, M. A.},
	year = {1995},
}

@book{pinto_peregrinacao_1984,
	address = {Porto},
	title = {Peregrinação de {Fernão} {Mendes} {Pinto} e {Itinerário} de {António} {Tenreiro}, {Tratado} das {Cousas} da {China}, {Conquista} do {Reino} de {Pegu}},
	publisher = {Lello \& Irmão},
	author = {Pinto, F. M.},
	year = {1984},
}

@book{pinto_peregrinacao_1829,
    address = {Lisboa},
	title = {Peregrinação de {Fernão} {Mendez} {Pinto}},
	publisher = {Typographia Rollandiana},
	author = {Pinto, F. M.},
	year = {1829},
}

@book{raposo_teoria_1992,
	address = {Lisboa},
	title = {Teoria da gramática: a faculdade da linguagem},
	publisher = {Caminho},
	author = {Raposo, E. P.},
	year = {1992},
}

@book{savoy_machine_2020,
	address = {Cham},
	title = {Machine {learning} {methods} for {stylometry}: {authorship} {attribution} and {author} {profiling}},
	url = {https://link.springer.com/10.1007/978-3-030-53360-1},
	urldate = {2022-05-11},
	publisher = {Springer International Publishing},
	author = {Savoy, J.},
	year = {2020},
	doi = {10.1007/978-3-030-53360-1},
}

@phdthesis{silva_indexacao_2014,
	address = {Recife},
	type = {Dissertação ({Mestrado} em {Ciência} da {Informação})},
	title = {Indexação automática por meio da extração e seleção de sintagmas nominais em textos em língua portuguesa},
	url = {https://repositorio.ufpe.br/handle/123456789/12950},
	urldate = {2022-05-23},
	school = {Universidade Federal de Pernambuco},
	author = {Silva, T. J. da},
	year = {2014},
}

@inproceedings{silva_out-box_2010,
	address = {Berlin},
	title = {Out-of-the-box robust parsing of portuguese},
	booktitle = {Computational processing of the Portuguese language, 9th {International} {Conference}, {PROPOR} 2010, {Porto} {Alegre}, {RS}, {Brazil}},
	editor = {Pardo, T. A. S. and Branco, A. and Klautau, A. and Vieira, R. and Lima, V. L. S. de},
	publisher = {Springer},
	author = {Silva, J. and Branco, A. and Castro, S. and Reis, R.},
	year = {2010},
}

@inproceedings{vieira_linguistica_2001,
	address = {Fortaleza},
	title = {Linguística computacional: princípios e aplicações},
	volume = {3},
	booktitle = {As tecnologias da informação e a questão social},
	publisher = {SBC},
	author = {Vieira, R. and  Lima, V. L. S. de},
	editor = {Martins, A. T. and Borges, D. L. et al.},
	editortype = {organizer},
	year = {2001},
	pages = {47--88},
}
