@misc{arduino_project_nodate,
    title         = {Project {Hub}},
    author        = {{Arduino}},
    url           = {https://projecthub.arduino.cc/},
    urldate       = {2023-01-11},
}

@misc{jovanovic_internet_nodate,
    title         = {Internet of {Things} statistics for 2022 - {Taking} {Things} {Apart}},
    author        = {Jovanovic, Bojan},
    journal       = {Dataprot},
    url           = {https://dataprot.net/statistics/iot-statistics/},
    urldate       = {2023-01-11},
    language      = {en},
    date          = {2022},
}

@misc{krueger_real_nodate,
    title         = {The {Real} {History} of {Project} {Based} {Learning}. {STEM} {Education} {Info}},
    author        = {Krueger, Jason},
    journal       = {StratoStar - Project-Based Learning For STEM Curriculum},
    url           = {https://stratostar.com},
    urldate       = {2023-01-11},
}

@misc{powerschool_project-based_nodate,
    title         = {Project-{Based} {Learning}: {Benefits}, {Examples}, and {Resources}},
    author        = {{Powerschool}},
    url           = {https://www.powerschool.com/blog/project-based-learning-benefits-examples-and-resources},
    urldate       = {2023-01-12},
    date          = {2022},
}

@article{knoll_project_1997,
    title         = {The {Project} {Method}: {Its} {Vocational} {Education} {Origin} and {International} {Development}},
    shorttitle    = {The {Project} {Method}},
    author        = {Knoll, Michael},
    year          = {1997},
    journal       = {Journal of Industrial Teacher Education},
    volume        = {34},
    number        = {3},
    issn          = {1938-1603},
}

@article{brereton_lessons_2007,
    title         = {Lessons from applying the systematic literature review process within the software engineering domain},
    author        = {Brereton, Pearl and Kitchenham, Barbara A. and Budgen, David and Turner, Mark and Khalil, Mohamed},
    year          = {2007},
    month         = apr,
    journal       = {Journal of Systems and Software},
    volume        = {80},
    number        = {4},
    pages         = {571--583},
    doi           = {10.1016/j.jss.2006.07.009},
    issn          = {01641212},
    url           = {https://linkinghub.elsevier.com/retrieve/pii/S016412120600197X},
    urldate       = {2023-01-11},
    language      = {en},
}

@book{russell_artificial_2010,
    title         = {Artificial intelligence: a modern approach},
    author        = {Russell, Stuart J. and Norvig, Peter},
    year          = {2010},
    publisher     = {Prentice Hall},
    address       = {Upper Saddle River},
    series        = {Prentice {Hall} series in artificial intelligence},
    isbn          = {9780136042594},
    edition       = {3rd ed},
    keywords      = {Artificial intelligence},
}

@phdthesis{carvalho_o_2011,
    title         = {O processo de gest\~{a}o e participa\c{c}\~{a}o na universidade: limites, possibilidades e desafios na {UFT}},
    author        = {Carvalho, Roberto Francisco de},
    year          = {2011},
    address       = {Goi\^{a}nia, Goi\'{a}s, Brasil},
    url           = {http://ppge.fe.ufg.br/up/6/o/Tese\_Roberto\_Francisco.pdf},
    urldate       = {2022-03-01},
    type          = {Tese de doutorado},
    school        = {Universidade Federal de Goi\'{a}s},
}

@inproceedings{dorsemaine_internet_2015,
    title         = {Internet of {Things}: {A} {Definition} \&amp; {Taxonomy}},
    shorttitle    = {Internet of {Things}},
    author        = {Dorsemaine, Bruno and Gaulier, Jean-Philippe and Wary, Jean-Philippe and Kheir, Nizar and Urien, Pascal},
    year          = {2015},
    month         = sep,
    booktitle     = {2015 9th {International} {Conference} on {Next} {Generation} {Mobile} {Applications}, {Services} and {Technologies}},
    publisher     = {IEEE},
    address       = {Cambridge, United Kingdom},
    pages         = {72--77},
    doi           = {10.1109/NGMAST.2015.71},
    isbn          = {9781479986606},
    url           = {http://ieeexplore.ieee.org/document/7373221/},
    urldate       = {2023-01-11},
}

@misc{ministerio_da_educacao_resolucao_2016,
    title         = {Resolu\c{c}\~{a}o {CNE}/{CES} no. 5, de 16 de {Novembro} de 2016},
    author        = {{Minist\'{e}rio da Educa\c{c}\~{a}o}},
    year          = {2016},
    url           = {https://www.in.gov.br/materia/-/asset\_publisher/Kujrw0TZC2Mb/content/id/22073129/do1-2016-11-17-resolucao-n-5-de-16-de-novembro-de-2016-22073052},
    urldate       = {2023-01-11},
}

@article{patel_internet_2016,
    title         = {Internet of {Things}-{IOT}: {Definition}, {Characteristics}, {Architecture}, {Enabling} {Technologies}, {Application} \& {Future} {Challenges}},
    author        = {Patel, Keyur and Patel, Sunil and Salazar, Carlos},
    year          = {2016},
    journal       = {International Journal of Engineering Science and Computing},
    volume        = {6},
    number        = {5},
    doi           = {10.4010/2016.1482},
}

@article{gazis_survey_2017,
    title         = {A {Survey} of {Standards} for {Machine}-to-{Machine} and the {Internet} of {Things}},
    author        = {Gazis, Vangelis},
    year          = {2017},
    journal       = {IEEE Communications Surveys \& Tutorials},
    volume        = {19},
    number        = {1},
    pages         = {482--511},
    doi           = {10.1109/COMST.2016.2592948},
    issn          = {1553-877X},
    url           = {http://ieeexplore.ieee.org/document/7516570/},
    urldate       = {2023-01-11},
}

@inproceedings{goncalves_o_2017,
    title         = {O {Contexto} {Hist\'{o}rico} das {Universidades} {Federais} no {Brasil} e a {Participa\c{c}\~{a}o} de {Docentes}, {Discentes} e {T\'{e}cnicos} {Administrativos} no {Processo} de {Tomada} de {Decis\~{a}o} nessas {Institui\c{c}\~{o}es} {P\'{u}blicas}},
    author        = {Gon\c{c}alves, Patricia Batista and Santos, M\'{a}rio Rosa dos and Chaves, Manoel Rodrigues and Silva, Andr\'{e} Vasconcelos da},
    year          = {2017},
    month         = mar,
    booktitle     = {Anais do {Simp\'{o}sio} de {Metodologias} {Ativas} - {Inova\c{c}\~{o}es} para o {Ensino} e a aprendizagem na {Educa\c{c}\~{a}o} b\'{a}sica e superior \& {III} {Simp\'{o}sio} do {Mestrado} {Profissional} em {Gest\~{a}o} {Organizacional}/{III} {CIIE}},
    publisher     = {Editora Edgard Bl\"{u}cher},
    address       = {Goias, Brasil},
    pages         = {190--197},
    doi           = {10.5151/sma2016-017},
    url           = {http://www.proceedings.blucher.com.br/article-details/25394},
    urldate       = {2023-01-11},
}

@inproceedings{debauche_internet_2018,
    title         = {Internet of {Things}: {Learning} and practices. {Application} to smart home},
    shorttitle    = {Internet of {Things}},
    author        = {Debauche, Olivier and Mahmoudi, Said and Belarbi, Mohammed Amin and El Adoui, Mohammed and Mahmoudi, Sidi Ahmed},
    year          = {2018},
    month         = apr,
    booktitle     = {2018 {International} {Conference} on {Advanced} {Communication} {Technologies} and {Networking} ({CommNet})},
    publisher     = {IEEE},
    address       = {Marrakech},
    pages         = {1--6},
    doi           = {10.1109/COMMNET.2018.8360247},
    isbn          = {9781538646090},
    url           = {https://ieeexplore.ieee.org/document/8360247/},
    urldate       = {2023-01-11},
}

@inproceedings{lopes_smart_2018,
    title         = {Smart {Classroom} utilizando dispositivos {IoT}: uma revis\~{a}o sistem\'{a}tica da literatura},
    author        = {Lopes, Vin\'{\i}cius and Medina, Roseclea and Bernardi, Giliane and Nunes, Felipe Becker},
    year          = {2018},
    month         = oct,
    booktitle     = {Anais do XXIX Simp\'{o}sio Brasileiro de Inform\'{a}tica na Educa\c{c}\~{a}o (SBIE 2018)},
    address       = {Fortaleza, Cear\'{a}, Brasil},
    pages         = {308},
    doi           = {10.5753/cbie.sbie.2018.308},
    issn          = {2316-6533},
    url           = {http://br-ie.org/pub/index.php/sbie/article/view/7985},
    urldate       = {2023-03-07},
}

@article{retter_centenary_2018,
    title         = {The {Centenary} of {William} {H}. {Kilpatrick}'s "{Project} {Method}": {A} {Landmark} in {Progressive} {Education} against the {Background} of {American}-{German} {Relations} after {World} {War} {I}},
    shorttitle    = {The {Centenary} of {William} {H}. {Kilpatrick}'s "{Project} {Method}"},
    author        = {Retter, Hein},
    year          = {2018},
    journal       = {International Dialogues on Education: Past and Present},
    volume        = {5},
    number        = {2},
    pages         = {10--36},
    url           = {https://eric.ed.gov/?id=EJ1245353},
    urldate       = {2023-01-12},
    language      = {en},
    keywords      = {Progressive Education, Teaching Methods, Educational Philosophy, Educational History, Comparative Education, Race, International Relations, Foreign Countries, International Educational Exchange, Democracy},
}

@article{tan_teaching_2018,
    title         = {Teaching {Management} {System} with {Applications} of {RFID} and {IoT} {Technology}},
    author        = {Tan, Ping and Wu, Han and Li, Peng and Xu, He},
    year          = {2018},
    month         = feb,
    journal       = {Education Sciences},
    volume        = {8},
    number        = {1},
    pages         = {26},
    doi           = {10.3390/educsci8010026},
    issn          = {2227-7102},
    url           = {http://www.mdpi.com/2227-7102/8/1/26},
    urldate       = {2023-01-12},
    language      = {en},
}

@inproceedings{lin_construction_2019,
    title         = {Construction of {Classroom} {Teaching} {Model} {Based} on the {5G} {Communication} {Technology}},
    author        = {Lin, Hanhui and Xie, Shaoqun and Cai, Ken},
    year          = {2019},
    month         = aug,
    booktitle     = {2019 {IEEE} {International} {Conference} on {Smart} {Internet} of {Things} ({SmartIoT})},
    publisher     = {IEEE},
    address       = {Tianjin, China},
    pages         = {393--396},
    doi           = {10.1109/SmartIoT.2019.00069},
    isbn          = {9781728134888},
    url           = {https://ieeexplore.ieee.org/document/8896582/},
    urldate       = {2023-01-11},
}

@inproceedings{mahmood_raspberry_2019,
    title         = {Raspberry {PI} and role of {IoT} in {Education}},
    author        = {Mahmood, Salman and Palaniappan, Sellappan and Hasan, Raza and Sarker, Kamal Uddin and Abass, Ali and Rajegowda, Puttaswamy Malali},
    year          = {2019},
    month         = jan,
    booktitle     = {2019 4th {MEC} {International} {Conference} on {Big} {Data} and {Smart} {City} ({ICBDSC})},
    publisher     = {IEEE},
    address       = {Muscat, Oman},
    pages         = {1--6},
    doi           = {10.1109/ICBDSC.2019.8645598},
    isbn          = {9781538680469},
    url           = {https://ieeexplore.ieee.org/document/8645598/},
    urldate       = {2023-01-11},
}

@article{saraubon_learning_2019,
    title         = {Learning {Media} {Repository} and {Delivery} {System} for {Smart} {Classroom} using {IoT} and {Mobile} {Technologies}},
    author        = {Saraubon, Kobkiat},
    year          = {2019},
    month         = feb,
    journal       = {International Journal of Interactive Mobile Technologies (iJIM)},
    volume        = {13},
    number        = {02},
    pages         = {66},
    doi           = {10.3991/ijim.v13i02.9941},
    issn          = {1865-7923},
    url           = {https://online-journals.org/index.php/i-jim/article/view/9941},
    urldate       = {2023-01-12},
}

@inproceedings{chang_learning_2020,
    title         = {Learning the {Classroom} {Automation} {Preferences} with {Low} {User} {Intervention}},
    author        = {Chang, Feng-Cheng and Huang, Hsiang-Cheh and Chu, Liou},
    year          = {2020},
    month         = mar,
    booktitle     = {2020 {IEEE} 2nd {Global} {Conference} on {Life} {Sciences} and {Technologies} ({LifeTech})},
    publisher     = {IEEE},
    address       = {Kyoto, Japan},
    pages         = {31--34},
    doi           = {10.1109/LifeTech48969.2020.1570616823},
    isbn          = {9781728170633},
    url           = {https://ieeexplore.ieee.org/document/9081028/},
    urldate       = {2023-01-11},
}

@article{crisol-moya_active_2020,
    title         = {Active {Methodologies} in {Higher} {Education}: {Perception} and {Opinion} as {Evaluated} by {Professors} and {Their} {Students} in the {Teaching}-{Learning} {Process}},
    shorttitle    = {Active {Methodologies} in {Higher} {Education}},
    author        = {Crisol-Moya, Emilio and Romero-L\'{o}pez, Mar\'{\i}a Asunci\'{o}n and Caurcel-Cara, Mar\'{\i}a Jes\'{u}s},
    year          = {2020},
    month         = aug,
    journal       = {Frontiers in Psychology},
    volume        = {11},
    pages         = {1703},
    doi           = {10.3389/fpsyg.2020.01703},
    issn          = {1664-1078},
    url           = {https://www.frontiersin.org/article/10.3389/fpsyg.2020.01703/full},
    urldate       = {2023-01-11},
}

@inproceedings{inoue_planning_2020,
    title         = {Planning and {Implementation} of {Large}-{Scale} {Online} {Project}-{Based} {Learning} and {Flipped} {Classes}},
    author        = {Inoue, Masahiro and Suhara, Yoshito and Ichikawa, Manabu and Chen, Xinkai and Wagatsuma, Takahiro},
    year          = {2020},
    month         = dec,
    booktitle     = {2020 {IEEE} {International} {Conference} on {Teaching}, {Assessment}, and {Learning} for {Engineering} ({TALE})},
    publisher     = {IEEE},
    address       = {Takamatsu, Japan},
    pages         = {918--921},
    doi           = {10.1109/TALE48869.2020.9368494},
    isbn          = {9781728169422},
    url           = {https://ieeexplore.ieee.org/document/9368494/},
    urldate       = {2023-01-11},
}

@article{li_improved_2020,
    title         = {Improved {LSTM} data analysis system for {IoT}-based smart classroom},
    author        = {Li, Yingjie and Chen, Lianjun},
    year          = {2020},
    month         = oct,
    journal       = {Journal of Intelligent \& Fuzzy Systems},
    volume        = {39},
    number        = {4},
    pages         = {5141--5148},
    doi           = {10.3233/JIFS-179999},
    issn          = {10641246, 18758967},
    url           = {https://www.medra.org/servlet/aliasResolver?alias=iospress\&doi=10.3233/JIFS-179999},
    urldate       = {2023-01-11},
    editor        = {Maseleno, Andino and Yuan, Xiaohui and Balas, Valentina E.},
}

@inproceedings{lin_iot_2020,
    title         = {{IoT} {Experimental} {Classroom} {Project} under the {Mode} of {Industry}-{University}-{Research} {Collaboration}},
    author        = {Lin, Ruijin},
    year          = {2020},
    month         = jun,
    booktitle     = {2020 5th {International} {Conference} on {Smart} {Grid} and {Electrical} {Automation} ({ICSGEA})},
    publisher     = {IEEE},
    address       = {Zhangjiajie, China},
    pages         = {433--436},
    doi           = {10.1109/ICSGEA51094.2020.00099},
    isbn          = {9781728182780},
    url           = {https://ieeexplore.ieee.org/document/9260315/},
    urldate       = {2023-01-11},
}

@inproceedings{memos_revolutionary_2020,
    title         = {A {Revolutionary} {Interactive} {Smart} {Classroom} ({RISC}) with the {Use} of {Emerging} {Technologies}},
    author        = {Memos, Vasileios A. and Minopoulos, Georgios and Stergiou, Christos and Psannis, Konstantinos E. and Ishibashi, Yutaka},
    year          = {2020},
    month         = jun,
    booktitle     = {2020 2nd {International} {Conference} on {Computer} {Communication} and the {Internet} ({ICCCI})},
    publisher     = {IEEE},
    address       = {Nagoya, Japan},
    pages         = {174--178},
    doi           = {10.1109/ICCCI49374.2020.9145987},
    isbn          = {9781728158006},
    url           = {https://ieeexplore.ieee.org/document/9145987/},
    urldate       = {2023-01-12},
}

@article{hincapie_use_2020,
    title         = {Use of laboratory scenarios as a strategy to develop smart factories for {Industry} 4.0},
    author        = {Hincapi\'{e}, Mauricio and Valdez, Alberto and G\"{u}emes-Castorena, David and Ram\'{\i}rez, Miguel},
    year          = {2020},
    month         = dec,
    journal       = {International Journal on Interactive Design and Manufacturing (IJIDeM)},
    volume        = {14},
    number        = {4},
    pages         = {1285--1304},
    doi           = {10.1007/s12008-020-00696-3},
    issn          = {1955-2513, 1955-2505},
    url           = {https://link.springer.com/10.1007/s12008-020-00696-3},
    urldate       = {2023-01-12},
    language      = {en},
}

@inproceedings{oteri_application_2020,
    title         = {The {Application} of {IoT} layer one {Based} {Mobile} {Labs} in {Engineering}, {Science} and {Technology} {Education}},
    author        = {Oteri, Omae Malack},
    year          = {2020},
    month         = dec,
    booktitle     = {2020 {IEEE} {Bombay} {Section} {Signature} {Conference} ({IBSSC})},
    publisher     = {IEEE},
    address       = {Mumbai, India},
    pages         = {192--197},
    doi           = {10.1109/IBSSC51096.2020.9332177},
    isbn          = {9781728189932},
    url           = {https://ieeexplore.ieee.org/document/9332177/},
    urldate       = {2023-01-12},
}

@article{romero_tecnologias_2020,
    title         = {Tecnolog\'{\i}as del aprendizaje: teor\'{\i}as, metodolog\'{\i}as y procesos did\'{a}cticos para favorecer el aprendizaje de los estudiantes del siglo {XXI}},
    shorttitle    = {Tecnolog\'{\i}as del aprendizaje},
    author        = {Romero Rodr\'{\i}guez, Jos\'{e} Mar\'{\i}a and Alonso Garc\'{\i}a, Santiago},
    year          = {2020},
    month         = nov,
    journal       = {Texto Livre},
    volume        = {13},
    number        = {3},
    pages         = {i--ii},
    issn          = {1983-3652},
    url           = {https://periodicos.ufmg.br/index.php/textolivre/article/view/26454},
    urldate       = {2023-01-12},
    language      = {es},
    keywords      = {Editorial, Educa\c{c}\~{a}o, Tecnologia},
}

@inproceedings{shan_smart_2020,
    title         = {A {Smart} {Campus} {System} based on {Intention} {Recognition} and {Internet} of {Things}},
    author        = {Shan, Maoxuan},
    year          = {2020},
    month         = oct,
    booktitle     = {2020 5th {International} {Conference} on {Universal} {Village} ({UV})},
    publisher     = {IEEE},
    address       = {Boston, MA, USA},
    pages         = {1--8},
    doi           = {10.1109/UV50937.2020.9426208},
    isbn          = {9781728195230},
    url           = {https://ieeexplore.ieee.org/document/9426208/},
    urldate       = {2023-01-12},
}

@inproceedings{fortoul-diaz_project-based_2021,
    title         = {Project-{Based} {Learning} {Using} {Internet} of {Things} as an {Educational} {Tool} in {COVID}–19 {Era} with a {Hybrid} {Context} for {Engineering} {Students}},
    author        = {Fortoul-Diaz, Jesus Anselmo and Cortes-Santacruz, Froylan and Perez-Rojas, Daniel and Torres-Rios, Emmanuel and Antonio Carrillo-Martinez, Luis},
    year          = {2021},
    month         = dec,
    booktitle     = {2021 4th {International} {Conference} on {Education} {Technology} {Management}},
    publisher     = {ACM},
    address       = {Tokyo Japan},
    pages         = {111--117},
    doi           = {10.1145/3510309.3510327},
    isbn          = {9781450385800},
    url           = {https://dl.acm.org/doi/10.1145/3510309.3510327},
    urldate       = {2023-01-11},
    language      = {en},
}

@article{liu_construction_2021,
    title         = {The {Construction} of {English} {Smart} {Classroom} and the {Innovation} of {Teaching} {Mode} under the {Background} of {Internet} of {Things} {Multimedia} {Communication}},
    author        = {Liu, Qingxiang and Yang, Zhongguo},
    year          = {2021},
    month         = oct,
    journal       = {Mobile Information Systems},
    volume        = {2021},
    pages         = {1--10},
    doi           = {10.1155/2021/6398067},
    issn          = {1875-905X, 1574-017X},
    url           = {https://www.hindawi.com/journals/misy/2021/6398067/},
    urldate       = {2023-01-11},
    language      = {en},
    editor        = {Tsai, Sang-Bing},
}

@article{liu_internet_2021,
    title         = {Internet of {Things} ({IoT}) {Technology} for the {Development} of {Intelligent} {Decision} {Support} {Education} {Platform}},
    author        = {Liu, Jinhua and Wang, Caiping and Xiao, Xianchun},
    year          = {2021},
    month         = dec,
    journal       = {Scientific Programming},
    volume        = {2021},
    pages         = {1--12},
    doi           = {10.1155/2021/6482088},
    issn          = {1875-919X, 1058-9244},
    url           = {https://www.hindawi.com/journals/sp/2021/6482088/},
    urldate       = {2023-01-11},
    language      = {en},
    editor        = {Ali, Rahman},
}

@inproceedings{mohammed_powerful_2021,
    title         = {The {Powerful} {Method} for {Smart} {Classroom} {Communication} {Rely} on {IoT}},
    author        = {Mohammed, Bahaa Kareem and Chisab, Raad Farhood and Alwaily, Ali Hassanein},
    year          = {2021},
    month         = oct,
    booktitle     = {2021 {International} {Conference} on {Advance} of {Sustainable} {Engineering} and its {Application} ({ICASEA})},
    publisher     = {IEEE},
    address       = {Wasit, Iraq},
    pages         = {33--36},
    doi           = {10.1109/ICASEA53739.2021.9733064},
    isbn          = {9781665497367},
    url           = {https://ieeexplore.ieee.org/document/9733064/},
    urldate       = {2023-01-12},
}

@misc{pelletier_2021_2021,
    title         = {2021 {EDUCAUSE} {Horizon} {Report}\&lt;sup\&gt;\&\#174;\&lt;/sup\&gt; {\textbar} {Teaching} and {Learning} {Edition}},
    author        = {Pelletier, Kathe and {et al.}},
    year          = {2021},
    url           = {https://library.educause.edu/resources/2021/4/2021-educause-horizon-report-teaching-and-learning-edition},
    urldate       = {2023-01-12},
    language      = {en},
}

@article{petrovic_designing_2021,
    title         = {Designing an extended smart classroom: {An} approach to game-based learning for {IoT}},
    shorttitle    = {Designing an extended smart classroom},
    author        = {Petrovi\'{c}, Luka and Stojanovi\'{c}, Danijela and Mitrovi\'{c}, Svetlana and Bara\'{c}, Du\v{s}an and Bogdanovi\'{c}, Zorica},
    year          = {2021},
    month         = jul,
    journal       = {Computer Applications in Engineering Education},
    pages         = {cae.22446},
    doi           = {10.1002/cae.22446},
    issn          = {1061-3773, 1099-0542},
    url           = {https://onlinelibrary.wiley.com/doi/10.1002/cae.22446},
    urldate       = {2023-01-12},
    language      = {en},
}

@article{burunkaya_design_2022,
    title         = {Design and {Implementation} of an {IoT}-{Based} {Smart} {Classroom} {Incubator}},
    author        = {Burunkaya, Mustafa and Duraklar, Kaz\i{}m},
    year          = {2022},
    month         = feb,
    journal       = {Applied Sciences},
    volume        = {12},
    number        = {4},
    pages         = {2233},
    doi           = {10.3390/app12042233},
    issn          = {2076-3417},
    url           = {https://www.mdpi.com/2076-3417/12/4/2233},
    urldate       = {2023-01-11},
    language      = {en},
}

@article{nai_design_2022,
    title         = {The design of smart classroom for modern college {English} teaching under {Internet} of {Things}},
    author        = {Nai, Ruihua},
    year          = {2022},
    month         = feb,
    journal       = {PLOS ONE},
    volume        = {17},
    number        = {2},
    pages         = {e0264176},
    doi           = {10.1371/journal.pone.0264176},
    issn          = {1932-6203},
    url           = {https://dx.plos.org/10.1371/journal.pone.0264176},
    urldate       = {2023-01-12},
    language      = {en},
    editor        = {Mehmood, Rashid},
}
