@article{rutledge_evolutionary_2000,
    title         = {Evolutionary {Theory}, the {Nature} of {Science} \& {High} {School} {Biology} {Teachers}: {Critical} {Relationships}},
    shorttitle    = {Evolutionary {Theory}, the {Nature} of {Science} \& {High} {School} {Biology} {Teachers}},
    author        = {Rutledge, Michael L. and Warden, Melissa A.},
    year          = {2000},
    journal       = {The American Biology Teacher},
    volume        = {62},
    number        = {1},
    pages         = {23--31},
    doi           = {10.2307/4450822},
    issn          = {0002-7685},
    url           = {https://www.jstor.org/stable/4450822},
    urldate       = {2023-11-05},
}

@article{the_design-based_research_collective_design-based_2003,
    title         = {Design-{Based} {Research}: {An} {Emerging} {Paradigm} for {Educational} {Inquiry}},
    shorttitle    = {Design-{Based} {Research}},
    author        = {{The Design-Based Research Collective}},
    year          = {2003},
    month         = jan,
    journal       = {Educational Researcher},
    volume        = {32},
    number        = {1},
    pages         = {5--8},
    doi           = {10.3102/0013189X032001005},
    issn          = {0013-189X, 1935-102X},
    url           = {http://journals.sagepub.com/doi/10.3102/0013189X032001005},
    urldate       = {2023-11-05},
}

@article{sinatra_intentions_2003,
    title         = {Intentions and beliefs in students' understanding and acceptance of biological evolution},
    author        = {Sinatra, Gale M. and Southerland, Sherry A. and McConaughy, Frances and Demastes, James W.},
    year          = {2003},
    month         = may,
    journal       = {Journal of Research in Science Teaching},
    volume        = {40},
    number        = {5},
    pages         = {510--528},
    doi           = {10.1002/tea.10087},
    issn          = {0022-4308, 1098-2736},
    url           = {https://onlinelibrary.wiley.com/doi/10.1002/tea.10087},
    urldate       = {2023-11-05},
}

@article{handelsman_scientific_2004,
    title         = {Scientific {Teaching}},
    author        = {Handelsman, Jo and Ebert-May, Diane and Beichner, Robert and Bruns, Peter and Chang, Amy and DeHaan, Robert and Gentile, Jim and Lauffer, Sarah and Stewart, James and Tilghman, Shirley M. and Wood, William B.},
    year          = {2004},
    journal       = {Science},
    volume        = {304},
    number        = {5670},
    pages         = {521--522},
    issn          = {0036-8075},
    url           = {https://www.jstor.org/stable/3836701},
    urldate       = {2023-11-05},
}

@article{fabricio_compreensao_2006,
    title         = {A compreens\~{a}o das leis de mendel por alunos de biologia na educa\c{c}\~{a}o b\'{a}sica e na licenciatura},
    author        = {Fabr\'{\i}cio, Maria de F\'{a}tima Lima and J\'{o}fili, Z\'{e}lia Maria Soares and Semen, Luiza Suely Martins and Le\~{a}o, Ana Maria dos Anjos Carneiro},
    year          = {2006},
    month         = jun,
    journal       = {Ensaio Pesquisa em Educa\c{c}\~{a}o em Ci\^{e}ncias (Belo Horizonte)},
    volume        = {8},
    pages         = {83--103},
    doi           = {10.1590/1983-21172006080106},
    issn          = {1983-2117},
    url           = {https://www.scielo.br/j/epec/a/d8JbvnPgSNyVwMLKT9j5WrL/?lang=pt},
    urldate       = {2023-11-05},
    keywords      = {Leis de Mendel, aprendizagem conceitual, forma\c{c}\~{a}o de professores.},
}

@article{gregory_understanding_2009,
    title         = {Understanding {Natural} {Selection}: {Essential} {Concepts} and {Common} {Misconceptions}},
    shorttitle    = {Understanding {Natural} {Selection}},
    author        = {Gregory, T. Ryan},
    year          = {2009},
    month         = jun,
    journal       = {Evolution: Education and Outreach},
    volume        = {2},
    number        = {2},
    pages         = {156--175},
    doi           = {10.1007/s12052-009-0128-1},
    issn          = {1936-6434},
    url           = {https://evolution-outreach.biomedcentral.com/articles/10.1007/s12052-009-0128-1},
    urldate       = {2023-11-05},
    copyright     = {2009 Springer Science+Business Media, LLC},
}

@article{livingstone_balancing_2010,
    title         = {Balancing opportunities and risks in teenagers' use of the internet: the role of online skills and internet self-efficacy},
    shorttitle    = {Balancing opportunities and risks in teenagers' use of the internet},
    author        = {Livingstone, Sonia and Helsper, Ellen},
    year          = {2010},
    month         = mar,
    journal       = {New Media \& Society},
    volume        = {12},
    number        = {2},
    pages         = {309--329},
    doi           = {10.1177/1461444809342697},
    issn          = {1461-4448, 1461-7315},
    url           = {http://journals.sagepub.com/doi/10.1177/1461444809342697},
    urldate       = {2023-11-05},
}

@article{rodriguez-altamirano_estudio_2010,
    title         = {Estudio de casos: {REA} (recursos educativos abiertos) en clases de {Historia} de {M\'{e}xico}},
    shorttitle    = {Estudio de casos},
    author        = {Rodr\'{\i}guez-Altamirano, Ninel and Telles-G\'{o}mez, Ana Cynthia and V\'{e}rtiz-Hern\'{a}ndez, Mar\'{\i}a Patricia and S\'{a}nchez-Esparza, Abiga\'{\i}l},
    year          = {2010},
    journal       = {Magis. Revista Internacional de Investigaci\'{o}n en Educaci\'{o}n},
    volume        = {3},
    number        = {5},
    pages         = {147--166},
    issn          = {2027-1174, 2027-1182},
    url           = {https://www.redalyc.org/articulo.oa?id=281023476009},
    urldate       = {2023-11-05},
    keywords      = {Pr\'{a}ctica docente, aprendizaje significativo, motivaci\'{o}n, m\'{e}todo, estudio de casos, contexto, ense\~{n}anza, innovaci\'{o}n, REA, competencias Pr\'{a}ctica pedag\'{o}gica, estudio de casos, metodolog\'{\i}a del aprendizaje, Teaching Practice, Meaningful Learning, Motivation, Study Case Context, Teaching, Innovation, Open Educational Resources (OERs), Competences Teaching practice, Study of cases, Learning, Methodology, Pratique des enseignants, apprent},
}

@article{warschauer_new_2010,
    title         = {New {Technology} and {Digital} {Worlds}: {Analyzing} {Evidence} of {Equity} in {Access}, {Use}, and {Outcomes}},
    shorttitle    = {New {Technology} and {Digital} {Worlds}},
    author        = {Warschauer, Mark and Matuchniak, Tina},
    year          = {2010},
    month         = mar,
    journal       = {Review of Research in Education},
    volume        = {34},
    number        = {1},
    pages         = {179--225},
    doi           = {10.3102/0091732X09349791},
    issn          = {0091-732X, 1935-1038},
    url           = {http://journals.sagepub.com/doi/10.3102/0091732X09349791},
    urldate       = {2023-11-05},
}

@misc{american_association_for_the_advancement_of_science_vision_2011,
    title         = {Vision and {Change} in {Undergraduate} {Biology} {Education}: {A} {Call} to {Action}},
    author        = {{American Association for the Advancement of Science}},
    year          = {2011},
    url           = {https://visionandchange.org/finalreport/},
    urldate       = {2023-11-05},
}

@article{area-moreira_alisis_2011,
    title         = {Un an\'{a}lisis de las actividades did\'{a}cticas con {TIC} en aulas de educaci\'{o}n secundaria},
    author        = {Area-Moreira, Manuel and Gonz\'{a}lez Salamanca, Daida and Cepeda-Romero, Olga and Sanabria Mesa, Ana Luisa},
    year          = {2011},
    journal       = {P\'{\i}xel-Bit: Revista de medios y educaci\'{o}n},
    volume        = {38},
    pages         = {p. 187--199},
    issn          = {1133-8482},
    url           = {https://idus.us.es/handle/11441/22645},
    urldate       = {2023-11-05},
    copyright     = {Atribuci\'{o}n-NoComercial-SinDerivadas 4.0 Espa\~{n}a},
    language      = {spa},
}

@phdthesis{catarinacho_o_2011,
    title         = {O ensino de gen\'{e}tica com super-her\'{o}is: uma abordagem mutante na sala de aula},
    author        = {Catarinacho, Rodrigues Lucas},
    year          = {2011},
    address       = {S\~{a}o Paulo},
    url           = {https://silo.tips/download/universidade-presbiteriana-mackenzie-centro-de-ciencias-biologicas-e-da-saude-cu-40\#},
    urldate       = {2023-11-05},
    type          = {Monografia ({Licenciatura} em {Ci\^{e}ncias} {Biol\'{o}gicas})},
    language      = {en},
    school        = {Universidade Presbiteriana Mackenzie},
}

@article{koltay_media_2011,
    title         = {The media and the literacies: media literacy, information literacy, digital literacy},
    shorttitle    = {The media and the literacies},
    author        = {Koltay, Tibor},
    year          = {2011},
    month         = mar,
    journal       = {Media, Culture \& Society},
    volume        = {33},
    number        = {2},
    pages         = {211--221},
    doi           = {10.1177/0163443710393382},
    issn          = {0163-4437, 1460-3675},
    url           = {http://journals.sagepub.com/doi/10.1177/0163443710393382},
    urldate       = {2023-11-05},
}

@article{torres-diaz_desigualdad_2011,
    title         = {Desigualdad digital en la universidad: {Usos} de {Internet} en {Ecuador}},
    shorttitle    = {Desigualdad digital en la universidad},
    author        = {Torres-D\'{\i}az, Juan-Carlos and Infante-Moro, Alfonso},
    year          = {2011},
    journal       = {Comunicar: Revista Cient\'{\i}fica de Comunicaci\'{o}n y Educaci\'{o}n},
    volume        = {19},
    number        = {37},
    pages         = {81--88},
    doi           = {10.3916/C37-2011-02-08},
    issn          = {1134-3478},
    url           = {https://www.revistacomunicar.com/index.php?contenido=detalles\&numero=37\&articulo=37-2011-10},
    urldate       = {2023-11-05},
    copyright     = {Oxbridge Publishing House},
}

@article{van_eck_text_2011,
    title         = {Text mining and visualization using {VOSviewer}},
    author        = {Van Eck, Ness Jan and Waltman, Ludo},
    year          = {2011},
    journal       = {ISSI Newsletter},
    volume        = {7},
    number        = {3},
    pages         = {50--54},
}

@article{brownell_undergraduate_2012,
    title         = {Undergraduate {Biology} {Lab} {Courses}: {Comparing} the {Impact} of {Traditionally} {Base}},
    shorttitle    = {Undergraduate {Biology} {Lab} {Courses}},
    author        = {Brownell, Sara E. and Kloser, Matthew J. and Fukami, Tadishi and Shavelson, Rich},
    year          = {2012},
    journal       = {Journal of College Science Teaching},
    volume        = {41},
    number        = {4},
    pages         = {36--45},
    doi           = {10.2505/3/jcst12\_041\_04},
    issn          = {0047-231X},
    urldate       = {2023-11-05},
    keywords      = {Science Instruction, College Science, Undergraduate Study, Student Research, Biology, Science Laboratories, Student Attitudes, Self Esteem, Comparative Analysis, Inquiry, Observation, Surveys, Interviews, Teaching Methods},
}

@article{keller_framework_2012,
    title         = {A {Framework} for {K}-12 {Science} {Education}: {Increasing} {Opportunities} for {Student} {Learning}},
    shorttitle    = {A {Framework} for {K}-12 {Science} {Education}},
    author        = {Keller, Thomas E. and Pearson, Greg},
    year          = {2012},
    month         = feb,
    journal       = {Technology and Engineering Teacher},
    volume        = {71},
    number        = {5},
    pages         = {12--18},
    issn          = {2158-0502},
    urldate       = {2023-11-05},
    keywords      = {Science Education, Elementary Secondary Education, Instructional Development, Science Course Improvement Projects, Educational Opportunities, Program Implementation, Alignment (Education), STEM Education, Instructional Design, Change Strategies, Educational Change, Models},
}

@book{national_research_council_framework_2012,
    title         = {A {Framework} for {K}-12 {Science} {Education}: {Practices}, {Crosscutting} {Concepts}, and {Core} {Ideas}},
    shorttitle    = {A {Framework} for {K}-12 {Science} {Education}},
    author        = {{National Research Council}},
    year          = {2012},
    month         = feb,
    publisher     = {National Academies Press},
    address       = {Washington, D.C.},
    doi           = {10.17226/13165},
    isbn          = {9780309217422},
    url           = {http://nap.edu/catalog/13165},
    urldate       = {2023-11-05},
    keywords      = {Education--K-12 Education, Education--Math and Science Education, Education--Testing, Assessments and Standards, Education--Education Research and Theory},
}

@article{moura_biologia/genetica:_2013,
    title         = {Biologia/{Gen\'{e}tica}: {O} ensino de biologia, com enfoque a gen\'{e}tica, das escolas p\'{u}blicas no {Brasil} – breve relato e reflex\~{a}o},
    shorttitle    = {Biologia/{Gen\'{e}tica}},
    author        = {Moura, Joseane and Meireles De Deus, Maria Do Socorro and Gon\c{c}alves, Nilda Masciel Neiva and Peron, Ana},
    year          = {2013},
    month         = dec,
    journal       = {Semina: Ci\^{e}ncias Biol\'{o}gicas e da Sa\'{u}de},
    volume        = {34},
    number        = {2},
    pages         = {167},
    doi           = {10.5433/1679-0367.2013v34n2p167},
    issn          = {1679-0367, 1676-5435},
    url           = {http://www.uel.br/revistas/uel/index.php/seminabio/article/view/13398},
    urldate       = {2023-11-05},
}

@book{prodanov_metodologia_2013,
    title         = {Metodologia do {Trabalho} {Cient\'{\i}fico}: m\'{e}todos e t\'{e}cnicas da pesquisa e do trabalho acad\^{e}mico},
    author        = {Prodanov, Cleber Cristiano and Freitas, Ernani C\'{e}sar},
    year          = {2013},
    publisher     = {Feevale},
    address       = {Novo Hamburgo-RS},
    url           = {https://www.feevale.br/institucional/editora-feevale/metodologia-do-trabalho-cientifico---2-edicao},
    urldate       = {2023-06-01},
}

@article{couch_scientific_2015,
    title         = {Scientific {Teaching}: {Defining} a {Taxonomy} of {Observable} {Practices}},
    shorttitle    = {Scientific {Teaching}},
    author        = {Couch, Brian A. and Brown, Tanya L. and Schelpat, Tyler J. and Graham, Mark J. and Knight, Jennifer K.},
    year          = {2015},
    month         = mar,
    journal       = {CBE--Life Sciences Education},
    volume        = {14},
    number        = {1},
    pages         = {ar9},
    doi           = {10.1187/cbe.14-01-0002},
    url           = {https://www.lifescied.org/doi/10.1187/cbe.14-01-0002},
    urldate       = {2023-11-05},
}

@article{kennedy-clark_reflection:_2015,
    title         = {Reflection: {Research} by design: {Design}-based research and the higher degree research student},
    shorttitle    = {Reflection},
    author        = {Kennedy-Clark, Shannon},
    year          = {2015},
    month         = dec,
    journal       = {Journal of Learning Design},
    volume        = {8},
    number        = {3},
    pages         = {106--122},
    doi           = {10.5204/jld.v8i3.257},
    issn          = {1832-8342},
    url           = {https://www.jld.edu.au/article/view/257.html},
    urldate       = {2023-11-05},
    copyright     = {Copyright (c)},
    keywords      = {higher degree research, design-based research},
}

@article{seaborn_gamification_2015,
    title         = {Gamification in theory and action: {A} survey},
    shorttitle    = {Gamification in theory and action},
    author        = {Seaborn, Katie and Fels, Deborah I.},
    year          = {2015},
    month         = feb,
    journal       = {International Journal of Human-Computer Studies},
    volume        = {74},
    pages         = {14--31},
    doi           = {10.1016/j.ijhcs.2014.09.006},
    issn          = {10715819},
    url           = {https://linkinghub.elsevier.com/retrieve/pii/S1071581914001256},
    urldate       = {2023-11-05},
}

@article{waghid_democratisation_2015,
    title         = {On the {Democratisation} of {Science} {Education} through {Facebook}: {Implications} for {Autonomy}, {Equality} and {Teacher} {Education} in {Universities}},
    shorttitle    = {On the {Democratisation} of {Science} {Education} through {Facebook}},
    author        = {Waghid, Faiq},
    year          = {2015},
    journal       = {South African Journal of Higher Education},
    volume        = {29},
    number        = {2},
    doi           = {10.20853/29-2-482},
    issn          = {1753-5913},
    url           = {https://www.journals.ac.za/sajhe/article/view/482},
    urldate       = {2023-11-05},
    copyright     = {Copyright (c) 2016 Faiq Waghid},
}

@article{agarwal_bibliometrics:_2016,
    title         = {Bibliometrics: tracking research impact by selecting the appropriate metrics},
    shorttitle    = {Bibliometrics},
    author        = {Agarwal, Ashok and Durairajanayagam, Damayanthi and Tatagari, Sindhuja and Esteves, Sandro C. and Harlev, Avi and Henkel, Ralf and Roychoudhury, Shubhadeep and Homa, Sheryl and Puchalt, Nicol\'{a}s Garrido and Ramasamy, Ranjith and Majzoub, Ahmad and Ly, Kim Dao and Tvrda, Eva and Assidi, Mourad and Kesari, Kavindra and Sharma, Reecha and Banihani, Saleem and Ko, Edmund and Abu-Elmagd, Muhammad and Gosalvez, Jaime and Bashiri, Asher},
    year          = {2016},
    month         = apr,
    journal       = {Asian Journal of Andrology},
    volume        = {18},
    number        = {2},
    pages         = {296},
    doi           = {10.4103/1008-682X.171582},
    issn          = {1008-682X},
    url           = {https://journals.lww.com/ajandrology/fulltext/2016/18020/bibliometrics\_\_tracking\_research\_impact\_by.25.aspx},
    urldate       = {2023-11-05},
}

@misc{r_core_team_r:_2016,
    title         = {R: {The} {R} {Project} for {Statistical} {Computing}},
    author        = {{R Core Team}},
    year          = {2016},
    url           = {https://www.r-project.org/},
    urldate       = {2023-11-05},
}

@article{area-moreira__2017,
    title         = {{La} metamorfosis digital del material did\'{a}ctico tras el par\'{e}ntesis {Gutenberg} / {The} digital metamorphosis of didactic material after the parenthesis {Gutenberg}},
    author        = {Area-Moreira, Manuel},
    year          = {2017},
    journal       = {Revista Latinoamericana de Tecnolog\'{\i}a Educativa - RELATEC},
    volume        = {16},
    number        = {2},
    pages         = {p. 13--28},
    doi           = {https://doi.org/10.17398/1695-288X.16.2.13},
}

@article{aria_bibliometrix_2017,
    title         = {bibliometrix : {An} {R}-tool for comprehensive science mapping analysis},
    shorttitle    = {bibliometrix},
    author        = {Aria, Massimo and Cuccurullo, Corrado},
    year          = {2017},
    month         = nov,
    journal       = {Journal of Informetrics},
    volume        = {11},
    number        = {4},
    pages         = {959--975},
    doi           = {10.1016/j.joi.2017.08.007},
    issn          = {17511577},
    url           = {https://linkinghub.elsevier.com/retrieve/pii/S1751157717300500},
    urldate       = {2023-11-05},
}

@inproceedings{barros_o_2017,
    title         = {O uso de recursos did\'{a}ticos no ensino de gen\'{e}tica: investigando as produ\c{c}\~{o}es acad\^{e}micas nacionais},
    author        = {Barros, Gabriela Dutra and Ribeiro, Alice Melo and Silva, Delano Moody Sim\~{o}es da},
    year          = {2017},
    booktitle     = {Anais...},
    pages         = {01--09},
    url           = {http://abrapecnet.org.br/enpec/xi-enpec/anais/resumos/R1784-1.pdf},
    urldate       = {2023-05-18},
}

@article{cepeda-romero_evaluacion_2017,
    title         = {La evaluaci\'{o}n de los materiales did\'{a}cticos},
    author        = {Cepeda-Romero, Olga and Gallardo Fern\'{a}ndez, Isabel Mar\'{\i}a and Rodr\'{\i}guez Rodr\'{\i}guez, Jes\'{u}s},
    year          = {2017},
    journal       = {Revista Latinoamericana de Tecnolog\'{\i}a Educativa - Relatec},
    volume        = {16},
    number        = {2},
    pages         = {79--95},
    doi           = {https://doi.org/10.17398/1695-288X.16.2.79},
}

@article{silva_um_2017,
    title         = {Um estudo sobre as habilidades necess\'{a}rias para utiliza\c{c}\~{a}o das tecnologias digitais como recurso metodol\'{o}gico},
    author        = {Silva, Wender Ant\^{o}nio da and Kalhil, Josefina Barrera},
    year          = {2017},
    month         = jul,
    journal       = {REAMEC - Rede Amaz\^{o}nica de Educa\c{c}\~{a}o em Ci\^{e}ncias e Matem\'{a}tica},
    volume        = {5},
    number        = {1},
    pages         = {62--77},
    doi           = {10.26571/2318-6674.a2017.v5.n1.p62-77.i5343},
    issn          = {2318-6674},
    url           = {https://periodicoscientificos.ufmt.br/ojs/index.php/reamec/article/view/5343},
    urldate       = {2023-11-05},
    copyright     = {Copyright (c) 2017 REAMEC - Rede Amaz\^{o}nica de Educa\c{c}\~{a}o em Ci\^{e}ncias e Matem\'{a}tica},
    keywords      = {Habilidades.},
}

@article{winkelmann_development_2017,
    title         = {Development, {Implementation}, and {Assessment} of {General} {Chemistry} {Lab} {Experiments} {Performed} in the {Virtual} {World} of {Second} {Life}},
    author        = {Winkelmann, Kurt and Keeney-Kennicutt, Wendy and Fowler, Debra and Macik, Maria},
    year          = {2017},
    month         = jul,
    journal       = {Journal of Chemical Education},
    volume        = {94},
    number        = {7},
    pages         = {849--858},
    doi           = {10.1021/acs.jchemed.6b00733},
    issn          = {0021-9584, 1938-1328},
    url           = {https://pubs.acs.org/doi/10.1021/acs.jchemed.6b00733},
    urldate       = {2023-11-05},
}

@article{colas-bravo_incidencia_2018,
    title         = {Incidencia de las {TIC} en la ense\~{n}anza en el sistema educativo espa\~{n}ol: una revisi\'{o}n de la investigaci\'{o}n},
    shorttitle    = {Incidencia de las {TIC} en la ense\~{n}anza en el sistema educativo espa\~{n}ol},
    author        = {Col\'{a}s-Bravo, Mar\'{\i}a Pilar and de-Pablos, Juan and Ballesta, Javier},
    year          = {2018},
    month         = jan,
    journal       = {Revista de Educaci\'{o}n a Distancia (RED)},
    number        = {56},
    doi           = {10.6018/red/56/2},
    issn          = {1578-7680},
    url           = {http://www.um.es/ead/red/56/colas\_et\_al.pdf},
    urldate       = {2023-11-05},
}

@article{dewi_development_2018,
    title         = {Development of {Digital} {Storytelling}-{Based} {Science} {Teaching} {Materials} to {Improve} {Students\^{a}}\mbox{\texteuro}{}\texttrademark{} {Metacognitive} {Ability}},
    author        = {Dewi, N. R. and Kannapiran, S. and Wibowo, S. W. A.},
    year          = {2018},
    month         = apr,
    journal       = {Jurnal Pendidikan IPA Indonesia},
    volume        = {7},
    number        = {1},
    pages         = {16--24},
    doi           = {10.15294/jpii.v7i1.12718},
    issn          = {2089-4392},
    url           = {https://journal.unnes.ac.id/nju/index.php/jpii/article/view/12718},
    urldate       = {2023-11-05},
    copyright     = {Copyright (c) 2018 Jurnal Pendidikan IPA Indonesia},
    keywords      = {teaching materials of natural science, metacognitive, digital storytelling},
}

@article{licorish_students_2018,
    title         = {Students' perception of {Kahoot}!'s influence on teaching and learning},
    author        = {Licorish, Sherlock A. and Owen, Helen E. and Daniel, Ben and George, Jade Li},
    year          = {2018},
    month         = jul,
    journal       = {Research and Practice in Technology Enhanced Learning},
    volume        = {13},
    number        = {1},
    pages         = {9},
    doi           = {10.1186/s41039-018-0078-8},
    issn          = {1793-7078},
    url           = {https://doi.org/10.1186/s41039-018-0078-8},
    urldate       = {2023-11-05},
    keywords      = {Game-based student response systems, Kahoot!, Classroom dynamics, Engagement, Motivation, Learning},
}

@article{lin_kahoot!_2018,
    title         = {Kahoot! it: {Gamification} in higher education},
    author        = {Lin, Debbita Tan Ai and Ganapathy, Malini and Singh, Manjet Kaur Mehar},
    year          = {2018},
    journal       = {Pertanika Journal: Social Sciences \& Humanities},
    volume        = {26},
    number        = {1},
    pages         = {565--582},
    url           = {https://tinyurl.com/2hz42zsu},
    urldate       = {2023-05-16},
}

@article{silva_associacao_2018,
    title         = {Associa\c{c}\~{a}o do {Fator} de {Impacto} e do \'{I}ndice h para a avalia\c{c}\~{a}o de peri\'{o}dicos cient\'{\i}ficos: uma aplica\c{c}\~{a}o no campo da {Ci\^{e}ncia} da {Informa\c{c}\~{a}o}},
    shorttitle    = {Associa\c{c}\~{a}o do {Fator} de {Impacto} e do \'{I}ndice h para a avalia\c{c}\~{a}o de peri\'{o}dicos cient\'{\i}ficos},
    author        = {Silva, Deise Deolindo and De Almeida, C\'{a}tia C\^{a}ndida and Gr\'{a}cio, Maria Cl\'{a}udia Cabrini},
    year          = {2018},
    month         = dec,
    journal       = {Em Quest\~{a}o},
    pages         = {132--151},
    doi           = {10.19132/1808-5245240.132-151},
    issn          = {1808-5245, 1807-8893},
    url           = {https://www.seer.ufrgs.br/index.php/EmQuestao/article/view/86489},
    urldate       = {2023-11-05},
}

@article{subhash_gamified_2018,
    title         = {Gamified learning in higher education: {A} systematic review of the literature},
    shorttitle    = {Gamified learning in higher education},
    author        = {Subhash, Sujit and Cudney, Elizabeth A.},
    year          = {2018},
    month         = oct,
    journal       = {Computers in Human Behavior},
    volume        = {87},
    pages         = {192--206},
    doi           = {10.1016/j.chb.2018.05.028},
    issn          = {07475632},
    url           = {https://linkinghub.elsevier.com/retrieve/pii/S0747563218302541},
    urldate       = {2023-11-05},
}

@article{vicente_alvarez_alisis_2018,
    title         = {An\'{a}lisis de materiales musicales did\'{a}cticos para {Primaria} en la escuela digital},
    author        = {Vicente \'{A}lvarez, Rosa Mar\'{\i}a and Suelves, Diana Mar\'{\i}n and Romero, Olga Cepeda},
    year          = {2018},
    month         = dec,
    journal       = {Electronic Journal of Music in Education},
    volume        = {2},
    number        = {42},
    pages         = {01--15},
    doi           = {10.7203/LEEME.42.10942},
    issn          = {1575-9563},
    url           = {https://ojs.uv.es/index.php/LEEME/article/view/10942},
    urldate       = {2023-11-05},
    copyright     = {Copyright (c) 2022 Rosa Mar\'{\i}a Vicente \'{A}lvarez, Diana Mar\'{\i}n Suelves, Olga Cepeda Romero},
    keywords      = {Materiales digitales, educaci\'{o}n musical, Educaci\'{o}n Primaria., Didactic Material, Digital, Music Education, Primary Education.},
}

@article{carvalho_tecnologias_2019,
    title         = {{TECNOLOGIAS} {DIGITAIS} {DE} {INFORMA\c{C}\~{A}O} {E} {COMUNICA\c{C}\~{A}O} ({TDIC}'{S}) {E} {A} {SALA} {DE} {AULA}},
    author        = {Carvalho, Luzia Alves de and Santos, Shayane Ferreira dos and Oliveira, Layla Fernanda Pereira and Galdino, Maria Eduarda Ribeiro},
    year          = {2019},
    month         = dec,
    journal       = {Humanas Sociais \& Aplicadas},
    volume        = {9},
    number        = {26},
    pages         = {32--51},
    doi           = {10.25242/887692620191876},
    issn          = {2236-8876},
    url           = {https://ojs3.perspectivasonline.com.br/humanas\_sociais\_e\_aplicadas/article/view/1876},
    urldate       = {2023-11-05},
    copyright     = {Copyright (c) 2019 Luzia Alves de Carvalho, Shayane Ferreira dos Santos, Layla Fernanda Pereira Oliveira, Maria Eduarda Ribeiro Galdino},
}

@article{jones_kahoot!_2019,
    title         = {A `{KAHOOT}!' {Approach}: {The} {Effectiveness} of {Game}-{Based} {Learning} for an {Advanced} {Placement} {Biology} {Class}},
    shorttitle    = {A `{KAHOOT}!' {Approach}},
    author        = {Jones, Serena M. and Katyal, Priya and Xie, Xuan and Nicolas, Madeleine P. and Leung, Eric M. and Noland, Damon M. and Montclare, Jin Kim},
    year          = {2019},
    month         = dec,
    journal       = {Simulation \& Gaming},
    volume        = {50},
    number        = {6},
    pages         = {832--847},
    doi           = {10.1177/1046878119882048},
    issn          = {1046-8781, 1552-826X},
    url           = {http://journals.sagepub.com/doi/10.1177/1046878119882048},
    urldate       = {2023-11-05},
}

@article{lawlor_approaches_2019,
    title         = {Approaches to measuring use of research evidence in {K}-12 settings: {A} systematic review},
    shorttitle    = {Approaches to measuring use of research evidence in {K}-12 settings},
    author        = {Lawlor, Jennifer and Mills, Kristen and Neal, Zachary and Neal, Jennifer Watling and Wilson, Camren and McAlindon, Kathryn},
    year          = {2019},
    month         = jun,
    journal       = {Educational Research Review},
    volume        = {27},
    pages         = {218--228},
    doi           = {10.1016/j.edurev.2019.04.002},
    issn          = {1747938X},
    url           = {https://linkinghub.elsevier.com/retrieve/pii/S1747938X18300642},
    urldate       = {2023-11-05},
}

@article{rego-agraso_visiones_2019,
    title         = {Las visiones del alumnado sobre los {Materiales} {Did\'{a}cticos} {Digitales} en {Espa\~{n}a}},
    author        = {Rego-Agraso, Laura and Suelves, Diana Mar\'{\i}n},
    year          = {2019},
    month         = oct,
    journal       = {Educar em Revista},
    volume        = {35},
    pages         = {79--94},
    doi           = {10.1590/0104-4060.68491},
    issn          = {0104-4060, 1984-0411},
    url           = {https://www.scielo.br/j/er/a/XWYDZSScJ8NPrXgMYXYZwbB/?lang=es},
    urldate       = {2023-11-05},
    keywords      = {Tecnolog\'{\i}a, Recursos did\'{a}cticos digitales, Percepci\'{o}n, Alumnado},
}

@article{vidal_esteve_uso_2019,
    title         = {Uso de materiales did\'{a}cticos digitales en las aulas de {Primaria}},
    author        = {Vidal Esteve, Mar\'{\i}a Isabel and Navarro, Ana Vega and G\'{o}mez, Silvia L\'{o}pez},
    year          = {2019},
    month         = oct,
    journal       = {Campus Virtuales},
    volume        = {8},
    number        = {2},
    pages         = {103--119},
    issn          = {2255-1514},
    url           = {http://uajournals.com/ojs/index.php/campusvirtuales/article/view/516},
    urldate       = {2023-11-05},
    copyright     = {Copyright (c) 2019 Campus Virtuales},
}

@incollection{castanha_estudos_2020,
    title         = {Estudos relacionais de cita\c{c}\~{a}o: cocita\c{c}\~{a}o, acoplamento bibliogr\'{a}fico e genealogia cient\'{\i}fica},
    author        = {Castanha, Rafael Gutierres and Bufrem, Leila Santiago and Bochi, Fernanda},
    year          = {2020},
    booktitle     = {T\'{o}picos da bibliometria para bibliotecas universit\'{a}rias},
    publisher     = {Oficina Universit\'{a}ria; Cultura Acad\^{e}mica},
    address       = {Mar\'{\i}lia; S\~{a}o Paulo},
    pages         = {71--93},
    editor        = {Gr\'{a}cio, Maria Cl\'{a}udia Cabrini and {et al.}},
}

@article{corica_resistencia_2020,
    title         = {Resistencia docente al cambio: {Caracterizaci\'{o}n} y estrategias para un problema no resuelto},
    shorttitle    = {Resistencia docente al cambio},
    author        = {C\'{o}rica, Jos\'{e} Luis},
    year          = {2020},
    month         = jul,
    journal       = {RIED-Revista Iberoamericana de Educaci\'{o}n a Distancia},
    volume        = {23},
    number        = {2},
    pages         = {255--272},
    doi           = {10.5944/ried.23.2.26578},
    issn          = {1390-3306},
    url           = {https://revistas.uned.es/index.php/ried/article/view/26578},
    urldate       = {2023-11-05},
    copyright     = {Derechos de autor 2020 RIED. Revista Iberoamericana de Educaci\'{o}n a Distancia},
    keywords      = {planificaci\'{o}n educativa},
}

@article{hansen_exploring_2020,
    title         = {Exploring the {Potential} of {3D}-printing in {Biological} {Education}: {A} {Review} of the {Literature}},
    shorttitle    = {Exploring the {Potential} of {3D}-printing in {Biological} {Education}},
    author        = {Hansen, Alexandria K and Langdon, Taylor R and Mendrin, Lukyon W and Peters, Kaylin and Ramos, Jose and Lent, David D},
    year          = {2020},
    month         = oct,
    journal       = {Integrative and Comparative Biology},
    volume        = {60},
    number        = {4},
    pages         = {896--905},
    doi           = {10.1093/icb/icaa100},
    issn          = {1540-7063, 1557-7023},
    url           = {https://academic.oup.com/icb/article/60/4/896/5869801},
    urldate       = {2023-11-05},
}

@article{herrero_vazquez_revision_2020,
    title         = {Revisi\'{o}n de investigaciones sobre el uso de juegos digitales en la ense\~{n}anza de las ciencias de la vida en {Primaria} y {Secundaria}},
    author        = {Herrero V\'{a}zquez, M\'{o}nica and Torralba-Burrial, Antonio and Del Moral P\'{e}rez, Esther},
    year          = {2020},
    month         = mar,
    journal       = {Ense\~{n}anza de las Ciencias. Revista de investigaci\'{o}n y experiencias did\'{a}cticas},
    volume        = {38},
    number        = {2},
    pages         = {103--119},
    doi           = {10.5565/rev/ensciencias.2806},
    issn          = {2174-6486, 0212-4521},
    url           = {https://ensciencias.uab.cat/article/view/v38-n2-herrero-torralba-delmoral},
    urldate       = {2023-11-05},
}

@incollection{hilario_2020,
    title         = {Indicadores de colabora\c{c}\~{a}o cient\'{\i}fica: aspectos \'{e}ticos, pr\'{a}ticos e formas de mensura\c{c}\~{a}o},
    author        = {Hil\'{a}rio, Carla Mara and Freitas, Juliana Lazzarotto},
    year          = {2020},
    month         = dec,
    booktitle     = {T\'{o}picos da bibliometria para bibliotecas universit\'{a}rias},
    publisher     = {Oficina Universit\'{a}ria; Cultura Acad\^{e}mica},
    address       = {Mar\'{\i}lia; S\~{a}o Paulo},
    pages         = {71--93},
    isbn          = {9786586546910},
    editor        = {Gr\'{a}cio, Maria Cl\'{a}udia Cabrini and Mart\'{\i}nez-\'{A}vila, Daniel and Oliveira, Ely Francina Tannuri de and Rosas, F\'{a}bio Sampaio},
    keywords      = {Language Arts \& Disciplines / Library \& Information Science / General},
}

@article{holme_introduction_2020,
    title         = {Introduction to the {Journal} of {Chemical} {Education} {Special} {Issue} on {Insights} {Gained} {While} {Teaching} {Chemistry} in the {Time} of {COVID}-19},
    author        = {Holme, Thomas A.},
    year          = {2020},
    month         = sep,
    journal       = {Journal of Chemical Education},
    volume        = {97},
    number        = {9},
    pages         = {2375--2377},
    doi           = {10.1021/acs.jchemed.0c01087},
    issn          = {0021-9584, 1938-1328},
    url           = {https://pubs.acs.org/doi/10.1021/acs.jchemed.0c01087},
    urldate       = {2023-11-05},
}

@article{ibanez_educacion_2020,
    title         = {Educaci\'{o}n en tiempos de pandemia: tecnolog\'{\i}as digitales en la mejora de los procesos educativos},
    shorttitle    = {Educaci\'{o}n en tiempos de pandemia},
    author        = {Ib\'{a}\~{n}ez, Jes\'{u}s Salinas},
    year          = {2020},
    month         = oct,
    journal       = {Innovaciones Educativas},
    volume        = {22},
    number        = {Especial},
    pages         = {17--21},
    doi           = {10.22458/ie.v22iEspecial.3173},
    issn          = {2215-4132},
    url           = {https://revistas.uned.ac.cr/index.php/innovaciones/article/view/3173},
    urldate       = {2023-11-05},
    copyright     = {Derechos de autor},
    keywords      = {competencia digital, sistema educativo, entorno digital, carrera docente, COVID-19},
}

@article{jimenez-becerra_models_2020,
    title         = {Models of didactic integration with {ICT} mediation: some innovation challenges in teaching practices ( \textit{{Modelos} de integraci\'{o}n did\'{a}ctica con mediaci\'{o}n {TIC}: algunos retos de innovaci\'{o}n en las pr\'{a}cticas de ense\~{n}anza} )},
    shorttitle    = {Models of didactic integration with {ICT} mediation},
    author        = {Jim\'{e}nez-Becerra, Isabel and Segovia-Cifuentes, Yasbley-de-Mar\'{\i}a},
    year          = {2020},
    month         = jul,
    journal       = {Culture and Education},
    volume        = {32},
    number        = {3},
    pages         = {399--440},
    doi           = {10.1080/11356405.2020.1785140},
    issn          = {1135-6405, 1578-4118},
    url           = {https://www.tandfonline.com/doi/full/10.1080/11356405.2020.1785140},
    urldate       = {2023-11-05},
}

@article{pereira_ensino_2020,
    title         = {Ensino e {Educa\c{c}\~{a}o} {Especial}: an\'{a}lise bibliom\'{e}trica e metass\'{\i}ntese qualitativa da produ\c{c}\~{a}o cient\'{\i}fica indexada na base {Web} of {Science}},
    shorttitle    = {Ensino e {Educa\c{c}\~{a}o} {Especial}},
    author        = {Pereira, M\^{o}nica Luciana da Silva and Barbosa, Mayara Lustosa de Oliveira},
    year          = {2020},
    month         = oct,
    journal       = {Revista Educa\c{c}\~{a}o Especial},
    pages         = {e51/ 1--32},
    doi           = {10.5902/1984686X44283},
    issn          = {1984-686X},
    url           = {https://periodicos.ufsm.br/educacaoespecial/article/view/44283},
    urldate       = {2023-11-05},
    keywords      = {Educa\c{c}\~{a}o Especial, pr\'{a}ticas de ensino, bibliometria.},
}

@article{pereira_estrategias_2020,
    title         = {Estrat\'{e}gias did\'{a}tico-pedag\'{o}gicas para o ensino-aprendizagem de gen\'{e}tica},
    author        = {Pereira, Sara De Souza and Cunha, Joyciane Santiago Da and Lima, Eldianne Moreira},
    year          = {2020},
    month         = may,
    journal       = {Investiga\c{c}\~{o}es em Ensino de Ci\^{e}ncias},
    volume        = {25},
    number        = {1},
    pages         = {41},
    doi           = {10.22600/1518-8795.ienci2020v25n1p41},
    issn          = {1518-8795},
    url           = {https://www.if.ufrgs.br/cref/ojs/index.php/ienci/article/view/1462},
    urldate       = {2023-11-05},
}

@article{pernaa_systematic_2020,
    title         = {A systematic review of {3D} printing in chemistry education – analysis of earlier research and educational use through technological pedagogical content knowledge framework},
    author        = {Pernaa, Johannes and Wiedmer, Susanne},
    year          = {2020},
    month         = dec,
    journal       = {Chemistry Teacher International},
    volume        = {2},
    number        = {2},
    doi           = {10.1515/cti-2019-0005},
    issn          = {2569-3263},
    url           = {https://www.degruyter.com/document/doi/10.1515/cti-2019-0005/html},
    urldate       = {2023-11-05},
    copyright     = {De Gruyter expressly reserves the right to use all content for commercial text and data mining within the meaning of Section 44b of the German Copyright Act.},
    keywords      = {3D printing, laboratory, safety, technology, TPACK},
}

@article{rodriguez_materiales_2020,
    title         = {Materiales did\'{a}cticos digitales y coronavirus en tiempos de confinamiento en el contexto espa\~{n}ol},
    author        = {Rodr\'{\i}guez, Jes\'{u}s Rodr\'{\i}guez and G\'{o}mez, Silvia L\'{o}pez and Suelves, Diana Mar\'{\i}n and Rodr\'{\i}guez, Mar\'{\i}a Montserrat Castro},
    year          = {2020},
    month         = jun,
    journal       = {Pr\'{a}xis Educativa},
    volume        = {15},
    pages         = {1--20},
    doi           = {10.5212/PraxEduc.v.15.15776.056},
    issn          = {1809-4309},
    url           = {https://revistas.uepg.br/index.php/praxiseducativa/article/view/15776},
    urldate       = {2023-11-05},
    copyright     = {Copyright (c)},
}

@article{sahu_closure_2020,
    title         = {Closure of {Universities} {Due} to {Coronavirus} {Disease} 2019 ({COVID}-19): {Impact} on {Education} and {Mental} {Health} of {Students} and {Academic} {Staff}},
    shorttitle    = {Closure of {Universities} {Due} to {Coronavirus} {Disease} 2019 ({COVID}-19)},
    author        = {Sahu, Pradeep},
    year          = {2020},
    month         = apr,
    journal       = {Cureus},
    volume        = {12},
    number        = {4},
    doi           = {10.7759/cureus.7541},
    issn          = {2168-8184},
    url           = {https://www.cureus.com/articles/30110-closure-of-universities-due-to-coronavirus-disease-2019-covid-19-impact-on-education-and-mental-health-of-students-and-academic-staff},
    urldate       = {2023-11-05},
}

@incollection{santos_aplicacao_2020,
    title         = {Aplica\c{c}\~{a}o e avalia\c{c}\~{a}o de um site com proposta adaptativa para o ensino de ci\^{e}ncias},
    author        = {Santos, Fabiana Fideles dos and Nascimento-J\'{u}nior, Agrinaldo Jacinto and Barbosa, Mayara Lustosa de Oliveira},
    year          = {2020},
    booktitle     = {Processos educativos em ci\^{e}ncias da natureza na educa\c{c}\~{a}o b\'{a}sica},
    publisher     = {Editora Kelps},
    address       = {Goi\^{a}nia/GO},
    pages         = {1--295},
    editor        = {Faleiro, Wender and Gon\c{c}alves, Vanessa Fonseca and Vig\'{a}rio, Ana Fl\'{a}via},
}

@article{area-moreira_tecnologias_2021,
    title         = {Tecnolog\'{\i}as {Digitales} y {Cambio} {Educativo}. {Una} {Aproximaci\'{o}n} {Cr\'{\i}tica}},
    author        = {Area-Moreira, Manuel and Adell, Jordi},
    year          = {2021},
    month         = sep,
    journal       = {REICE. Revista Iberoamericana sobre Calidad, Eficacia y Cambio en Educaci\'{o}n},
    volume        = {19},
    number        = {4},
    doi           = {10.15366/reice2021.19.4.005},
    issn          = {1696-4713},
    url           = {https://revistas.uam.es/reice/article/view/reice2021\_19\_4\_005},
    urldate       = {2023-11-05},
    copyright     = {Derechos de autor 2021},
    keywords      = {Escuela digital},
}

@article{murillo-zamorano_gamification_2021,
    title         = {Gamification and active learning in higher education: is it possible to match digital society, academia and students' interests?},
    shorttitle    = {Gamification and active learning in higher education},
    author        = {Murillo-Zamorano, Luis R. and L\'{o}pez S\'{a}nchez, Jos\'{e} \'{A}ngel and Godoy-Caballero, Ana Luisa and Bueno Mu\~{n}oz, Carmen},
    year          = {2021},
    month         = mar,
    journal       = {International Journal of Educational Technology in Higher Education},
    volume        = {18},
    number        = {1},
    pages         = {15},
    doi           = {10.1186/s41239-021-00249-y},
    issn          = {2365-9440},
    url           = {https://doi.org/10.1186/s41239-021-00249-y},
    urldate       = {2023-11-05},
    keywords      = {Gamification, Active learning, Digital society, Skills, Academic achievement, Satisfaction},
}

@article{shi_mapping_2021,
    title         = {Mapping the {Research} {Trends} of {Household} {Waste} {Recycling}: {A} {Bibliometric} {Analysis}},
    shorttitle    = {Mapping the {Research} {Trends} of {Household} {Waste} {Recycling}},
    author        = {Shi, Kun and Zhou, Yi and Zhang, Zhen},
    year          = {2021},
    month         = may,
    journal       = {Sustainability},
    volume        = {13},
    number        = {11},
    pages         = {6029},
    doi           = {10.3390/su13116029},
    issn          = {2071-1050},
    url           = {https://www.mdpi.com/2071-1050/13/11/6029},
    urldate       = {2023-11-05},
}

@article{fernandez_rio_brecha_2022,
    title         = {La brecha digital destapada por la pandemia del coronavirus: una investigaci\'{o}n sobre profesorado y familias},
    shorttitle    = {La brecha digital destapada por la pandemia del coronavirus},
    author        = {Fern\'{a}ndez R\'{\i}o, Javier and Lopez-Aguado, Mercedes and P\'{e}rez-Pueyo, \'{A}ngel and Hortig\"{u}ela-Alcal\'{a}, David and Manso-Ayuso, Jes\'{u}s},
    year          = {2022},
    month         = mar,
    journal       = {Revista Complutense de Educaci\'{o}n},
    volume        = {33},
    number        = {2},
    pages         = {351--360},
    doi           = {10.5209/rced.74389},
    issn          = {1988-2793},
    url           = {https://revistas.ucm.es/index.php/RCED/article/view/74389},
    urldate       = {2023-11-05},
    copyright     = {Derechos de autor 2022 Revista Complutense de Educaci\'{o}n},
    keywords      = {brecha digital},
}

@article{garcia_percepcao_2022,
    title         = {Percep\c{c}\~{a}o de docentes de cursos da \'{a}rea da sa\'{u}de sobre adapta\c{c}\~{a}o ao ensino remoto},
    author        = {Garcia, Fabiane Weber and Kantoviscki, Andr\'{e}ia Lara Lopatko and Vettorazzi, Maria L\'{u}cia Tozetto and Ogradowski, Karin Rosa Persegona and Kantoviscki, Adriano Rog\'{e}rio},
    year          = {2022},
    month         = apr,
    journal       = {Espa\c{c}o para a Sa\'{u}de},
    volume        = {23},
    doi           = {10.22421/1517-7130/es.2022v23.e851},
    issn          = {1517-7130},
    url           = {https://espacoparasaude.fpp.edu.br/index.php/espacosaude/article/view/851},
    urldate       = {2023-11-05},
    copyright     = {Copyright (c) 2022 Fabiane Weber Garcia , Andr\'{e}ia Lara Lopatko  Kantoviscki, Maria L\'{u}cia Tozetto  Vettorazzi , Karin Rosa Persegona  Ogradowski , Adriano  Rog\'{e}rio Kantoviscki},
    keywords      = {Pandemia COVID-19, M\'{e}todo de Ensino, Capacita\c{c}\~{a}o de Recursos Humanos  em Sa\'{u}de.},
}

@article{nurhayati_application_2022,
    title         = {The {Application} of {Mobile} {Augmented} {Reality} to {Improve} {Learning} {Outcomes} in {Senior} {High} {Schools}},
    author        = {Nurhayati, Rusdi and Isfaeni, Hanum},
    year          = {2022},
    journal       = {International Journal of Information and Education Technology},
    volume        = {12},
    number        = {7},
    pages         = {691--695},
    doi           = {10.18178/ijiet.2022.12.7.1672},
    issn          = {20103689},
    url           = {http://www.ijiet.org/show-171-2146-1.html},
    urldate       = {2023-11-05},
}

@article{page_introduction_2022,
    title         = {Introduction to {PRISMA} 2020 and implications for research synthesis methodologists},
    author        = {Page, Matthew J. and Moher, David and McKenzie, Joanne E.},
    year          = {2022},
    month         = mar,
    journal       = {Research Synthesis Methods},
    volume        = {13},
    number        = {2},
    pages         = {156--163},
    doi           = {10.1002/jrsm.1535},
    issn          = {1759-2879, 1759-2887},
    url           = {https://onlinelibrary.wiley.com/doi/10.1002/jrsm.1535},
    urldate       = {2023-11-05},
}

@article{chuang_using_2023,
    title         = {Using {Virtual} {Reality} {Technology} in {Biology} {EducationSatisfaction} \& {Learning} {Outcomes} of {High} {School} {Students}},
    author        = {Chuang, Tzung-Fang and Chou, Ying-Hsiang and Pai, Jar-Yuan and Huang, Chien-Ning and Bair, Henry and Pai, Allen and Yu, Nai-Chi},
    year          = {2023},
    month         = jan,
    journal       = {The American Biology Teacher},
    volume        = {85},
    number        = {1},
    pages         = {23--32},
    doi           = {10.1525/abt.2023.85.1.23},
    issn          = {0002-7685},
    url           = {https://online.ucpress.edu/abt/article/85/1/23/195088/Using-Virtual-Reality-Technology-in-Biology},
    urldate       = {2023-11-05},
}

@article{ellis_connected_2023,
    title         = {Connected {Biology}},
    author        = {Ellis, Rebecca and Mead, Louise and Reichsman, Frieda and McElroy-Brown, Kiley and Smith, James and White, Peter},
    year          = {2023},
    month         = feb,
    journal       = {The American Biology Teacher},
    volume        = {85},
    number        = {2},
    pages         = {97--103},
    doi           = {10.1525/abt.2023.85.2.97},
    issn          = {0002-7685, 1938-4211},
    url           = {https://online.ucpress.edu/abt/article/85/2/97/195246/Connected-BiologyApplying-an-Integrative-and},
    urldate       = {2023-11-05},
}

@article{manzanilla-granados_politicas_2023,
    title         = {Pol\'{\i}ticas educativas para la innovaci\'{o}n, inclusi\'{o}n y {TIC} en {Bolivia}, {Paraguay} y {Uruguay}},
    author        = {Manzanilla-Granados, H\'{e}ctor Manuel and Navarrete-Cazales, Zaira and L\'{o}pez-Hern\'{a}ndez, Paola Andrea},
    year          = {2023},
    month         = feb,
    journal       = {Educa\c{c}\~{a}o \& Sociedade},
    volume        = {44},
    pages         = {e261474},
    doi           = {10.1590/ES.261474},
    issn          = {1678-4626},
    url           = {https://www.scielo.br/j/es/a/PkmTG866cLGYk8drxyg9TnQ/?lang=es},
    urldate       = {2023-11-05},
    keywords      = {Pol\'{\i}tica educativa, Innovaci\'{o}n, Inclusi\'{o}n, TIC, Educaci\'{o}n comparada},
}

@article{ortiz-rojo_empreendedorismo_2023,
    title         = {Empreendedorismo {Internacional}: {Mapeamento} {Tem\'{a}tico} e {Proposta} de {Agenda} de {Pesquisa}},
    shorttitle    = {Empreendedorismo {Internacional}},
    author        = {Ortiz-Rojo, Ram\'{o}n Andr\'{e}s and Lacruz, Adonai Jos\'{e}},
    year          = {2023},
    month         = apr,
    journal       = {Organiza\c{c}\~{o}es \& Sociedade},
    volume        = {30},
    number        = {105},
    pages         = {301--328},
    doi           = {10.1590/1984-92302023v30n0010pt},
    issn          = {1984-9230, 1413-585X},
    url           = {http://www.scielo.br/scielo.php?script=sci\_arttext\&pid=S1984-92302023000200301\&tlng=pt},
    urldate       = {2023-11-05},
}
