@article{alcivar2017,
  author = {Cedeño Alcívar and Soraya Feliz and Hernández Freya and Morales Intriago and Juan Carlos},
  title = {Brecha digital entre estudiantes del área urbana y rural, a partir del estándar de saberes digitales mínimos propuestos por la Unesco},
  journal = {ReHuSo: Revista de Ciencias Humanísticas y Sociales},
  address = {Manabí, Ecuador},
  url = {ttps://dialnet.unirioja.es/servlet/articulo?codigo=7047202},
  volume = {2},
  number = {2},
  month = {May--ago},
  year = {2017},
  pages = {1-17}
}

@article{almerich2011,
  author = {Gonzalo Almerich Cerveró and Natividad Orellana Alonso and Jesús Miguel Jornet Meliá and Jesús M. Suárez Rodríguez},
  title = {Las competencias y el uso de las Tecnologías de Información y Comunicación (TIC) por el profesorado: Estructura dimensional},
  journal = {REDIE: Revista Electrónica de Investigación Educativa},
  address = {Baja California, México},
  url = {https://dialnet.unirioja.es/servlet/articulo?codigo=3677640},
  volume = {13},
  number = {1},
  year = {2011},
  pages = {28--42}
}

@article{area2016,
  author = {Manuel {Area Moreira} and Víctor M. {Hernández Rivero} and Juan José {Sosa Alonso}},
  title = {Modelos de integración didáctica de las TIC en el aula},
  journal = {Comunicar: Revista científica iberoamericana de comunicación y educación},
  address = {Huelva, España},
  url = {https://dialnet.unirioja.es/servlet/articulo?codigo=5400275},
  volume = {47},
  year = {2016},
  pages = {79--87},
  doi = {10.3916/C47-2016-08}
}

@article{beemt2020,
  author = {Antoine Van Den Beemt and Marieke Thurlings and Myrthe Willems},
  title = {Towards an understanding of social media use in the classroom: a literature review},
  journal = {Technology, Pedagogy and Education},
  url = {https://doi.org/10.1080/1475939X.2019.1695657},
  volume = {29},
  number = {1},
  year = {2020},
  pages = {35--55},
  doi = {10.1080/1475939X.2019.1695657}
}

@book{casteneda2010,
  author = {Linda Castañeda Quintero},
  title = {Aprendizaje Con Redes Sociales.Tejidos Educativos Para Los Nuevos Entornos},
  publisher = {Editorial MAD},
  address = {Sevilla},
  edition = {1},
  year = {2010}
}

@book{casteneda2013,
  author = {Linda Castañeda Quintero and Jordi Adell},
  title = {Entornos Personales de Aprendizaje: claves para el ecosistema educativo en red},
  publisher = {Marfil},
  address = {Alcoy},
  edition = {1},
  year = {2013}
}

@article{coll2013,
  author = {César Coll},
  title = {El currículo escolar en el marco de la nueva ecología del aprendizaje},
  journal = {Aula de Innovación Educativa},
  url = {http://diposit.ub.edu/dspace/handle/2445/53975},
  volume = {Aula 219},
  number = {219},
  month = {feb},
  year = {2013},
  pages = {31-36}
}

@article{correa2015,
  author = {Teresa Correa},
  title = {Digital skills and social media use: how Internet skills are related to different types of Facebook use among ‘digital natives’},
  journal = {Information, Communication \& Society},
  url = {https://doi.org/10.1080/1369118X.2015.1084023},
  volume = {19},
  number = {8},
  year = {2015},
  pages = {1095--1107},
  doi = {10.1080/1369118X.2015.1084023},
  publisher = {Routledge}
}

@article{cortina2019,
  author = {Ada Freitas Cortina and Moussa Boumadan and Joaquín Paredes-Labra},
  title = {La organización de las escuelas que acogen programas de un ordenador por niño y el papel de los estudiantes excluidos. Análisis de 5 casos en España},
  journal = {Revista Iberoamericana de Educación},
  url = {https://rieoei.org/RIE/article/view/3332},
  volume = {79},
  number = {1},
  year = {2019},
  pages = {175--193},
  doi = {10.35362/rie7913332}
}

@article{cruz2016,
  author = {Ivanovnna Milqueya {Cruz Pichardo}},
  title = {Percepciones en el uso de las redes sociales y su aplicación en la enseñanza de las matemáticas},
  journal = {Pixel-Bit: Revista de Medios y Educación},
  url = {https://doi.org/10.12795/pixelbit.2016.i48.11},
  number = {48},
  year = {2016},
  pages = {165--186},
  doi = {10.12795/pixelbit.2016.i48.11}
}

@article{duart2009,
  author = {Josep M. Duart},
  title = {Internet, redes sociales y educación},
  journal = {RUSC Revista de Universidad y Sociedad del Conocimiento},
  volume = {6},
  number = {1},
  address = {Barcelona},
  year = {2009},
  pages = {1--2},
  doi = {10.7238/rusc.v6i1.30}
}

@article{engen2015,
  author = {Bård Ketil Engen and Tonje Hilde Giæver and Louise Mifsud},
  title = {Guidelines and Regulations for Teaching Digital Competence in Schools and Teacher Education: A Weak Link?},
  journal = {Nordic Journal of Digital Literacy},
  url = {https://www.idunn.no/dk/2015/02/guidelines_and_regulations_for_teaching_digital_competence_},
  volume = {10},
  number = {2},
  year = {2015},
  pages = {69--83}
}

@article{garcia2012,
  author = {José Luis {García González} and Rosa {García Ruíz}},
  title = {Aprender entre iguales con herramientas web 2.0 y twitter en la universidad. Análisis de un caso},
  journal = {Edutec Revista Electrónica De Tecnología Educativa},
  address = {España},
  url = {https://doi.org/10.21556/edutec.2012.40.367},
  number = {40},
  month = {Junio},
  year = {2012},
  pages = {a204},
  doi = {10.21556/edutec.2012.40.367}
}

@article{gomezgarcia2020,
  author = {Melchor Gómez-García and Moussa {Boumadan Hamed} and César {Poyatos Dorado} and Roberto {Soto Varela}},
  title = {Formación docente en línea a distancia. Un análisis de los perfiles y la opinión de los profesores},
  journal = {Revista Electrónica Interuniversitaria De Formación Del Profesorado},
  url = {https://doi.org/10.6018/reifop.423001},
  volume = {23},
  number = {2},
  year = {2020},
  pages = {95--111},
  month = {abr},
  doi = {10.6018/reifop.423001}
}

@article{gomez2012,
  author = {Marisol Gómez and Sergio Roses and Pedro Farias},
  title = {El uso académico de las redes sociales en universitarios},
  journal = {Comunicar},
  address = {Málaga, España},
  url = {http://dx.doi.org/10.3916/C38-2012-03-04},
  volume = {XIX},
  number = {38},
  year = {2012},
  pages = {131--138},
  doi = {10.3916/C38-2012-03-04}
}

@article{gusman2017,
  author = {Fernando Guzmán-Simóna and Eduardo García-Jiméneza and Isabel López-Cobo},
  title = {Undergraduate students’ perspectives on digital competence and academic literacy in a Spanish University},
  journal = {Computers in Human Behavior},
  url = {https://doi.org/10.1016/j.chb.2017.04.040},
  volume = {74},
  month = {set},
  year = {2017},
  pages = {196--204},
  doi = {10.1016/j.chb.2017.04.040}
}

@article{hughes2015,
  author = {Joan E. Hughes and Yujung Ko and Mihyun Lim and Sa Liu},
  title = {Preservice Teachers’ Social Networking Use, Concerns, and Educational Possibilities: Trends from 2008-2012},
  journal = {Journal of Technology and Teacher Education},
  address = {Waynesville, NC USA},
  url = {https://www.learntechlib.org/p/130448},
  volume = {23},
  number = {2},
  month = {April},
  year = {2015},
  pages = {185--212},
  publisher = {Society for Information Technology \& Teacher Education}
}

@article{instefjord2017,
  title = {Educating digitally competent teachers: A study of integration of professional digital competence in teacher education},
  journal = {Teaching and Teacher Education},
  volume = {67},
  pages = {37--45},
  year = {2017},
  issn = {0742-051X},
  doi = {https://doi.org/10.1016/j.tate.2017.05.016},
  url = {https://www.sciencedirect.com/science/article/pii/S0742051X16302888},
  author = {Elen J. Instefjord and Elaine Munthe}
}

@online{instituto2018,
  title = {Demografía y población},
  author = {Instituto Nacional de Estadística},
  year = {2018},
  url = {https://www.ine.es/dyngs/INEbase/es/operacion.htm?c=Estadistica_C&cid=1254736176951&menu=ultiDatos&idp=1254735572981},
  urldate = {2020-06-15}
}

@incollection{law2008,
  author = {Nancy Law and Angela Chow},
  title = {Teacher Characteristics, Contextual Factors, and How These Affect the Pedagogical Use of ICT},
  booktitle = {Pedagogy and ICT Use. CERC Studies in Comparative Education},
  editor = {Nancy Law and  Willem J. Pelgrum and  Tjeerd Plomp},
  editortype = {edition},
  address = {Dordrecht},
  url = {https://doi.org/10.1007/978-1-4020-8928-2_6},
  volume = {23},
  year = {2008},
  publisher = {Springer},
  doi = {10.1007/978-1-4020-8928-2_6}
}

@article{lopez2020,
  title = {Hábitos y actitudes de los jóvenes ante las redes sociales: influencia del sexo, edad y clase social}, 
  volume = {29}, 
  url = {https://revista.profesionaldelainformacion.com/index.php/EPI/article/view/86034}, 
  DOI = {10.3145/epi.2020.nov.04}, 
  number = {6}, 
  journal = {Profesional de la Información}, 
  author = {María-Cruz López-de-Ayala and Ricardo Vizcaíno-Laorga and Manuel Montes-Vozmediano}, 
  year = {2020}, 
  month = {nov.} 
}

@article{mayor2019, 
  title = {Explorando factores predictores de la competencia digital en las redes sociales virtuales},
  url = {https://recyt.fecyt.es/index.php/pixel/article/view/67393}, DOI = {10.12795/pixelbit.2019.i56.03}, 
  number = {56}, 
  journal = {Píxel-Bit. Revista de Medios y Educación}, 
  author = {Virginia {Mayor Buzón} and Rafael {García Pérez} and Ángeles {Rebollo Catalán}}, 
  year = {2019}, 
  month = {feb.}, 
  pages = {51-69} 
}

@online{oreilly2005,
  title = {What Is Web 2.0},
  author = {Tim O'Reilly},
  year = {2005},
  url = {https://www.oreilly.com/pub/a/web2/archive/what-is-web-20.html},
  urldate = {2020-06-25}
}

@article{peral2015,
  author = {Begoña Peral Peral and Jorge Arenas Gaitán and Ángel Francisco Villarejo Ramos},
  title = {De la brecha digital a la brecha psico-digital: Mayores y redes sociales},
  journal = {Comunicar: Revista científica iberoamericana de comunicación y educación},
  url = {https://recyt.fecyt.es/index.php/comunicar/article/view/36817},
  number = {45},
  year = {2015},
  pages = {57--64},
  doi = {10.3916/C45-2015-06}
}

@article{perez2016, 
  title = {Relación entre las preferencias de formación del profesorado y su competencia digital en las redes sociales}, 
  volume = {68}, 
  url = {https://recyt.fecyt.es/index.php/BORDON/article/view/38809}, 
  DOI = {10.13042/Bordon.2016.68209}, 
  number = {2}, 
  journal = {Bordón. Revista de Pedagogía}, 
  author = {Rafael {García Pérez} and Ángeles {Rebollo Catalán} and Curro {García Pérez}}, 
  year = {2016}, 
  month = {mar.}, 
  pages = {137--153}
}

@article{sanchez2010,
  title = {Usos de internet y factores asociados en adolescentes de la Comunidad de Madrid},
  journal = {Atención Primaria},
  volume = {42},
  number = {2},
  pages = {79--85},
  year = {2010},
  issn = {0212-6567},
  doi = {https://doi.org/10.1016/j.aprim.2009.05.004},
  url = {https://www.sciencedirect.com/science/article/pii/S021265670900314X},
  author = {Mercedes Sánchez-Martínez and Ángel {Otero Puime}}
}

@article{selwyn2010,
  author = {Neil Selwyn},
  title = {Looking beyond learning: notes towards the critical study of educational technology},
  journal = {Journal of Computer Assisted Learning},
  volume = {26},
  number = {1},
  pages = {65--73},
  doi = {10.1111/j.1365-2729.2009.00338.x},
  url = {https://onlinelibrary.wiley.com/doi/abs/10.1111/j.1365-2729.2009.00338.x},
  year = {2010}
}

@article{siemens2005,
  author = {George Siemens},
  title = {Connectivism: A learning theory for the digital age},
  journal = {International Journal of Instructional Technology and Distance Learning},
  url = {https://jotamac.typepad.com/jotamacs_weblog/files/Connectivism.pdf},
  volume = {2},
  number = {1},
  year = {2005},
  pages = {3--10}
}

@online{spain2019,
  title = { Estudio anual de Redes Sociales 2019},
  author = {IAB Spain},
  year = {2019},
  url = {https://iabspain.es/estudio/estudio-anual-de-redes-sociales-2019/},
  urldate = {2020-06-20}
}

@article{suarez2013,
	author = {Jesús M. Suárez Rodríguez and Gonzalo Almerich and Bernardo Gargallo López and Francisco M. Aliaga},
	title = {Las competencias del profesorado en tic: estructura básica},
	journal = {Educación XX1},
	volume = {16},
	number = {1},
	year = {2013},
	issn = {2174--5374},	
	doi = {10.5944/educxx1.16.1.716},
	url = {http://revistas.uned.es/index.php/educacionXX1/article/view/716}
}

@article{tejedor2012,
  author = {Francisco Javier Tejedor Tejedor and Ana García-Valcárcel Muñoz-Repiso},
  title = {Sociedad tecnológica e investigación educativa},
  journal = {Revista española de pedagogía},
  url = {https://revistadepedagogia.org/lxx/no-251/sociedad-tecnologica-e-investigacion-educativa/101400010222/},
  volume = {70},
  number = {251},
  month = {},
  year = {2012},
  pages = {5--26}
}

@article{timothy2016,
  author = {Teo Timothy},
  title = {Modelling Facebook usage among university students in Thailand: the role of emotional attachment in an extended technology acceptance model},
  journal = {Interactive Learning Environments},
  volume = {24},
  number = {4},
  pages = {745--757},
  year  = {2016},
  publisher = {Routledge},
  doi = {10.1080/10494820.2014.917110},
  URL = {https://doi.org/10.1080/10494820.2014.917110}
}

@article{williams2011, 
  title = {Emergent learning and learning ecologies in Web 2.0}, 
  volume = {12}, 
  url = {http://www.irrodl.org/index.php/irrodl/article/view/883}, 
  DOI = {10.19173/irrodl.v12i3.883},
  number = {3}, 
  journal = {The International Review of Research in Open and Distributed Learning}, 
  author = {Roy Williams and Regina Karousou and Jenny Mackness}, 
  year = {2011}, 
  month = {Mar.}, 
  pages = {39-59}
}