@book{papert,
    title         = {Logo: Computadores e Educação},
    author        = {Papert, Seymour},
    year          = {1985},
    publisher     = {Brasiliense},
    address       = {São Paulo},
    translation   = {Papert, Seymour. (1985). LOGO: Computers and Education. São Paulo: Brasiliense. (Tradução e prefácio de José A.)},
    keywords      = {LOGO, computadores, educação, construcionismo},
}

@article{stallings2004ieee,
    title         = {IEEE 802.11: Wireless LANs from a to n},
    author        = {Stallings, William},
    year          = {2004},
    journal       = {IT professional},
    publisher     = {Ieee},
    number        = {5},
    pages         = {32--37},
}

@book{kenski,
    title         = {Educa{\c{c}}{\~a}o e tecnologias: o novo ritmo da informa{\c{c}}{\~a}o},
    author        = {Kenski, Vani Moreira},
    year          = {2008},
    publisher     = {Papirus editora},
}

@book{moran,
    title         = {Novas tecnologias e media{\c{c}}{\~a}o pedag{\'o}gica},
    author        = {Moran, Jos{\'e} Manuel},
    year          = {2010},
    publisher     = {Papirus Editora},
}

@article{ashton,
    title         = {In the real world, things matter more than ideas},
    author        = {Ashton, Kevin},
    year          = {2011},
    journal       = {Rfid J},
    volume        = {22},
    number        = {7},
    pages         = {97--114},
}

@article{Want2011,
    title         = {Near field communication},
    author        = {R. Want},
    year          = {2011},
    journal       = {{IEEE} Pervasive Computing},
    publisher     = {Institute of Electrical and Electronics Engineers ({IEEE})},
    volume        = {10},
    number        = {3},
    pages         = {4--7},
}

@article{lemos,
    title         = {A comunica{\c{c}}{\~a}o das coisas. internet das coisas e teoria ator-rede},
    author        = {Lemos, Andr{\'e}},
    year          = {2012},
    journal       = {Simsocial – Simpósio em Tecnologias Digitais e Sociabilidade},
}

@article{Gubbi2013,
    title         = {Internet of Things ({IoT}): A vision,  architectural elements,  and future directions},
    author        = {Jayavardhana Gubbi and Rajkumar Buyya and Slaven Marusic and Marimuthu Palaniswami},
    year          = {2013},
    month         = {9},
    journal       = {Future Generation Computer Systems},
    publisher     = {Elsevier {BV}},
    volume        = {29},
    number        = {7},
    pages         = {1645--1660},
}

@inproceedings{fiorio,
    title         = {Uma experi{\^e}ncia pr{\'a}tica da inser{\c{c}}{\~a}o da rob{\'o}tica e seus benef{\'\i}cios como ferramenta educativa em escolas p{\'u}blicas},
    author        = {Fiorio, Rosaine and Esperandim, Rauany J and Silva, Fl{\'a}vio A and Varela, Paulo J and Leite, Maici Duarte and Reinaldo, Francisco Antonio Fernandes},
    year          = {2014},
    booktitle     = {Brazilian Symposium on Computers in Education (Simp{\'o}sio Brasileiro de Inform{\'a}tica na Educa{\c{c}}{\~a}o-SBIE)},
    volume        = {25},
    number        = {1},
    pages         = {1223},
}

@article{LIU201475,
    title         = {Hardware Design of Smart Home System based on zigBee Wireless Sensor Network},
    author        = {Zhen-ya Liu},
    year          = {2014},
    journal       = {AASRI Procedia},
    volume        = {8},
    pages         = {75--81},
    issn          = {2212-6716},
    note          = {2014 AASRI Conference on Sports Engineering and Computer Science (SECS 2014)},
    keywords      = {ZigBee, smart home, wireless sensor;},
}

@article{Hughes2015,
    title         = {{Development} {of} {wireless} {sensor} {network} {using} {bluetooth} {low} {energy} ({ble}) {for} {construction} {noise} {monitoring}},
    author        = {Josie Hughes and Jize Yan and Kenichi Soga},
    year          = {2015},
    journal       = {International Journal on Smart Sensing and Intelligent Systems},
    publisher     = {Exeley,  Inc.},
    volume        = {8},
    number        = {2},
    pages         = {1379--1405},
}

@article{santos,
    title         = {Internet das coisas: da teoria {\`a} pr{\'a}tica},
    author        = {Santos, Bruno P and Silva, Lucas A and Celes, CSFS and Borges, Jo{\~a}o B and Neto, Bruna S Peres and Vieira, Marcos Augusto M and Vieira, Luiz Filipe M and Goussevskaia, Olga N and Loureiro, Antonio},
    year          = {2016},
    journal       = {Minicursos SBRC-Simp{\'o}sio Brasileiro de Redes de Computadores e Sistemas Distribu{\i}dos},
    volume        = {31},
    pages         = {16},
}

@article{valente,
    title         = {Integra{\c{c}}{\~a}o do pensamento computacional no curr{\'\i}culo da educa{\c{c}}{\~a}o b{\'a}sica: diferentes estrat{\'e}gias usadas e quest{\~o}es de forma{\c{c}}{\~a}o de professores e avalia{\c{c}}{\~a}o do aluno},
    author        = {Valente, Jos{\'e} Armando},
    year          = {2016},
    journal       = {Revista E-curriculum},
    volume        = {14},
    number        = {3},
    pages         = {864--897},
}

@phdthesis{brackmann,
    title         = {Desenvolvimento do pensamento computacional através de atividades desplugadas na educação básica},
    author        = {Brackmann, Christian},
    year          = {2017},
    month         = {08},
    doi           = {10.13140/rg.2.2.32976.61444},
    school        = {Universidade Federal do Rio Grande do Sul (UFRGS)},
}

@article{MEKKI2018,
    title         = {A comparative study of LPWAN technologies for large-scale IoT deployment},
    author        = {Kais Mekki and Eddy Bajic and Frederic Chaxel and Fernand Meyer},
    year          = {2018},
    journal       = {ICT Express},
    issn          = {2405-9595},
    keywords      = {Internet of Things, LPWAN, LoRa, Sigfox, NB-IoT},
}

@article{FEHRI20181096,
    title         = {LoRa technology MAC layer operations and Research issues},
    author        = {Chékra El Fehri and Mohamed Kassab and Slim Abdellatif and Pascal Berthou and Abdelfettah Belghith},
    year          = {2018},
    journal       = {Procedia Computer Science},
    volume        = {130},
    pages         = {1096--1101},
    keywords      = {IoT, LPWAN, LoRaWAN, MAC layer, channel access},
}

@book{resnick,
    title         = {Jardim de inf{\^a}ncia para a vida toda: por uma aprendizagem criativa, m{\~a}o na massa e relevante para todos},
    author        = {Resnick, Mitchel},
    year          = {2020},
    publisher     = {Penso Editora},
}

@incollection{burd,
    title         = {Prefácio a Edição Brasileira},
    author        = {Burd, Leo},
    year          = {2020},
    booktitle     = {Jardim da Infância para a Vida Toda},
    publisher     = {Penso Editora},
    editor        = {Resnick, Mitchel},
}

@book{bncc2,
    title         = {Referencial Curricular: Inteligência Artificial no Ensino Médio},
    author        = {Vicari, Rosa and Brackmann, Christian and Mizusaki, Lucas and Lopes, Daniel and Barone, Dante and Castro, Henrique},
    year          = {2022},
    month         = {12},
    publisher     = {Mec},
    doi           = {10.13140/rg.2.2.23179.98089},
}

@book{bncc1,
    title         = {Base Nacional Comum Curricular: Complemento Computação},
    author        = {MEC Brasil},
    year          = {2022},
    publisher     = {Ministério da Educação},
    address       = {Brasília},
    keywords      = {BNCC, Computação, Educação Básica},
}

@inproceedings{osorio,
    title         = {The Impact of Computational Thinking Pillars on the   Development of BNCC Competencies through the Micro: bit},
    author        = {Osorio, Alma G Villamediana and Cabreira, Tau{\~a} Milech},
    year          = {2024},
    booktitle     = {Simp{\'o}sio Brasileiro de Inform{\'a}tica na Educa{\c{c}}{\~a}o (SBIE)},
    pages         = {2887--2895},
    adress        = {Sbc},
}

@inproceedings{teixeira,
    title         = {Ensinando Rob{\'o}tica com Gamifica{\c{c}}{\~a}o no Ensino Fundamental II},
    author        = {da Silva Teixeira, Deyvesson Carlos and dos Santos Alves, Erikles Jos{\'e} and de Lima Filho, Ezildo Barbosa and da Silva Junior, Moacir Gomes and Nipo, Daniel Teixeira and Rodrigues, Rodrigo Lins},
    year          = {2024},
    booktitle     = {Simp{\'o}sio Brasileiro de Inform{\'a}tica na Educa{\c{c}}{\~a}o (SBIE)},
    pages         = {1000--1011},
    organization  = {Sbc},
}

@article{cremonini,
    title         = {Internet of Things-IOT nas Escolas: Tecendo conex{\~o}es para a educa{\c{c}}{\~a}o do amanh{\~a}},
    author        = {Cremonini, Rosangela Miranda and Silva, Anne Karoline Cardoso and Nardi, Renata Zacch{\'e} and Le{\~a}o, M{\'a}rcio Leandro Gon{\c{c}}alves and da Silva, Talison Barreto},
    year          = {2025},
    journal       = {Arac{\^e}},
    volume        = {7},
    number        = {2},
    pages         = {7789--7804},
}

@misc{kittenbot,
    title         = {KittenBot Robotbit Robotics expansion board for micro:bit },
    author        = {{KittenBot}},
    year          = {2025},
    note          = {Accessed: 2025-12-07},
    howpublished  = {\url{https://www.kittenbot.cc/pages/about-us }},
}

@misc{IDCode,
    title         = {Programação em blocos: aprendendo de maneira divertida},
    author        = {Zambaldi, Leonardo},
    year          = {2025},
    url           = {https://idocode.com.br},
    urldate       = {2025-07-12},
}

@misc{microbitfoundation,
    title         = {The Micro:bit Educational Foundation},
    author        = {{The Micro:bit Educational Foundation}},
    year          = {n.d.},
    url           = {https://microbit.org/},
    urldate       = {2025-09-26},
}
