@article{alcantara_ciberativismo_2015,
	title = {Ciberativismo e movimentos sociais: mapeando discussões},
	volume = {8},
	issn = {1982-6672},
	shorttitle = {Ciberativismo e movimentos sociais},
	url = {https://revistas.pucsp.br/index.php/aurora/article/view/22474},
	number = {23},
	urldate = {2022-10-03},
	journal = {Aurora.},
	author = {Alcântara, L. M. de},
	year = {2015},
	pages = {73--97},
}

@inproceedings{araujo_ciberativismo:_2011,
	address = {Florianópolis},
	title = {Ciberativismo: levantamento do estado da arte na pesquisa no {Brasil}},
	booktitle = {Anais},
	author = {Araújo, W.},
	year = {2011},
	pages = {1--14},
}

@article{aillerie_teenagers_2019,
	title = {Teenagers’ information practices in academic settings: {What} relevance for a transliteracy-based approach?},
	volume = {51},
	issn = {0961-0006},
	url = {https://journals.scholarsportal.info/details/09610006/v51i0003/737_tipiaswrfata.xml},
	doi = {10.1177/0961000617742463},
	number = {3},
	urldate = {2022-10-03},
	journal = {Journal of Librarianship and Information Science},
	author = {Aillerie, K.},
	year = {2019},
	pages = {737--745},
}

@misc{brasil_ministerio_2018,
	type = {http://basenacionalcomum.mec.gov.br},
	title = {Ministério da {Educação}. {Base} {Nacional} {Comum} {Curricular}},
	author = {Brasil},
	year = {2018},
}

@book{chouliaraki_discourse_1999,
	address = {Place of publication not identified},
	title = {Discourse in {Late} {Modernity}: {Rethinking} {Critical} {Discourse} {Analysis}},
	isbn = {9780585441979},
	publisher = {Edinburgh University Press},
	author = {Chouliaraki, L. and Fairclough, N.},
	year = {1999},
}

@book{dudeney_letramentos_2016,
	address = {São Paulo},
	title = {Letramentos digitais},
	publisher = { Parábola},
	author = {Dudeney, G. and Hocly, N. and Pegrum, M.},
	translator = {Marcionilo, M.},
	year = {2016},
}

@book{glister_digital_1997,
	address = {New York},
	title = {Digital {Literacy}},
	publisher = { John Wiley \& Sons},
	author = {Glister, P.},
	year = {1997},
}

@article{gourlay_textual_2014,
	title = {Textual practices in the new media digital landscape: messing with digital literacies},
	volume = {21},
	issn = {2156-7077, 2156-7069},
	url = {https://journal.alt.ac.uk/index.php/rlt/article/view/1442},
	doi = {10.3402/rlt.v21.21438},
	urldate = {2022-10-03},
	journal = {Research in Learning Technology},
	author = {Gourlay, L. and Hamilton, M. and Lea, M. R.},
	month = jan,
	year = {2014},
}

@book{herring_internet_2004,
	address = {London},
	title = {The {Internet} and information skills: a guide for teachers and school librarians},
	publisher = { Facet},
	author = {Herring, J.},
	year = {2004},
}

@book{lankshear_digital_2008,
	address = {New York},
	series = {New literacies and digital epistemologies},
	title = {Digital literacies: concepts, policies and practices},
	isbn = {9781433101694 9781433101687},
	number = {vol. 30},
	publisher = {Peter Lang},
	editor = {Lankshear, C. and Knobel, M.},
	year = {2008},
}

@phdthesis{lima_forma_2017,
	address = {Rio de Janeiro},
	type = {Dissertação ({Mestrado} em {Linguística}) },
	title = {Forma e função em gêneros digitais: estrutura composicional e traços léxico-gramaticais no macrogênero blog},
	school = {Universidade Federal do Rio de Janeiro, Rio de Janeiro},
	author = {Lima, Y.},
	year = {2017},
}

@article{list_framework_2020,
	title = {A framework of pre-service teachers’ conceptions about digital literacy: {Comparing} the {United} {States} and {Sweden}},
	volume = {148},
	issn = {03601315},
	url = {https://linkinghub.elsevier.com/retrieve/pii/S0360131519303380},
	doi = {10.1016/j.compedu.2019.103788},
	urldate = {2022-10-03},
	journal = {Computers \& Education},
	author = {List, A. and Brante, E. and Klee, H.},
	month = apr,
	year = {2020},
	pages = {103788},
}

@article{marcuschi_o_2001,
	title = {O hipertexto como um novo espaço de escrita em sala de aula},
	volume = {4},
	issn = {1983-2400},
	url = {https://periodicos.ufpel.edu.br/ojs2/index.php/rle/article/view/15529},
	doi = {10.15210/rle.v4i1.15529},
	number = {1},
	urldate = {2022-10-03},
	journal = {Revista Linguagem \& Ensino},
	author = {Marcuschi, L. A.},
	year = {2001},
	pages = {79--111},
}

@book{marcushi_hipertexto_2005,
	address = {Rio de Janeiro, RJ},
	edition = {2. ed},
	title = {Hipertexto e generos digitais: novas formas de construcao de sentido},
	isbn = {9788586930362},
	abstract = {Discute as principais modificacoes promovidas nas atividades linguisticas-cognitivas dos usuarios, a partir das inovacoes tecnologicas. Analisa as caracteristicas de varios generos textuais que estao surgindo juntamente com as novas demandas tecnologicas},
	publisher = {Lucerna},
	author = {Marcushi, L. A.},
	year = {2005},
}

@article{nabhan_pre-service_2021,
	title = {Pre-service teachers’ conceptions and competences on digital literacy in an efl academic writing setting},
	volume = {11},
	issn = {2502-6747, 2301-9468},
	url = {https://ejournal.upi.edu/index.php/IJAL/article/view/34628},
	doi = {10.17509/ijal.v11i1.34628},
	number = {1},
	urldate = {2022-10-03},
	journal = {Indonesian Journal of Applied Linguistics},
	author = {Nabhan, S.},
	month = jun,
	year = {2021},
}

@book{ramalho_alise_2011,
	address = {Campinas, SP},
	series = {Linguagem e sociedade},
	title = {Análise de discurso (para a) crítica: o texto como material de pesquisa},
	isbn = {9788571133365},
	language = {por},
	number = {1},
	publisher = {Pontes Ed},
	author = {Ramalho, V. and Resende, V. de M.},
	year = {2011},
}

@article{rezende_o_2016,
	title = {O conceito de letramento digital e suas implicações pedagógicas},
	volume = {9},
	issn = {1983-3652},
	url = {https://periodicos.ufmg.br/index.php/textolivre/article/view/16716},
	doi = {10.17851/1983-3652.9.1.94-107},
	number = {1},
	urldate = {2022-10-03},
	journal = {Texto Livre: Linguagem e Tecnologia},
	author = {Rezende, M.},
	month = jul,
	year = {2016},
	pages = {94--107},
}

@article{santos_o_2017,
	title = {O letramento digital na prática docente do professor de língua portuguesa no ensino fundamental},
	volume = {4},
	number = {1},
	journal = {Revista Ininga},
	author = {Santos, K. and Lacerda, N.},
	year = {2017},
	pages = {72--92},
}

@article{_santos_letramento_2018,
	title = {Letramento digital e ensino de inglês},
	volume = {10},
	issn = {2176-4182},
	url = {http://periodicos2.uesb.br/index.php/folio/article/view/4300},
	doi = {10.22481/folio.v2i10.4300},
	number = {2},
	urldate = {2022-10-03},
	journal = {fólio - Revista de Letras},
	author = { Santos, K. and Costa, C.},
	month = feb,
	year = {2018},
}

@article{tagata_rethinking_2021,
	title = {Rethinking {Digital} {Literacy} {Practices} and {Educational} {Agendas} in {Times} of {Covid}-19 {Uncertainty}},
	volume = {21},
	issn = {1984-6398},
	url = {http://www.scielo.br/j/rbla/a/GQRmTb9Z5ZzkjjxrpWvn66H/},
	doi = {10.1590/1984-6398202117285},
	language = {en},
	urldate = {2022-10-03},
	journal = {Revista Brasileira de Linguística Aplicada},
	author = {Tagata, W. and Ribas, F.},
	month = may,
	year = {2021},
	pages = {399--431},
}

@article{xavier_reflexoes_2005,
	title = {Reflexões em torno da escrita nos novos gêneros digitais da internet},
	volume = {18},
	copyright = {Direitos autorais 2018 Revista Investigações - ISSN: 2175-294X},
	issn = {2175-294X},
	url = {https://periodicos.ufpe.br/revistas/INV/article/view/1484},
	language = {pt},
	number = {2},
	urldate = {2022-10-03},
	journal = {Revista Investigações},
	author = {Xavier, A.. C.},
	month = jul,
	year = {2005},
}
