
@article{alcantara_ciberativismo_2015,
	title = {Ciberativismo e movimentos sociais: mapeando discussões},
	volume = {8},
	issn = {1982-6672},
	shorttitle = {Ciberativismo e movimentos sociais},
	url = {https://revistas.pucsp.br/index.php/aurora/article/view/22474},
	language = {pt},
	number = {23},
	urldate = {2022-10-03},
	journal = {Aurora.},
	author = {Alcântara, Lívia Moreira de},
	year = {2015},
	keywords = {Ciberativismo. Sociologia dos Movimentos Sociais. Internet. Movimentos sociais. NTICs.},
	pages = {73--97},
}

@inproceedings{araujo_ciberativismo:_2011,
	address = {Florianópolis},
	title = {Ciberativismo: levantamento do estado da arte na pesquisa no {Brasil}},
	booktitle = {Anais},
	author = {Araújo, W.},
	year = {2011},
	pages = {1--14},
}

@article{aillerie_teenagers_2019,
	title = {Teenagers’ information practices in academic settings: {What} relevance for a transliteracy-based approach?},
	volume = {51},
	issn = {0961-0006},
	shorttitle = {Teenagers’ information practices in academic settings},
	url = {https://journals.scholarsportal.info/details/09610006/v51i0003/737_tipiaswrfata.xml},
	doi = {10.1177/0961000617742463},
	abstract = {Because they are ‘complex and fascinating’ (Boyd, 2014) and deeply heterogeneous, teenagers’ media and information uses are still the subject of much research. The complexity of these practices requires a relevant holistic approach, able to take into account the multiplicity of contexts of use, the multiplicity of interactions and media or tools used, and able to encompass both what is directly visible and what is implicit (Leander and McKim, 2003). Transliteracy, originally defined by Sue Thomas and colleagues as ‘the ability to read, write and interact across a range of platforms, tools and media from signing and orality through handwriting, print, TV, radio and films, to digital social networks’ (Thomas et al., 2007), seems interesting in this respect and is the basis of our investigation and analysis. The work described here proceeds from a programme funded by the French national research agency (ANR Translit 2013–2016) focusing on the possible faces of transliteracy in action, on how high-school students (15–16 years old) manage information individually and collectively, with all the media and tools available nowadays, and academic requirements and support. The ethnographic methodology included observations of learning situations carried out between November 2013 and March 2015 (two classes of around 30 pupils each and four teachers involved).},
	number = {3},
	urldate = {2022-10-03},
	journal = {Journal of Librarianship and Information Science},
	author = {Aillerie, Karine},
	year = {2019},
	keywords = {Education, high-school, information literacy, information practices, teenagers, transliteracy, 21st century skills},
	pages = {737--745},
}

@misc{brasil_ministerio_2018,
	type = {http://basenacionalcomum.mec.gov.br},
	title = {Ministério da {Educação}. {Base} {Nacional} {Comum} {Curricular}},
	author = {Brasil},
	year = {2018},
	note = {publisher: Brasília},
}

@book{chouliaraki_discourse_1999,
	address = {Place of publication not identified},
	title = {Discourse in {Late} {Modernity}: {Rethinking} {Critical} {Discourse} {Analysis}},
	isbn = {9780585441979},
	shorttitle = {Discourse in {Late} {Modernity}},
	language = {eng},
	publisher = {Edinburgh University Press},
	author = {Chouliaraki, L. and Fairclough, N.},
	year = {1999},
	note = {OCLC: 1154911538},
}

@book{dudeney_letramentos_2016,
	address = {São Paulo},
	title = {Letramentos digitais},
	publisher = { Parábola},
	author = {Dudeney, G. and Hocly, N. and Pegrum, M.},
	translator = {Marcionilo, M.},
	year = {2016},
}

@book{glister_digital_1997,
	address = {New York},
	title = {Digital {Literacy}},
	publisher = { John Wiley \& Sons},
	author = {Glister, P.},
	year = {1997},
}

@article{gourlay_textual_2014,
	title = {Textual practices in the new media digital landscape: messing with digital literacies},
	volume = {21},
	issn = {2156-7077, 2156-7069},
	shorttitle = {Textual practices in the new media digital landscape},
	url = {https://journal.alt.ac.uk/index.php/rlt/article/view/1442},
	doi = {10.3402/rlt.v21.21438},
	abstract = {This paper offers a working conversation between the authors about the uneasy relationship between literacy studies and learning technologies. We come from the field of literacy studies but from contrasting perspectives: from academic literacies and work on literacies and technologies in higher education; from an interest in media theory and the implications of digital mediation for the contemporary university; from everyday literacies in informal settings and a concern for the gaps between policy and practice. We illustrate our perspectives through reference to post-compulsory education, especially higher education, but intend our arguments to be of broader value to all sectors of education and learning. We argue that it is probably inevitable that terms such as literacy/digital/network will be taken up by different arenas of scholarship and practice to mean different things, but what is important is finding spaces to make visible the embedded and implicit understandings, assumptions and ideological positions that are carried by these terms. In the paper, we attempt to lay bare some of the tendencies in the different approaches and argue the case for building on these differences in our work rather than seeing them as paradigm contests. We suggest that it would be more generative to the field to acknowledge the richness and diversity of these different traditions, rather than attempting the impossible task of forcing them into a superficial reconciliation.Keywords: literacies; digital; textual practices; learning landscapes; ethnographic(Published: 31 January 2014)Citation: Research in Learning Technology 2014, 21: 21438 - http://dx.doi.org/10.3402/rlt.v21.21438},
	urldate = {2022-10-03},
	journal = {Research in Learning Technology},
	author = {Gourlay, Lesley and Hamilton, Mary and Lea, Mary Rosalind},
	month = jan,
	year = {2014},
}

@book{herring_internet_2004,
	address = {London},
	title = {The {Internet} and information skills: a guide for teachers and school librarians},
	publisher = { Facet},
	author = {Herring, J.},
	year = {2004},
}

@book{lankshear_digital_2008,
	address = {New York},
	series = {New literacies and digital epistemologies},
	title = {Digital literacies: concepts, policies and practices},
	isbn = {9781433101694 9781433101687},
	shorttitle = {Digital literacies},
	number = {vol. 30},
	publisher = {Peter Lang},
	editor = {Lankshear, C. and Knobel, M.},
	year = {2008},
	keywords = {Internet literacy, Computer literacy, Information literacy},
}

@phdthesis{lima_forma_2017,
	address = {Rio de Janeiro},
	type = {Dissertação ({Mestrado} em {Linguística}) },
	title = {Forma e função em gêneros digitais: estrutura composicional e traços léxico-gramaticais no macrogênero blog},
	school = {Universidade Federal do Rio de Janeiro, Rio de Janeiro},
	author = {Lima, Yalis},
	year = {2017},
}

@article{list_framework_2020,
	title = {A framework of pre-service teachers’ conceptions about digital literacy: {Comparing} the {United} {States} and {Sweden}},
	volume = {148},
	issn = {03601315},
	shorttitle = {A framework of pre-service teachers’ conceptions about digital literacy},
	url = {https://linkinghub.elsevier.com/retrieve/pii/S0360131519303380},
	doi = {10.1016/j.compedu.2019.103788},
	language = {en},
	urldate = {2022-10-03},
	journal = {Computers \& Education},
	author = {List, A. and Brante, E. and Klee, H.},
	month = apr,
	year = {2020},
	pages = {103788},
}

@article{marcuschi_o_2001,
	title = {O hipertexto como um novo espaço de escrita em sala de aula},
	volume = {4},
	copyright = {Direitos autorais 2019 Luiz Antônio Marcuschi},
	issn = {1983-2400},
	url = {https://periodicos.ufpel.edu.br/ojs2/index.php/rle/article/view/15529},
	doi = {10.15210/rle.v4i1.15529},
	abstract = {Partindo da idéia de que o computador mudou nossa maneira de ler e escrever, o autor faz algumas reflexões sobre o hipertexto como um novo espaço de escrita. O hipertexto, pela sua natureza nãoseqüencial e não-linear, afeta não só a maneira como lemos, possibilitando múltiplas entradas e múltiplas formas de prosseguir, mas também afeta o modo como escrevemos, proporcionando a distribuição da inteligência e cognição. De um lado, diminui a fronteira entre leitor e escritor, tornando-os parte do mesmo processo; do outro, faz com que a escrita seja uma tarefa menos individual para se tornar uma atividade mais coletiva e colaborativa. O poder e a autoridade ficam distribuídos pelas imensas redes digitais, facilitando a construção social do conhecimento.},
	language = {pt-BR},
	number = {1},
	urldate = {2022-10-03},
	journal = {Revista Linguagem \& Ensino},
	author = {Marcuschi, L. A.},
	year = {2001},
	keywords = {hypertext, reading, writing, hipertexto, leitura, escrita},
	pages = {79--111},
}

@book{marcushi_hipertexto_2005,
	address = {Rio de Janeiro, RJ},
	edition = {2. ed},
	title = {Hipertexto e generos digitais: novas formas de construcao de sentido},
	isbn = {9788586930362},
	shorttitle = {Hipertexto e generos digitais},
	abstract = {Discute as principais modificacoes promovidas nas atividades linguisticas-cognitivas dos usuarios, a partir das inovacoes tecnologicas. Analisa as caracteristicas de varios generos textuais que estao surgindo juntamente com as novas demandas tecnologicas},
	language = {por},
	publisher = {Lucerna},
	author = {Marcushi, L. A.},
	year = {2005},
	note = {OCLC: 124067325},
}

@article{nabhan_pre-service_2021,
	title = {{PRE}-{SERVICE} {TEACHERS}’ {CONCEPTIONS} {AND} {COMPETENCES} {ON} {DIGITAL} {LITERACY} {IN} {AN} {EFL} {ACADEMIC} {WRITING} {SETTING}},
	volume = {11},
	issn = {2502-6747, 2301-9468},
	url = {https://ejournal.upi.edu/index.php/IJAL/article/view/34628},
	doi = {10.17509/ijal.v11i1.34628},
	abstract = {This case study seeks to examine pre-service teachers’ digital literacy conceptions in an EFL academic writing context. Despite the recent growth of research regarding general conceptions of digital literacy, little attention has been given to its conception focusing on EFL digital writing environment. To bridge the gap, this research offers a new perspective of the conception of digital literacy from the perspective of pre-service teachers in their academic writing setting. Also, the study aims to identify pre-service teachers’ competences concerning the predominant dimensions of digital literacy encompassing critical thinking, online safety skills, digital culture, collaboration and creativity, finding information, communication, and functional skills. This case study involved both quantitative and qualitative data taken from 107 pre-service teachers’ online questionnaires and one 5-member focus group discussion delivered to pre-service teachers taking Academic Writing subjects in English Language Education Department in an urban university in Indonesia. While thematic analysis was involved for qualitative data, the quantitative ones were analyzed using descriptive analyses. Emergent themes related to the conception of digital literacy in academic writing context included basic conception of digital literacy, competences related to digital literacy, awarness of the importance of digital literacy, and challenges of digital literacy. In general, the result of the study revealed that the pre-service teachers’ conceptions of digital literacy were principally associated with the narrow proficiency of utilizing online tools and technological devices and set aside a critical mindset. Further, in spite of the fact that most participating students were found to have lack of understanding of critical thinking and digital culture towards digital literacy, they appeared to possess the competencies of finding information, communication, and functional skills. Additionally, quantitative result of the pre-service teachers’ competences demonstrated that communication dimension was the highest of all with the mean value of 3.95, followed by online safety skills (3.87), finding information (3.79), critical thinking (3.77), functional skills (3.75), as well as collaboration and creativity (3.43). The lowest mean (3.40) belonged to digital culture dimension. The findings have important implications for developing digital literacy framework in an EFL academic writing.},
	number = {1},
	urldate = {2022-10-03},
	journal = {Indonesian Journal of Applied Linguistics},
	author = {Nabhan, S.},
	month = jun,
	year = {2021},
}

@book{ramalho_alise_2011,
	address = {Campinas, SP},
	series = {Linguagem e sociedade},
	title = {Análise de discurso (para a) crítica: o texto como material de pesquisa},
	isbn = {9788571133365},
	shorttitle = {Análise de discurso (para a) crítica},
	language = {por},
	number = {1},
	publisher = {Pontes Ed},
	author = {Ramalho, Viviane and Resende, Viviane de Melo},
	year = {2011},
}

@article{rezende_o_2016,
	title = {O conceito de letramento digital e suas implicações pedagógicas},
	volume = {9},
	issn = {1983-3652},
	url = {https://periodicos.ufmg.br/index.php/textolivre/article/view/16716},
	doi = {10.17851/1983-3652.9.1.94-107},
	abstract = {RESUMO: Nos últimos anos, tem-se discutido muito, no campo da educação e também no campo da linguagem, a presença das tecnologias digitais nas práticas escolares. O que se tem visto, muitas vezes, éum uso de tecnologias que se limita a transferir práticas letradas tradicionais para práticas mediadas por novos recursos tecnológicos. Há uma inserção “forçada” de tecnologias que desconsidera seus maiores potenciais, suas dinâmicas interativas e estratégias sociocognitivas. Entende-se, entretanto, que a percepção a respeito do uso de tecnologias nas práticas pedagógicas perpassa, principalmente, o âmbito de ensino-aprendizagem de Língua Portuguesa e a concepção de letramento digital.A importância de discutir o conceito de letramento digital justifica-se pelo fato de que as diferentes interpretações que são dadas a ele interferem diretamente na percepção do uso de tecnologias nas práticas escolares. Analisa-se, então, em que medida as concepções de letramento e de letramento digital interferem na percepção que se tem de ensino de Língua Portuguesa e de que maneira contribuem para pensar a educação na atualidade.PALAVRAS-CHAVE: ensino-aprendizagem; letramento digital; língua portuguesa. ABSTRACT: In recent years, the presence of digital technologies in school practices has been very discussed in education and also in the language studies. What it has been seen is the fact that technology's uses are limited to transfering traditional literacy practices to practices mediated by new technological resources. There is a "hard" technologies insert that disregards its greatest potential, its interactive dynamics and socio-cognitive strategies. We understand, however, that the technology uses perception in school practices pervades, especially, the teaching and learning of Portuguese language context and the concept of digital literacy. The importance of discussing the concept of digital literacy is justified by the fact that the different interpretations that are given to it directly interfer in the perception of the use of technology in school practices. We will look, then, to what extent the literacy and digital literacy concepts interfere with the perception people have of the Portuguese language teaching and how they contribute to reflections on education today.KEYWORDS: teaching and learning; digital literacy; Portuguese language.},
	number = {1},
	urldate = {2022-10-03},
	journal = {Texto Livre: Linguagem e Tecnologia},
	author = {Rezende, M.},
	month = jul,
	year = {2016},
	pages = {94--107},
}

@article{santos_o_2017,
	title = {O letramento digital na prática docente do professor de língua portuguesa no ensino fundamental},
	volume = {4},
	number = {1},
	journal = {Revista Ininga},
	author = {Santos, K. and Lacerda, N.},
	year = {2017},
	pages = {72--92},
}

@article{_santos_letramento_2019,
	title = {{LETRAMENTO} {DIGITAL} {E} {ENSINO} {DE} {INGLÊS}},
	volume = {10},
	issn = {2176-4182},
	url = {http://periodicos2.uesb.br/index.php/folio/article/view/4300},
	doi = {10.22481/folio.v2i10.4300},
	abstract = {Este estudo tem por objetivo analisar as contribuições da utilização das tecnologias digitais da informação e comunicação (TDIC) no processo de desenvolvimento das habilidades de speaking e writting em aprendizes de inglês, partindo da proposta de produção de um vídeo e da escrita colaborativa de um ebook. Salienta-se, também, o papel do letramento digital no processo de ensino e aprendizagem na contemporaneidade. Trata-se de uma pesquisa qualitativa, configurada como estudo de caso, que teve como participantes 6 (seis) licenciandos em língua inglesa. Os dados foram coletados por meio de questionários e foi realizado ao longo do componente curricular Língua Inglesa Avançada I. Os resultados alcançados permitiram perceber que a proposta didática, amparada na utilização de interfaces digitais, auxiliou eficazmente na aprendizagem dos discentes, estimulando a percepção dos próprios erros e incitando a autonomia, levando os participantes a revisarem aspectos linguísticos fundamentais para suas produções.},
	number = {2},
	urldate = {2022-10-03},
	journal = {fólio - Revista de Letras},
	author = { Santos, K. and Costa, C.},
	month = feb,
	year = {2019},
}

@article{tagata_rethinking_2021,
	title = {Rethinking {Digital} {Literacy} {Practices} and {Educational} {Agendas} in {Times} of {Covid}-19 {Uncertainty}},
	volume = {21},
	issn = {1984-6398},
	url = {http://www.scielo.br/j/rbla/a/GQRmTb9Z5ZzkjjxrpWvn66H/},
	doi = {10.1590/1984-6398202117285},
	abstract = {ABSTRACT In this article, we problematize literacy issues in the current context of instability and uncertainties generated by the Covid-19 pandemic, from its social, political and educational impacts. Our discussion will focus on fictional vignettes that we composed based on real stories circulating in the media and social networks, and marked (but not restricted to) by the intense use of digital technologies. Our aim is to formulate questions about the relationship among society, literacy, technology and education, which have been of primary concern to us as teachers and researchers of languages and literacy. We do not intend to offer definitive answers or solutions, but only to suggest research paths for studies in literacy and Applied Linguistics, in light of concepts such as multiplicity, emotions, rhizome and nomadic thought.},
	language = {en},
	urldate = {2022-10-03},
	journal = {Revista Brasileira de Linguística Aplicada},
	author = {Tagata, W. and Ribas, F.},
	month = may,
	year = {2021},
	keywords = {digital literacy, education, neoliberalism, nomadic thought, desire},
	pages = {399--431},
}

@article{xavier_reflexoes_2005,
	title = {{REFLEXÕES} {EM} {TORNO} {DA} {ESCRITA} {NOS} {NOVOS} {GÊNEROS} {DIGITAIS} {DA} {INTERNET}},
	volume = {18},
	copyright = {Direitos autorais 2018 Revista Investigações - ISSN: 2175-294X},
	issn = {2175-294X},
	url = {https://periodicos.ufpe.br/revistas/INV/article/view/1484},
	abstract = {A internet tem levado as pessoas a lerem mais e a usarem mais a escrita. Dessa forma, muitos internautas têm ficado mais habilidosos no manuseio e na criação de formas específicas de lidar com a língua. Este ensaio discute uma questão que vem ocupando ultimamente espaço na mídia e na sociedade em geral. A escrita utilizada pelos internautas nos emails, bate-papos e agora nos weblogs e orkut estaria prejudicando a aprendizagem da escrita na escola? Por outro lado, questiona-se também por que muitos deles escrevem e se comunicam com fluência quando utilizam estes novos gêneros digitais},
	language = {pt},
	number = {2},
	urldate = {2022-10-03},
	journal = {Revista Investigações},
	author = {Xavier, A.. C.},
	month = jul,
	year = {2005},
}
