@book{bakhtin_estetica_2006,
	address = {Sao Paulo},
	title = {Estetica da criaçao verbal},
	publisher = {Martins Fontes},
	author = {Bakhtin, Mikhail},
	year = {2006},
}

@book{adam_1992,
	address = {Paris},
	title = {Les textes: types et prototypes},
	publisher = {Nathan},
	author = {Adam, J.-M},
	year = {1992},
}

@article{bersch_moodle_2009,
	title = {Moodle na escola {Potencialidades} e desafios},
	url = {http://www.sinpro-rs.org.br/textual/out09/Moodle.pdf},
	urldate = {2024-02-10},
	journal = {Revista Textual},
	author = {Bersch, Maria Elisabete},
	year = {2009},
}

@book{bronckart_teorias_2021,
	address = {Campinas},
	title = {Teorias da linguagem: nova introdução crítica},
	publisher = {Mercado de Letras},
	author = {Bronckart, Jean-Paul},
	year = {2021},
}

@book{bronckart_atividade_2006,
	address = {Campinas, SP},
	title = {Atividade de linguagem, discurso e desenvolvimento humano},
	publisher = {Mercado de Letras},
	author = {Bronckart, Jean-Paul},
	year = {2006},
}

@book{bronckart_atividade_1999,
	address = {São Paulo},
	title = {Atividade de linguagem, textos e discursos. {Por} um interacionismo sócio-discursivo},
	publisher = {EDUC},
	author = {Bronckart, Jean-Paul},
	translator = {Machado, A. R.},
	year = {1999},
}

@incollection{bronckart_notion_1999,
	address = {Louvain-la-Neuve},
	title = {La notion de compétence: quelle pertinence pour l’étude de l’apprentissage des actions langagières ?},
	booktitle = {L’énigme de la compétence en éducation},
	publisher = {De Boeck},
	author = {Bronckart, Jean-Paul and Dolz, Joaquim},
	editor = {Dolz, Joaquim and Ollagnier, Edmée},
	year = {1999},
	pages = {27--44},
}

@book{chevallard_transposition_1981,
	address = {Grenoble},
	title = {La transposition didactique. {Du} savoir savant au savoir enseigné},
	publisher = {La pensée sauvage},
	author = {Chevallard, Yves},
	year = {1981},
}

@book{conselho_da_europa_quadro_2001,
	address = {Porto},
	title = {Quadro comum europeu de referência para as línguas: aprendizagem, ensino, avaliação},
	url = {http://area.dge.mec.pt/gramatica/Quadro_Europeu_total.pdf},
	urldate = {2024-03-15},
	publisher = {Edições Asa},
	author = {{Conselho da Europa}},
	year = {2001},
}

@article{de_pietro_modedidactique_1996,
	title = {Un modèle didactique du “débat”: de l’objet social à la pratique scolaire},
	volume = {39/40},
	journal = {Enjeux},
	author = {De Pietro, Jean-François and Erard, Serge and Kaneman-Pougatch, Massia},
	year = {1996},
	pages = {100--129},
}

@article{de_pietro_modedidactique_2003,
	title = {Le modèle didactique du genre: un concept de l'ingénierie didactique},
	issn = {2116-9683},
	shorttitle = {Le modèle didactique du genre},
	url = {http://archive-ouverte.unige.ch:/unige:172419},
	number = {3},
	urldate = {2024-03-22},
	journal = {Recherches en didactiques},
	author = {De Pietro, Jean-François and Schneuwly, Bernard},
	year = {2003},
	pages = {27},
}

@book{dolz_pour_2009,
	address = {Paris},
	title = {Pour un enseignement de l’oral: {Initiation} aux genres formels à l’école},
	publisher = {ESF éditeur},
	author = {Dolz, Joaquim and Schneuwly, Bernard},
	year = {2009},
}

@article{dolz-mestre_acquisition_1993,
	title = {L'acquisition des discours: émergence d'une compétence ou apprentissage de capacités langagières diverses?},
	issn = {0071-190X},
	shorttitle = {L'acquisition des discours},
	url = {http://archive-ouverte.unige.ch:/unige:6147},
	number = {92},
	urldate = {2024-03-22},
	journal = {Études de linguistique appliquée},
	author = {Dolz-Mestre, Joaquim and Pasquier, A. and Bronckart, Jean-Paul},
	year = {1993},
	pages = {23},
}

@book{dolz_pour_1998,
	address = {Paris},
	title = {Pour un enseignement de l´oral : initiation aux genres formels à l´école},
	publisher = {ESF},
	author = {Dolz, Joaquim and Schneuwly, Bernard},
	year = {1998},
}

@phdthesis{gervasio_nvestigacao_2019,
	address = {Santa Maria},
	type = {Dissertação ({Mestrado} {Profissional})},
	title = {nvestigação da customização da plataforma {AVA} “{Moodle}” para uso no ensino de línguas a distância},
	school = {Universidade Federal de Santa Maria. Programa de Pós-Graduação em Tecnologias Educacionais em Rede},
	author = {Gervasio, João Roberto Ricalde},
	year = {2019},
}

@book{graca_da_2023,
	title = {Da didática de língua(s) ao seu ensino: {Estudos} de homenagem ao professor doutor {Joaquim} {Dolz}},
	publisher = {Pontes Editores},
	editor = {Graça, L. A. and Gonçalves, M. and Lousada, E. G.},
	year = {2023},
}

@article{lima_https://proceedings.science/isa-2017/trabalhos/metodos-mais-usados-para-avaliacoes--ambientes-virtuais--aprendizagem-avas_2018,
	title = {https://proceedings.science/isa-2017/trabalhos/metodos-mais-usados-para-avaliacoes-de-ambientes-virtuais-de-aprendizagem-avas},
	volume = {7},
	number = {13},
	journal = {HFD},
	author = {Lima, Gean Flavio De Araujo and Merino, Eugenio Andrés Diaz and Triska, Ricardo},
	month = jul,
	year = {2018},
	pages = {132--147},
}

@article{mayrink_ensino_2017,
	title = {Ensino presencial e virtual em sintonia na formação em línguas estrangeiras},
	volume = {38},
	issn = {2318-7115},
	url = {https://revistas.pucsp.br/index.php/esp/article/view/32218},
	doi = {10.23925/2318-7115.2017v38i1a10},
	number = {1},
	urldate = {2024-03-22},
	journal = {The ESPecialist},
	author = {Mayrink, Mônica Ferreira and Albuquerque-Costa, Heloísa},
	month = jul,
	year = {2017},
}

@book{schneuwly_generos_2004,
	address = {Campinas, SP},
	title = {Gêneros orais e escritos na escola},
	publisher = {Mercado de Letras},
	author = {Schneuwly, Bernard and Dolz, Joaquim},
	year = {2004},
}

@article{stutz_construcao_2011,
	title = {A {Construção} de uma {Sequência} {Didática} na {Formação} {Docente} {Inicial} de {Língua} {Inglesa}},
	volume = {14},
	number = {1},
	journal = {SIGNUM: Estud. Ling.},
	author = {Stutz, Lidia and Cristovão, Vera Lúcia Lopes},
	month = jun,
	year = {2011},
	pages = {569--589},
}

@phdthesis{thomaz_principios_2022,
	address = {Ouro Preto},
	type = {Dissertação ({Mestrado} {Acadêmico})},
	title = {Princípios fundamentais do {Moodle}: {Reflexões} entre teorias e práticas},
	school = {Universidade Federal de Ouro Preto. Departamento de Educação. Programa de Pós-Graduação em Educação},
	author = {Thomaz, Alessander Pery Lopes},
	year = {2022},
}

@book{tocaia_leitura_2019,
	address = {São Paulo},
	title = {Leitura e produção textual na universidade. {Teoria} e prática},
	publisher = {Editora Mackenzie},
	author = {Tocaia, Luciano Magnoni},
	year = {2019},
}

@incollection{tocaia_letramento_2022,
	address = {Rio de Janeiro},
	title = {Letramento acadêmico: o francês como vetor de conexão entre saberes na universidade},
	booktitle = {Saberes em conexão na universidade: língua, literatura e cultura},
	publisher = {Dialogarts},
	author = {Tocaia, Luciano Magnoni},
	editor = {Philippov, R. and Hanna, V.},
	year = {2022},
}

@incollection{valente_educacao_2011,
	address = {São Paulo},
	title = {Educação a distância: criando abordagens educacionais que possibilitam a construção de conhecimento},
	booktitle = {Educação a distâncias: pontos e contrapontos},
	publisher = {Summus Editorial},
	author = {Valente, José},
	editor = {Arantes, Valéria Amorin},
	year = {2011},
	pages = {13--44},
}

@book{vygotski_pensee_1997,
	address = {Paris},
	title = {Pensée et {Langage}},
	publisher = {La Dispute},
	author = {Vygotski, Lev},
	year = {1997},
}