@book{james1890principles,
    title         = {The Principles of Psychology},
    author        = {James, William},
    year          = {1890},
    publisher     = {Henry Holt and Company},
    address       = {New York},
}

@article{posner1971,
    title         = {Components of attention},
    author        = {Posner, Michael I. and  Boies, Stephen J.},
    year          = {1971},
    journal       = {Psychological Review},
    volume        = {78},
    number        = {5},
    pages         = {391--408},
}

@inbook{gardner1979,
    title         = {Social Psychological Aspects of Second Language Acquisition},
    author        = {Gardner, Robert},
    year          = {1979},
    booktitle     = {Language and Social Psychology},
    publisher     = {Blackwell},
    address       = {Oxford, UK},
    pages         = {193--220},
    bookauthor    = {Giles, H. and Clair, R.},
}

@book{krashen1985,
    title         = {The Input Hypothesis},
    author        = {Krashen, Stephen},
    year          = {1985},
    publisher     = {Longman},
    address       = {Harlow, UK},
    subtitle      = {Issues and Implications},
}

@article{posner1990,
    title         = {The Attention System of the Human Brain},
    author        = {Posner, Michael I. and Petersen, Steven E.},
    year          = {1990},
    journal       = {Annual Review of Neuroscience},
    volume        = {13},
    pages         = {25--42},
}

@article{schmidit1990,
    title         = {The Role of Consciousness in Second Language Learning1},
    author        = {Schmidt, Richard W.},
    year          = {1990},
    journal       = {Applied Linguistics},
    volume        = {11},
    number        = {2},
    pages         = {129--158},
    doi           = {10.1093/applin/11.2.129},
    issn          = {0142-6001},
    url           = {https://doi.org/10.1093/applin/11.2.129},
    eprint        = {https://academic.oup.com/applij/article-pdf/11/2/129/9740172/129.pdf},
}

@article{schmidt1993awareness,
    title         = {Awareness and Second Language Acquisition},
    author        = {Schmidt, Richard},
    year          = {1993},
    journal       = {Annual Review of Applied Linguistics},
    publisher     = {Cambridge University Press},
    address       = {Eua},
    volume        = {13},
    pages         = {206--226},
}

@inbook{posner1994,
    title         = {Attention in Cognitive Neuroscience},
    author        = {Posner, Michael I.},
    year          = {1994},
    booktitle     = {The cognitive neurosciences.},
    publisher     = {MIT Press},
    address       = {Cambridge, MA},
    pages         = {615--624},
    editor        = {Gazzaniga, M.},
    subtitle      = {An Overview},
}

@article{oxford1994language,
    title         = {Language Learning Motivation: Expanding the Theoretical Framework},
    author        = {Oxford, R. and Shearin, J.},
    year          = {1994},
    journal       = {The Modern Language Journal},
    volume        = {78},
    number        = {1},
    pages         = {12--28},
    url           = {http://www.jstor.org/stable/329249},
    urldate       = {2023-12-06},
}

@article{chun1996,
    title         = {Effects of Multimedia Annotations on Vocabulary Acquisition},
    author        = {Chun, Dorothy M. and Plass, Jan L.},
    year          = {1996},
    journal       = {The Modern Language Journal},
    volume        = {80},
    number        = {2},
    pages         = {183--198},
    doi           = {https://doi.org/10.1111/j.1540-4781.1996.tb01159.x},
    url           = {https://onlinelibrary.wiley.com/doi/abs/10.1111/j.1540-4781.1996.tb01159.x},
    urldate       = {2023-01-15},
}

@book{ellis1997,
    title         = {SLA Research and Language Teaching},
    author        = {Ellis, Rod},
    year          = {1997},
    publisher     = {Oxford University Press},
}

@book{gass1997,
    title         = {Input, Interaction, and the Second Language Learner},
    author        = {Gass, Susan},
    year          = {1997},
    publisher     = {Erlbaum},
    address       = {Mahwah, NJ},
}

@book{schumann1999neurobiology,
    title         = {The Neurobiology of Affect in Language},
    author        = {Schumann, John H.},
    year          = {1999},
    publisher     = {Blackwell Publishers},
    address       = {Malden},
}

@book{schmidit2001,
    title         = {Attention},
    author        = {Schmidt, Richard W.},
    year          = {2001},
    booktitle     = {Cognition and second language instruction},
    publisher     = {Cambridge University Press},
    address       = {Cambridge, UK},
    pages         = {3--32},
    editor        = {Robinson, P.},
}

@book{mayer2001,
    title         = {Multimedia Learning},
    author        = {Mayer, Richard E.},
    year          = {2001},
    publisher     = {Cambridge University Press},
    address       = {Cambridge},
}

@article{hede2002,
    title         = {An Integrated Model of Multimedia Effects on Learnin},
    author        = {Hede, Andy},
    year          = {2002},
    journal       = {Journal of education Multimedia and Hypermed},
    volume        = {11},
    number        = {2},
    pages         = {177--191},
}

@article{lemke2002,
    title         = {Travels in hypermodality},
    author        = {Jay L. Lemke},
    year          = {2002},
    journal       = {Visual Communication},
    volume        = {1},
    number        = {3},
    pages         = {299--325},
    url           = {https://doi.org/10.1177/147035720200100303},
    urldate       = {2023-07-13},
}

@article{mayer2002,
    title         = {Cognitive Theory and the Design of Multimedia Instruction: An Example of the Two-Way Street Between Cognition and Instruction},
    author        = {Mayer, Richard E.},
    year          = {2002},
    journal       = {New Directions for Teaching and Learning},
    volume        = {2002},
    number        = {89},
    pages         = {55--71},
}

@inbook{braga2004,
    title         = {A comunicação interativa em ambiente hipermídia},
    author        = {Braga, Denise Bértoli},
    year          = {2004},
    booktitle     = {Hipertexto e Gêneros Digitais: novas formas de construção do sentido},
    publisher     = {Editora Lucerna},
    address       = {Rio de Janeiro, RJ},
    pages         = {144--162},
    organizer     = {Luiz Antônio Marcuschi and Antônio Carlos Xavier},
    subtitle      = {as vantagens da hipermodalidade para o aprendizado no meio digital},
}

@phdthesis{souza2004,
    title         = {O uso da hipermídia para o ensino e a aquisição lexical no contexto da leitura em língua estrangeira},
    author        = {Souza, Patrícia Nora},
    year          = {2004},
    address       = {Campinas, SP},
    url           = {https://repositorio.unicamp.br/acervo/detalhe/329030},
    urldate       = {2024-01-11},
    school        = {Instituto de Linguagem, Universidade Estadual de Campinas},
    type          = {Tese (Doutorado em Linguística)},
}

@article{lima2005,
    title         = {{Compreendendo os Mecanismos Atencionais}},
    author        = {Franco de Lima, Ricardo},
    year          = {2005},
    month         = {11},
    journal       = {Ciências e Cognição},
    address       = {Campinas, SP},
    volume        = {6},
    pages         = {113--122},
    issn          = {1806-5821},
    url           = {http://pepsic.bvsalud.org/scielo.php?script=sci_arttext&pid=S1806-58212005000300013&nrm=iso},
}

@article{santaella2007linguagens,
    title         = {As Linguagens como antídotos ao midiacentrismo},
    author        = {Santaella, Lucia},
    year          = {2007},
    journal       = {Matrizes},
    volume        = {1},
    number        = {1},
    pages         = {75--97},
    doi           = {10.11606/issn.1982-8160.v1i1p75-97},
    url           = {https://doi.org/10.11606/issn.1982-8160.v1i1p75-97},
    note          = {Acesso em: 29 fev. 2024},
}

@article{moreno2007,
    title         = {Interactive Multimodal Learning Environments},
    author        = {Roxana Moreno and Richard Mayer},
    year          = {2007},
    journal       = {Educational Psychology Review},
    volume        = {19},
    number        = {3},
    pages         = {309--326},
    doi           = {10.1007/s10648-007-9047-2},
    issn          = {1573-336x},
    url           = {https://doi.org/10.1007/s10648-007-9047-2},
    urldate       = {2024-02-22},
}

@book{gardner2010,
    title         = {Motivation and Second Language Acquisition},
    author        = {Gardner, Robert},
    year          = {2010},
    publisher     = {Peter Lang},
    address       = {New York, NY},
    subtitle      = {the social-educational model},
}

@incollection{leeuwen2015,
    title         = {Multimodality},
    author        = {Theo Van Leeuwen},
    year          = {2015},
    booktitle     = {The Handbook of Discourse Analysis},
    publisher     = {Wiley-Blackwell},
    address       = {Nova Jersey},
    pages         = {447--465},
    editor        = {Deborah Tannen and Heidi E. Hamilton and Deborah Schiffrin},
}

@article{mourão2015,
    title         = {Memória},
    author        = {Mourão Júnior, Carlos Alberto and Faria, Nicole Costa},
    year          = {2015},
    journal       = {Psicologia: Reflexão e Crítica},
    address       = {Rio Grande do Sul},
    volume        = {28},
    number        = {4},
    pages         = {780–788},
    doi           = {10.1590/1678-7153.201528416},
    issn          = {0102-7972},
    url           = {https://doi.org/10.1590/1678-7153.201528416},
}

@phdthesis{saito2015,
    title         = {Aprendizagem de vocabulário de inglês como língua estrangeira em ambiente hipermídia},
    author        = {Saito, Fabiano Santos},
    year          = {2015},
    address       = {Juiz de Fora, MG},
    url           = {https://repositorio.ufjf.br/jspui/handle/ufjf/1290},
    urldate       = {2024-01-11},
    school        = {Faculdade de Letras, Universidade Federal de Juiz de Fora (UFJF)},
    subtitle      = {efeitos da retenção lexical a curto e longo prazo em uma abordagem de ensino e aprendizagem lexical implícita},
    type          = {Tese (Doutorado em Linguística)},
}

@phdthesis{procopio2016,
    title         = {uso do glossário hipermídia no ensino-aprendizagem implícito de vocabulário nos níveis elementar e intermediário de proficiência em inglês},
    author        = {Procópio, Renata Bittencourt},
    year          = {2016},
    address       = {Juiz de Fora, MG},
    url           = {https://repositorio.ufjf.br/jspui/handle/ufjf/3289},
    urldate       = {2024-01-11},
    school        = {Faculdade de Letras, Universidade Federal de Juiz de Fora (UFJF)},
    type          = {Tese (Doutorado em Linguística)},
}

@phdthesis{monteiro2021,
    title         = {Virtual reality as a tool for foreign language vocabulary learning},
    author        = {Monteiro, Ana Maria Vieira},
    year          = {2021},
    address       = {Juiz de Fora, MG},
    doi           = {10.34019/ufjf/te/2021/00103},
    url           = {https://repositorio.ufjf.br/jspui/handle/ufjf/13863},
    school        = {Faculdade de Letras, Universidade Federal de Juiz de Fora,},
    type          = {Tese (Doutorado em Linguística)},
}

@inbook{dehaene2022,
    title         = {A atenção},
    author        = {Dehaene, Stanislas},
    year          = {2022},
    booktitle     = {É assim que aprendemos: por que o cérebro funciona melhor do que qualquer máquina (ainda…)},
    publisher     = {Contexto},
    address       = {Rio de Janeiro, RJ},
}
