
@article{acta_caraballo_concepcion_2021,
	title = {La concepción de la neurociencia y el estilo docente del profesorado en la educación inicial dominicana},
	volume = {23},
	copyright = {Derechos de autor 0},
	issn = {2710-7639},
	url = {https://revistas.up.ac.pa/index.php/societas/article/view/2311},
	number = {2},
	urldate = {2022-11-18},
	journal = {Societas},
	author = {Acta Caraballo, Yolanda },
	month = jul,
	year = {2021},
	keywords = {Neurociencia, educación inicial, enseñanza, aprendizaje, formación docente, tecnología},
	pages = {236--261},
}

@phdthesis{arturo_obando_plan_2020,
	type = {{bachelorThesis}},
	title = {Plan de capacitación docente sobre una base {Neuropedagógica} para la enseñanza de {Lengua} y {Literatura} a niños de diez a doce años con dificultades atencionales},
	url = {http://repositorio.puce.edu.ec:80/handle/22000/18246},
	urldate = {2022-11-18},
	school = {PUCE - Quito},
	author = {Arturo Obando, Selene Marisol},
	month = oct,
	year = {2020},
}

@book{barbera_gregori_incognita_2001,
	address = {Barcelona},
	edition = {1. ed},
	title = {La incógnita de la educación a distancia},
	isbn = {9788485840885},
	language = {spa},
	publisher = {Horsori : ICE, Universitat de Barcelona},
	author = {Barberà Gregori, Elena and Badia, Antoni and Mominó, Josep M.},
	year = {2001},
}

@article{bingimlas_barriers_2009,
	title = {Barriers to the {Successful} {Integration} of {ICT} in {Teaching} and {Learning} {Environments}: {A} {Review} of the {Literature}},
	volume = {5},
	issn = {13058223},
	url = {https://www.ejmste.com/article/barriers-to-the-successful-integration-of-ict-in-teaching-and-learning-environments-a-review-of-the-4156},
	doi = {10.12973/ejmste/75275},
	number = {3},
	urldate = {2022-11-18},
	journal = {EURASIA Journal of Mathematics, Science and Technology Education},
	author = {Bingimlas, Khalid Abdullah},
	month = jan,
	year = {2009},
}

@book{bonk_moocs_2015,
	address = {New York},
	title = {{MOOCs} and open education around the world},
	isbn = {9781138807402 9781138807419},
	publisher = {Routledge},
	editor = {Bonk, Curtis Jay},
	year = {2015},
	keywords = {MOOCs (Web-based instruction), Open learning, Distance education},
}

@article{clarke_corporate_2001,
	title = {Corporate developments and strategic alliances in e‐learning},
	volume = {43},
	issn = {0040-0912},
	url = {https://www.emerald.com/insight/content/doi/10.1108/00400910110399328/full/html},
	doi = {10.1108/00400910110399328},
	number = {4/5},
	urldate = {2022-11-18},
	journal = {Education + Training},
	author = {Clarke, Thomas and Hermens, Antoine},
	month = jun,
	year = {2001},
	pages = {256--267},
}

@article{calzadilla_perez_integracion_2017,
	title = {La integración de las neurociencias en la formación inicial de docentes para las carreras de la educación inicial y básica: caso {Cuba}},
	volume = {17},
	copyright = {Derechos de autor 2017 Actualidades Investigativas en Educación},
	issn = {1409-4703},
	url = {https://revistas.ucr.ac.cr/index.php/aie/article/view/28709},
	doi = {10.15517/aie.v17i2.28709},
	number = {2},
	urldate = {2022-11-18},
	journal = {Actualidades Investigativas en Educación},
	author = {Calzadilla Pérez, Oscar Ovidio},
	month = may,
	year = {2017},
	keywords = {college degree},
}

@article{coll_psicologieducacion_2004,
	title = {Psicología de la educación y prácticas educativas mediadas por las tecnologías de la información y la comunicación. {Una} mirada constructivista},
	copyright = {Derechos de autor 2016 Sinéctica, revista electrónica de educación},
	issn = {2007-7033},
	url = {https://sinectica.iteso.mx/index.php/SINECTICA/article/view/277},
	language = {es},
	number = {25},
	urldate = {2022-11-18},
	journal = {Sinéctica},
	author = {Coll, César},
	year = {2004},
	keywords = {educación, enseñanza, aprendizaje, metodologías, estudiantes, docentes, investigación educativa, evaluación, diseño curricular, políticas educativas, reformas educativas, exclusión, inclusión, diversidad},
}

@article{esteve_mon_nuevo_2011,
	title = {El nuevo paradigma de aprendizaje y nuevas tecnologías},
	volume = {9},
	issn = {1887-4592, 1887-4592},
	url = {https://polipapers.upv.es/index.php/REDU/article/view/6149},
	doi = {10.4995/redu.2011.6149},
	number = {3},
	urldate = {2022-11-18},
	journal = {REDU. Revista de Docencia Universitaria},
	author = {Esteve Mon, Francesc M. and Gisbert Cervera, Mercè},
	month = dec,
	year = {2011},
	pages = {55},
}

@book{fernandez_cruz_formacion_2015,
	address = {Blue Mounds, Wiscosin},
	title = {Formacion y {Desarrollo} de {Profesionales} de {La} {Educacion}: {Un} {Enfoque} {Profundo}},
	isbn = {9781939755056},
	shorttitle = {Formacion y {Desarrollo} de {Profesionales} de {La} {Educacion}},
	publisher = {Deep University Press},
	author = {Fernandez Cruz, Manuel },
	year = {2015},
}

@article{fernandez_cruz_evaluation_2020,
	title = {Evaluation of the {Emotional} and {Cognitive} {Regulation} of {Young} {People} in a {Lockdown} {Situation} {Due} to the {Covid}-19 {Pandemic}},
	volume = {11},
	issn = {1664-1078},
	url = {https://www.ncbi.nlm.nih.gov/pmc/articles/PMC7644761/},
	doi = {10.3389/fpsyg.2020.565503},
	urldate = {2022-11-18},
	journal = {Frontiers in Psychology},
	author = {Fernández Cruz, Manuel and Álvarez Rodríguez, José and Ávalos Ruiz, Inmaculada and Cuevas López, Mercedes and de Barros Camargo, Claudia and Díaz Rosas, Francisco and González Castellón, Esther and González González, Daniel and Hernández Fernández, Antonio and Ibáñez Cubillas, Pilar and Lizarte Simón, Emilio Jesús},
	month = oct,
	year = {2020},
	pages = {565503},
}

@incollection{fernandez_cruz_neuropedagogi_2022,
	address = {Madrid},
	title = {Neuropedagogía, como garantía de {Educación} {Inclusiva}, en los currículos de la formación docente},
	booktitle = {De la {Neuroeducación} a la {Neurodidáctica}},
	publisher = {UAM},
	author = {Fernández Cruz, Manuel},
	editor = {Hernández, Antonio and De Barros, Claudia and Esteban, R.},
	year = {2022},
	pages = {79--90},
}

@article{fernandez_marquez_formacion_2017,
	title = {Formación en competencias digitales en la universidad. {Percepciones} del alumnado},
	volume = {6},
	copyright = {Copyright (c) 2017 Campus Virtuales},
	issn = {2255-1514},
	url = {http://www.uajournals.com/ojs/index.php/campusvirtuales/article/view/249},
	number = {2},
	urldate = {2022-11-18},
	journal = {Campus Virtuales},
	author = {Fernández Márquez, Esther  and Leiva Olivencia, Juan José  and López Meneses, Eloy José },
	month = oct,
	year = {2017},
	pages = {79--89},
}

@article{garcia-marcos_autorregulacion_2020,
	title = {Autorregulación del aprendizaje en la {Formación} {Profesional} a {Distancia}: efectos de la gestión del tiempo: {Self}-regulated learning in {Online} {Vocational} {Education} and {Training}: effects of time management},
	volume = {20},
	issn = {1578-7680},
	shorttitle = {Autorregulación del aprendizaje en la {Formación} {Profesional} a {Distancia}},
	url = {https://revistas.um.es/red/article/view/400071},
	doi = {10.6018/red.400071},
	number = {62},
	urldate = {2022-11-18},
	journal = {Revista de Educación a Distancia (RED)},
	author = {Garcia-Marcos, Cristian Jorge and López-Vargas, Omar and Cabero-Almenara, Julio},
	month = mar,
	year = {2020},
}

@incollection{garcia-utrera_modelo_2014,
	address = {México},
	title = {Modelo de {Sustitución}, {Aumento}, {Modificación}, y {Redefinición} ({SAMR}): {Fundamentos} y aplicaciones},
	booktitle = {Los {Modelos} {Tecno}-{Educativos}: {Revolucionando} el aprendizaje del siglo {XXI}},
	publisher = {DSAE-Universidad Veracruzana},
	author = {García-Utrera, L. and Figueroa-Rodríguez, S. and Esquivel-Gámez, I.},
	editor = {Esquivel-Gámez, I.},
	year = {2014},
	pages = {205--220},
}

@misc{gerstein_addressing_2014,
	title = {Addressing {Maslow}’s {Hierarchy} of {Needs} with {Technology}},
	url = {https://usergeneratededucation.wordpress.com/2014/03/12/addressing-maslows-hierachy-of-needs-with-technology/},
	urldate = {2022-11-18},
	journal = {User Generated Education},
	author = {Gerstein, J.},
	month = mar,
	year = {2014},
}

@article{gros_salvat_evolucion_2018,
	title = {La evolución del e-learning: del aula virtual a la red},
	volume = {21},
	issn = {1390-3306, 1138-2783},
	url = {http://revistas.uned.es/index.php/ried/article/view/20577},
	doi = {10.5944/ried.21.2.20577},
	number = {2},
	urldate = {2022-11-18},
	journal = {RIED. Revista Iberoamericana de Educación a Distancia},
	author = {Gros Salvat, Begoña},
	month = feb,
	year = {2018},
	pages = {69},
}

@incollection{Koehle_2014,
	address = {New York, NY},
	title = {Introducing {TPCK}},
	isbn = {9781138779389},
	booktitle = {Handbook of {Technological} {Pedagogical} {Content} {Knowledge} ({Tpack}) for {Educators}},
	publisher = {Routledge},
	author = {Koehler, Matthew J. and Mishra, Punya},
	editor = {Herring, Mary C. and Koehler, Matthew J. and Mishra, Punya},
	year = {2014},
	pages = {3--29},
}

@article{koehler_what_2009,
	title = {What is {Technological} {Pedagogical} {Content} {Knowledge} ({TPACK})?},
	volume = {9},
	issn = {1528-5804},
	url = {https://www.learntechlib.org/primary/p/29544/},
	number = {1},
	urldate = {2022-11-18},
	journal = {Contemporary Issues in Technology and Teacher Education},
	author = {Koehler, Matthew and Mishra, Punya},
	month = mar,
	year = {2009},
	pages = {60--70},
}

@book{ko_teaching_2017,
	address = {New York},
	edition = {Fourth edition},
	title = {Teaching online: a practical guide},
	isbn = {9780415832434 9780415832427},
	publisher = {Routledge},
	author = {Ko, Susan Schor and Rossen, Steve},
	year = {2017},
	keywords = {Education, Higher, Computer-assisted instruction, World Wide Web, Study and teaching (Higher), Internet in education, College teaching, Aids and devices, Internet in higher education, Computer-assisted instruction, Distance education, Insegnamento universitario, Impiego di internet, Manuali},
}

@misc{penny_blooms_2015,
	title = {Bloom´s taxonomy piramid},
	url = {https://literacyteaching.net/tag/samantha-penney/},
	language = {en},
	urldate = {2022-11-18},
	journal = {Literacy Teaching and Teacher Education},
	author = {Penny, S.},
	month = feb,
	year = {2015},
}

@article{peterman_elements_2000,
	title = {Elements of success at a traditional/virtual university: lessons learned from three years of growth in cyberspace},
	volume = {26},
	issn = {00991333},
	url = {https://linkinghub.elsevier.com/retrieve/pii/S0099133399001202},
	doi = {10.1016/S0099-1333(99)00120-2},
	number = {1},
	urldate = {2022-11-18},
	journal = {The Journal of Academic Librarianship},
	author = {Peterman, Thomas W},
	month = jan,
	year = {2000},
	pages = {27--32},
}

@misc{puentedura_models_2008,
	title = {Models for enhancing technology integration (excerpted from {Ruben} {R}. {Puentedura} {TPCK} and {SAMR})},
	url = {https://www.msad54.org/sites/default/files/SAMR.pdf},
	urldate = {2022-11-02},
	author = {Puentedura, R.},
	year = {2008},
}

@incollection{salinas_tic_2015,
	address = {Madrid},
	title = {Las {TIC} en la enseñanza superior: e-learning, b-learning y m-learning},
	booktitle = {Nuevos retos en tecnología educativa},
	publisher = {Síntesis},
	author = {Salinas, J. and Darder, A. and De Benito, B.},
	editor = {Cabero, J. and Barroso, J.},
	year = {2015},
	pages = {153--174},
}

@incollection{schimf-herken_modelo_2006,
	address = {Santiago de Chile},
	title = {El modelo de formación docentes inicial de la {Universidad} {Humboldt} de {Berlín}},
	booktitle = {Modelos innovadores en la formación docente},
	publisher = {UNESCO},
	author = {Schimf-Herken, I.},
	editor = {Robalino, M. and Körner, A.},
	year = {2006},
	pages = {287--360},
}

@article{shulman_knowledge_1987,
	title = {Knowledge and teaching: {Foundations} of the new reform},
	volume = {57},
	number = {1},
	journal = {Harvard Educational Review},
	author = {Shulman, L. S.},
	year = {1987},
	pages = {1--22},
}

@article{tagliapietra_campus_2017,
	title = {Campus virtual: necesidades de formación docente en habilidades tecnológicas},
	volume = {8},
	url = {http://hdl.handle.net/20.500.11912/6821},
	number = {16},
	urldate = {2022-10-24},
	journal = {Revista Q},
	author = {Tagliapietra, A. C. and Gómez, M. G. and Balderas, M.},
	month = jun,
	year = {2017},
	pages = {1--20},
}

@article{telleria_educacion_2004,
	title = {Educación y nuevas tecnologías. {Educación} a {Distancia} y {Educación} {Virtual}},
	issn = {1316-9505,},
	url = {https://www.redalyc.org/articulo.oa?id=65200912},
	number = {9},
	urldate = {2022-11-18},
	journal = {Revista de Teoría y Didáctica de las Ciencias Sociales},
	author = {Tellería, María Begoña},
	year = {2004},
	keywords = {Educación a distancia, educación virtual, nuevas tecnologías, formación
profesional, distance learning, virtual education, new technologies, professional training, Enseignement à Distance, enseignement virtuel, nouvelles technologies, formation professionnelle},
	pages = {209--222},
}

@book{unesco_estandares_2008,
	address = {Londres},
	title = {Estándares de competencias {TIC} para docentes},
	publisher = {UNESCO},
	author = {{UNESCO}},
	year = {2008},
}

@article{valerio_urena_competencias_2012,
	title = {Competencias informáticas para el e-learning 2.0},
	volume = {14},
	issn = {1390-3306, 1138-2783},
	url = {http://revistas.uned.es/index.php/ried/article/view/806},
	doi = {10.5944/ried.1.14.806},
	number = {1},
	urldate = {2022-11-18},
	journal = {RIED. Revista Iberoamericana de Educación a Distancia},
	author = {Valerio Ureña, Gabriel and Valenzuela González, Jaime Ricardo},
	month = sep,
	year = {2012},
}

@article{van_laer_search_2017,
	title = {In search of attributes that support self-regulation in blended learning environments},
	volume = {22},
	issn = {1360-2357, 1573-7608},
	url = {http://link.springer.com/10.1007/s10639-016-9505-x},
	doi = {10.1007/s10639-016-9505-x},
	number = {4},
	urldate = {2022-11-18},
	journal = {Education and Information Technologies},
	author = {Van Laer, Stijn and Elen, Jan},
	month = jul,
	year = {2017},
	pages = {1395--1454},
}

@incollection{verdun_educacion_2016,
	address = {Córdoba},
	title = {Educación virtual y sus configuraciones emergentes: {Notas} acerca del e-learning, b-learning y m-learning},
	booktitle = {Háblame de {TIC}},
	publisher = {Editorial Brujas},
	author = {Verdún, N.},
	editor = {Casillas, M. A. and Ramírez, A.},
	year = {2016},
	pages = {667--88},
}

@book{vohs_handbook_2016,
	address = {New York},
	title = {Handbook of self-regulation: research, theory, and applications},
	publisher = {Guilford Press},
	editor = {Vohs, Kathleen D. and Baumeister, Roy F.},
	year = {2016},
	keywords = {Self-control},
}