@incollection{zimmerman2000attaining,
    title         = {Attaining {Self}-{Regulation}},
    author        = {Zimmerman, Barry J.},
    year          = {2000},
    booktitle     = {Handbook of {Self}-{Regulation}},
    publisher     = {Elsevier},
    pages         = {13--39},
    doi           = {10.1016/B978-012109890-2/50031-7},
    isbn          = {9780121098902},
    url           = {https://linkinghub.elsevier.com/retrieve/pii/B9780121098902500317},
    urldate       = {2023-09-01},
}

@article{mayer2003promise,
    title         = {The promise of multimedia learning: using the same instructional design methods across different media},
    author        = {Mayer, Richard},
    year          = {2003},
    journal       = {Learning and instruction},
    volume        = {13},
    number        = {2},
    pages         = {125--139},
    doi           = {https://doi.org/10.1016/s0959-4752(02)00016-6},
}

@article{holtgraves2004social,
    title         = {Social desirability and self-reports: Testing models of socially desirable responding},
    author        = {Holtgraves, Thomas},
    year          = {2004},
    journal       = {Personality and Social Psychology Bulletin},
    volume        = {30},
    number        = {2},
    pages         = {161--172},
    doi           = {https://doi.org/10.1177/0146167203259930},
}

@article{dignath2008components,
    title         = {Components of fostering self-regulated learning among students. A meta-analysis on intervention studies at primary and secondary school level},
    author        = {Dignath, Charlotte and B{\"u}ttner, Gerhard},
    year          = {2008},
    journal       = {Metacognition and learning},
    volume        = {3},
    pages         = {231--264},
    doi           = {https://doi.org/10.1007/s11409-008-9029},
}

@inproceedings{williams2009user,
    title         = {User-centered design, activity-centered design, and goal-directed design: a review of three methods for designing web applications},
    author        = {Williams, Ashley},
    year          = {2009},
    booktitle     = {Proceedings of the 27th ACM international conference on Design of communication},
    pages         = {1--8},
    doi           = {https://doi.org/10.1145/1621995.1621997},
}

@article{conn2012unpacking,
    title         = {Unpacking the black box: countering the problem of inadequate intervention descriptions in research reports},
    author        = {Conn, Vicki},
    year          = {2012},
    journal       = {Western Journal of Nursing Research},
    volume        = {34},
    number        = {4},
    pages         = {427--433},
    doi           = {https://doi.org/10.1177/0193945911434627},
}

@article{palomares2012inadequate,
    title         = {Inadequate description of educational interventions in ongoing randomized controlled trials},
    author        = {Pino, C{\'e}cile and Boutron, Isabelle and Ravaud, Philippe},
    year          = {2012},
    journal       = {Trials},
    volume        = {13},
    number        = {1},
    pages         = {1--8},
    doi           = {https://doi.org/10.1186/1745-6215-13-63},
}

@article{dignath2015fostering,
    title         = {Fostering self-regulated learning among students by means of an electronic learning diary: A training experiment},
    author        = {Dignath-van Ewijk, Charlotte and Fabriz, Sabine and B{\"u}ttner, Gerhard},
    year          = {2015},
    journal       = {Journal of Cognitive Education and Psychology},
    volume        = {14},
    number        = {1},
    pages         = {77--97},
    doi           = {https://doi.org/10.1891/1945-8959.14.1.77},
}

@article{moher2015preferred,
    title         = {Preferred reporting items for systematic review and meta-analysis protocols (PRISMA-P) 2015 statement},
    author        = {Moher, David and Shamseer, Larissa and Clarke, Mike and Ghersi, Davina and Liberati, Alessandro and Petticrew, Mark and Shekelle, Paul and Stewart, Lesley A},
    year          = {2015},
    journal       = {Systematic Reviews},
    volume        = {4},
    number        = {1},
    pages         = {1--9},
    doi           = {https://doi.org/10.1136/bmj.g7647},
}

@article{bellhauser2016applying,
    title         = {Applying a web-based training to foster self-regulated learning--Effects of an intervention for large numbers of participants},
    author        = {Bellh{\"a}user, Henrik and L{\"o}sch, Thomas and Winter, Charlotte and Schmitz, Bernhard},
    year          = {2016},
    journal       = {The Internet and Higher Education},
    volume        = {31},
    pages         = {87--100},
}

@article{dent2016relation,
    title         = {The relation between self-regulated learning and academic achievement across childhood and adolescence: A meta-analysis},
    author        = {Dent, Amy L and Koenka, Alison C},
    year          = {2016},
    journal       = {Educational Psychology Review},
    volume        = {28},
    number        = {3},
    pages         = {425--474},
    doi           = {https://doi.org/10.1007/s10648-015-9320-8},
}

@article{jansen2016fostering,
    title         = {Fostering self-regulated learning in a blended environment using group awareness and peer assistance as external scaffolds},
    author        = {Jansen, Ren\'{e}e and Van Leeuwen, Anouschka and Janssen, Jeroen and Jak, Suzanne and Lin, Jian and Lai, Y-C and Lai, Y-C and Chang, L-C},
    year          = {2016},
    journal       = {Journal of Computer Assisted Learning},
    volume        = {32},
    number        = {1},
    pages         = {77--93},
    doi           = {https://doi.org/10.1111/jcal.12120},
}

@article{bernardo2017meta,
    title         = {El meta-an{\'a}lisis: una metodolog{\'\i}a para la investigaci{\'o}n en educaci{\'o}n},
    author        = {Bernardo, Ana and Esteban, Mar\'{\i}a and Cervero, Antonio and Cerezo, Rebeca and Botella, Juan and Zamora, {\'A}ngela},
    year          = {2017},
    journal       = {Educaci{\'o}n XXI},
    volume        = {20},
    number        = {2},
    pages         = {17--38},
    doi           = {https://doi.org/10.5944/educXX1.18241},
}

@article{ergen2017effect,
    title         = {The effect of self-regulated learning strategies on academic achievement: A meta-analysis study},
    author        = {Ergen, Binnur and Kanadli, Sedat},
    year          = {2017},
    journal       = {Eurasian Journal of Educational Research},
    volume        = {17},
    number        = {69},
    pages         = {55--74},
    doi           = {https://doi.org/10.14689/ejer.2017.69.4},
}

@article{neira2017emerging,
    title         = {Emerging technologies (ETs) in education: A systematic review of the literature published between 2006 and 2016},
    author        = {Neira, Edgar and Salinas, Jesus and Crosetti, Barbara},
    year          = {2017},
    journal       = {International Journal of Emerging Technologies in Learning},
    volume        = {12},
    number        = {5},
    pages         = {128--149},
    doi           = {https://doi.org/10.3991/ijet.v12i05.6939},
}

@article{stanley2018meta,
    title         = {What meta-analyses reveal about the replicability of psychological research.},
    author        = {Stanley, Tom D and Carter, Evan C and Doucouliagos, Hristos},
    year          = {2018},
    journal       = {Psychological Bulletin},
    volume        = {144},
    number        = {12},
    pages         = {1325--1346},
    doi           = {https://doi.org/10.1037/bul0000169},
}

@article{viberg2018current,
    title         = {The current landscape of learning analytics in higher education},
    author        = {Viberg, Olga and Hatakka, Mathias and B{\"a}lter, Olof and Mavroudi, Anna},
    year          = {2018},
    journal       = {Computers in human behavior},
    volume        = {89},
    pages         = {98--110},
    doi           = {https://doi.org/10.1016/j.chb.2018.07.027},
}

@article{garzon2019systematic,
    title         = {Systematic review and meta-analysis of augmented reality in educational settings},
    author        = {Garz{\'o}n, Juan and Pav{\'o}n, Juan and Baldiris, Silvia},
    year          = {2019},
    journal       = {Virtual Reality},
    volume        = {23},
    number        = {4},
    pages         = {447--459},
    doi           = {https://doi.org/10.1007/s10055-019-00379-9},
}

@article{oliveira2019emerging,
    title         = {Emerging technologies as pedagogical tools for teaching and learning science: A literature review},
    author        = {Oliveira, Alandeom and Feyzi Behnagh, Reza and Ni, Lijun and Mohsinah, Arwa A and Burgess, Kewsi J and Guo, Li},
    year          = {2019},
    journal       = {Human Behavior and Emerging Technologies},
    volume        = {1},
    number        = {2},
    pages         = {149--160},
    doi           = {https://doi.org/10.1002/hbe2.141},
}

@article{wong2019supporting,
    title         = {Supporting self-regulated learning in online learning environments and MOOCs: A systematic review},
    author        = {Wong, Jacqueline and Baars, Martine and Davis, Dan and Van Der Zee, Tim and Houben, Geert-Jan and Paas, Fred},
    year          = {2019},
    journal       = {International Journal of Human--Computer Interaction},
    volume        = {35},
    number        = {4-5},
    pages         = {356--373},
    doi           = {https://doi.org/10.1080/10447318.2018.1543084},
}

@article{huang_impact_2020,
    title         = {The impact of gamification in educational settings on student learning outcomes: a meta-analysis},
    author        = {Huang, Rui and Ritzhaupt, Albert D. and Sommer, Max and Zhu, Jiawen and Stephen, Anita and Valle, Natercia and Hampton, John and Li, Jingwei},
    year          = {2020},
    month         = aug,
    journal       = {Educational Technology Research and Development},
    volume        = {68},
    number        = {4},
    pages         = {1875--1901},
    doi           = {10.1007/s11423-020-09807-z},
    issn          = {1042-1629, 1556-6501},
    url           = {https://link.springer.com/10.1007/s11423-020-09807-z},
    urldate       = {2023-09-01},
}

@article{broadbent2020effects,
    title         = {Effects of mobile-app learning diaries vs online training on specific self-regulated learning components},
    author        = {Broadbent, Jaclyn and Panadero, Ernesto and Fuller-Tyszkiewicz, Matthew},
    year          = {2020},
    journal       = {Educational Technology Research and Development},
    volume        = {68},
    pages         = {2351--2372},
}

@article{dorouka2020tablets,
    title         = {Tablets and apps for promoting robotics, mathematics, STEM education and literacy in early childhood education},
    author        = {Dorouka, Pandora and Papadakis, Stamatis and Kalogiannakis, Michail},
    year          = {2020},
    journal       = {International Journal of Mobile Learning and Organisation},
    volume        = {14},
    number        = {2},
    pages         = {255--274},
    doi           = {https://doi.org/10.1504/IJMLO.2020.106179},
}

@article{matcha2020systematic,
    title         = {A systematic review of empirical studies on learning analytics dashboards: A self-regulated learning perspective},
    author        = {Matcha, Wannisa and Ga{\v{s}}evi{\'c}, Dragan and Pardo, Abelardo and others},
    year          = {2020},
    journal       = {Transactions on learning technologies},
    volume        = {13},
    number        = {2},
    pages         = {226--245},
    doi           = {https://doi.org/10.1109/TLT.2019.2916802},
}

@article{saez2020impacto,
    title         = {Impacto de un programa intracurricular sobre la disposici{\'o}n al estudio en universitarios},
    author        = {S{\'a}ez-Delgado, Fabiola and D{\'\i}az-Mujica, Alejandro E and Bustos, Claudio E and P{\'e}rez-Villalobos, Mar{\'\i}a V},
    year          = {2020},
    journal       = {Formaci{\'o}n Universitaria},
    volume        = {13},
    number        = {4},
    pages         = {101--110},
    doi           = {https://doi.org/10.4067/S0718-50062020000400101},
}

@article{van2020new,
    title         = {New ways in fostering self-regulated learning at university: How effective are web-based courses when compared to regular attendance-based courses?},
    author        = {Van Der Beek, Sophie and Bellh{\"a}user, Henrik and Karlen, Yves and Hertel, Silke},
    year          = {2020},
    journal       = {Zeitschrift f{\"u}r P{\"a}dagogische Psychologie},
    volume        = {34},
    number        = {2},
    pages         = {117--129},
    doi           = {https://doi.org/10.1024/1010-0652/a000254},
}

@article{viberg2020mobile,
    title         = {Mobile-assisted language learning through learning analytics for self-regulated learning (MALLAS): A conceptual framework},
    author        = {Viberg, Olga and Wasson, Barbara and Kukulska-Hulme, Agnes},
    year          = {2020},
    journal       = {Australasian Journal of Educational Technology},
    volume        = {36},
    number        = {6},
    pages         = {34--52},
    doi           = {https://doi.org/10.14742/AJET.6494},
}

@article{lobos2021design,
    title         = {Design, validity and effect of an intra-curricular program for facilitating self-regulation of learning competences in university students with the support of the 4planning app},
    author        = {Lobos, Karla and S{\'a}ez-Delgado, Fabiola and Bruna, Daniela and Cobo-Rend{\'o}n, Rubia and D{\'\i}az-Mujica, Alejandro},
    year          = {2021},
    journal       = {Education Sciences},
    volume        = {11},
    number        = {8},
    pages         = {1--16},
    doi           = {https://doi.org/10.3390/educsci11080449},
}

@article{saez2021association,
    title         = {Association between self-regulation of learning, forced labor insertion, technological barriers, and dropout intention in Chile},
    author        = {S{\'a}ez-Delgado, Fabiola and Mella-Norambuena, Javier and L{\'o}pez-Angulo, Yaranay and Olea-Gonz{\'a}lez, Constanza and Garc{\'\i}a-V{\'a}squez, H{\'e}ctor and Porter, B{\'a}rbara},
    year          = {2021},
    booktitle     = {Frontiers in Education},
    volume        = {6},
    pages         = {1--10},
    doi           = {https://doi.org/10.3389/feduc.2021.801865},
}

@article{alhalafawy2022has,
    title         = {How has gamification within digital platforms affected self-regulated learning skills during the COVID-19 pandemic? Mixed-methods research},
    author        = {Alhalafawy, Waleed Salim and Zaki, Marwa Zaki Tawfiq},
    year          = {2022},
    journal       = {International Journal of Emerging Technologies in Learning (Online)},
    volume        = {17},
    number        = {6},
    pages         = {123--151},
}

@article{bransen2022putting,
    title         = {Putting self-regulated learning in context: Integrating self-, co-, and socially shared regulation of learning},
    author        = {Bransen, Derk and Govaerts, Marjan JB and Panadero, Ernesto and Sluijsmans, Dominique MA and Driessen, Erik W},
    year          = {2022},
    journal       = {Medical Education},
    volume        = {56},
    number        = {1},
    pages         = {29--36},
    doi           = {https://doi.org/10.1111/medu.14566},
}

@article{buckley2022estimating,
    title         = {Estimating the replicability of technology education research},
    author        = {Buckley, Jeffrey and Hyland, Tom{\'a}s and Seery, Niall},
    year          = {2022},
    journal       = {International Journal of Technology and Design Education},
    volume        = {1},
    number        = {8},
    pages         = {1--23},
    doi           = {https://doi.org/10.1007/s10798-022-09787-6},
}

@article{carrion2022effects,
    title         = {Effects of online strategies on students' learning performance, self-efficacy, self-regulation and critical thinking in university online courses},
    author        = {Carri\'{o}n-Mart\'{\i}nez, Jos\'{e} and Luque-de la Rosa, Antonio and Fern\'{a}ndez-Chang, Ching-Yi and Panjaburee, Patcharin and Lin, Hui-Chen and Lai, Chiu-Lin and Hwang, Gwo-Haur},
    year          = {2022},
    journal       = {Educational Technology Research and Development},
    volume        = {70},
    number        = {1},
    pages         = {185--204},
    doi           = {https://doi.org/10.1007/s11423-021-10071-y},
}

@article{rojas2022analysis,
    title         = {The analysis of educational interventions with video games in secondary education: a systematic review},
    author        = {Rojas-Garc{\'\i}a, Paula and S{\'a}ez-Delgado, Fabiola and Badilla-Quintana, Mar{\'\i}a Graciela and Jim{\'e}nez-P{\'e}rez, Laura},
    year          = {2022},
    journal       = {Texto Livre},
    volume        = {15},
    pages         = {1--20},
    doi           = {https://doi.org/10.35699/1983-3652.2022.37810},
}

@article{saez2023invariant,
    title         = {Invariant and suboptimal trajectories of self-regulated learning during secondary school: implications focused on quality in higher education},
    author        = {S{\'a}ez-Delgado, Fabiola and Mella-Norambuena, Javier and L{\'o}pez-Angulo, Yaranay and S{\'a}ez, Yenniffer and Le{\'o}n-Ron, Ver{\'o}nica},
    year          = {2023},
    journal       = {Frontiers in Psychology},
    volume        = {14},
    pages         = {1--12},
    doi           = {https://doi.org/10.3389/fpsyg.2023.1235846},
}
