@inproceedings{merkle1980protocols,
    title         = {Protocols for public key cryptosystems},
    author        = {Merkle, Ralph C},
    year          = {1980},
    booktitle     = {1980 IEEE symposium on security and privacy},
    pages         = {122--122},
    organization  = {Ieee},
}

@misc{urna-1996,
    title         = {Biblioteca da Justiça Eleitoral - Urna eletrônica: Modelo UE 1996},
    author        = {Tse},
    year          = {1996},
    howpublished  = {Disponível em {https://bibliotecadigital.tse.jus.br/xmlui/handle/bdtse/711}. Acessado em Outubro 2022.},
}

@article{gritzalis2002principles,
    title         = {Principles and requirements for a secure e-voting system},
    author        = {Gritzalis, Dimitris A},
    year          = {2002},
    journal       = {Computers \& Security},
    publisher     = {Elsevier},
    volume        = {21},
    number        = {6},
    pages         = {539--556},
}

@book{gil2002elaborar,
    title         = {Como elaborar projetos de pesquisa},
    author        = {Gil, Antonio Carlos and others},
    year          = {2002},
    publisher     = {Atlas S{\~a}o Paulo},
    volume        = {4},
}

@inproceedings{kohno2004analysis,
    title         = {Analysis of an electronic voting system},
    author        = {Kohno, Tadayoshi and Stubblefield, Adam and Rubin, Aviel D and Wallach, Dan S},
    year          = {2004},
    booktitle     = {IEEE Symposium on Security and Privacy, 2004. Proceedings. 2004},
    pages         = {27--40},
    organization  = {Ieee},
}

@book{kersting2004electronic,
    title         = {Electronic voting and democracy: a comparative analysis},
    author        = {Kersting, Norbert and Baldersheim, Harald},
    year          = {2004},
    publisher     = {Springer},
}

@inproceedings{rodrigues2006voting,
    title         = {E-voting in Brazil-the risks to democracy},
    author        = {Rodrigues-Filho, Jos{\'e} and Cynthia J, Alexander and Batista, Luciano C},
    year          = {2006},
    booktitle     = {Electronic Voting 2006--2nd International Workshop, Co-organized by Council of Europe, ESF TED, IFIP WG 8.6 and E-Voting. CC},
    organization  = {Gesellschaft f{\"u}r Informatik eV},
}

@article{narrativa-sistematica,
    title         = {Revisão sistemática X revisão narrativa},
    author        = {Edna Terezinha Rother},
    year          = {2007},
    publisher     = {SciELO Brasil},
}

@article{nakamoto2008bitcoin,
    title         = {Bitcoin: A peer-to-peer electronic cash system},
    author        = {Nakamoto, Satoshi},
    year          = {2008},
    journal       = {Decentralized Business Review},
    pages         = {21260},
}

@article{gronke2008convenience,
    title         = {Convenience voting},
    author        = {Gronke, Paul and Galanes-Rosenbaum, Eva and Miller, Peter A and Toffey, Daniel},
    year          = {2008},
    journal       = {Annu. Rev. Polit. Sci.},
    publisher     = {Annual Reviews},
    volume        = {11},
    pages         = {437--455},
}

@article{rivest2008notion,
    title         = {On the notion of ‘software independence’in voting systems},
    author        = {Rivest, Ronald L},
    year          = {2008},
    journal       = {Philosophical Transactions of the Royal Society A: Mathematical, Physical and Engineering Sciences},
    publisher     = {The Royal Society London},
    volume        = {366},
    number        = {1881},
    pages         = {3759--3767},
}

@article{figueiredo2011requisitos,
    title         = {Requisitos funcionais e requisitos n{\~a}o funcionais},
    author        = {Figueiredo, Eduardo},
    year          = {2011},
    journal       = {Icex, Dcc/Ufmg},
}

@article{sommerville2011engenharia,
    title         = {Engenharia de software, 9a},
    author        = {Sommerville, Ian},
    year          = {2011},
    journal       = {S{\~a}o Palo, SP, Brasil},
    pages         = {63},
}

@misc{aranha2013vulnerabilidades,
    title         = {Vulnerabilidades no software da urna eletr{\^o}nica brasileira},
    author        = {Aranha, Diego F and Karam, Marcelo Monte and de Miranda, Andr{\'e} and Scarel, Felipe},
    year          = {2013},
    howpublished  = {Disponível em {https://lasca.ic.unicamp.br/media/publications/relatorio-urna.pdf}. Acessado em Outubro de 2022.},
}

@misc{brunazo2016modelos,
    title         = {Modelos e Gera{\c{c}}{\~o}es dos equipamentos de vota{\c{c}}{\~a}o eletr{\^o}nica},
    author        = {Brunazo, Am{\'\i}lcar},
    year          = {2014},
    howpublished  = {Disponível em {http://www.brunazo.eng.br/voto-e/textos/modelosUE.htm}. Acessado em Outubro 2022.},
}

@misc{tipos-revisao-literatura,
    title         = {Tipos De Revisão De Literatura},
    author        = {Unesp},
    year          = {2015},
    publisher     = {Biblioteca Prof. Paulo de Carvalho Mattos, Faculdade de Ciências Agronômicas, UNESP Campus Botucatu},
    howpublished  = {Disponível em {https://www.fca.unesp.br/Home/Biblioteca/tipos-de-evisao-de-literatura.pdf}. Acesso Novembro 2022},
}

@article{gibson2016review,
    title         = {A review of e-voting: the past, present and future},
    author        = {Gibson, J Paul and Krimmer, Robert and Teague, Vanessa and Pomares, Julia},
    year          = {2016},
    journal       = {Annals of Telecommunications},
    publisher     = {Springer},
    volume        = {71},
    number        = {7},
    pages         = {279--286},
}

@article{ferenhof2016desmistificando,
    title         = {Desmistificando a revis{\~a}o de literatura como base para reda{\c{c}}{\~a}o cient{\'\i}fica: m{\'e}todo SSF},
    author        = {Ferenhof, Helio Aisenberg and Fernandes, Roberto Fabiano},
    year          = {2016},
    journal       = {Revista ACB},
    publisher     = {S{\~a}o Jos{\'e}, SC},
    volume        = {21},
    number        = {3},
    pages         = {550--563},
}

@inproceedings{mingxiao2017review,
    title         = {A review on consensus algorithm of blockchain},
    author        = {Mingxiao, Du and Xiaofeng, Ma and Zhe, Zhang and Xiangwei, Wang and Qijun, Chen},
    year          = {2017},
    booktitle     = {2017 IEEE international conference on systems, man, and cybernetics (SMC)},
    pages         = {2567--2572},
    organization  = {Ieee},
}

@book{dannen2017introducing,
    title         = {Introducing Ethereum and solidity},
    author        = {Dannen, Chris},
    year          = {2017},
    publisher     = {Springer},
    volume        = {1},
}

@article{peck2017blockchain,
    title         = {Blockchain world-Do you need a blockchain? This chart will tell you if the technology can solve your problem},
    author        = {Peck, Morgen E},
    year          = {2017},
    journal       = {IEEE Spectrum},
    publisher     = {Ieee},
    volume        = {54},
    number        = {10},
    pages         = {38--60},
}

@misc{picchia,
    title         = {As urnas são vulneraveis},
    author        = {Picchia, Walter del},
    year          = {2018},
    publisher     = {Jornal da USP},
    howpublished  = {Disponível em {https://jornal.usp.br/artigos/as-urnas-brasileiras-sao-vulneraveis}. Acessado em Outubro 2022.},
}

@inproceedings{hjalmarsson2018blockchain,
    title         = {Blockchain-based e-voting system},
    author        = {Hj{\'a}lmarsson, Fri{\dh}rik {\TH} and Hrei{\dh}arsson, Gunnlaugur K and Hamdaqa, Mohammad and Hj{\'a}lmt{\`y}sson, G{\'\i}sli},
    year          = {2018},
    booktitle     = {2018 IEEE 11th international conference on cloud computing (CLOUD)},
    pages         = {983--986},
    organization  = {Ieee},
}

@article{silvapassos2018,
    title         = {A Segurança da democracia e a blockchain},
    author        = {Silva, Matheus Passos},
    year          = {2018},
    journal       = {Revista Projeção, Direito e Sociedade},
    publisher     = {Social Science Research Network},
    volume        = {9},
}

@article{lacerda2019estudo,
    title         = {Estudo sobre infraestruturas seguras de vota{\c{c}}{\~a}o utilizando Blockchain},
    author        = {Lacerda, Matheus Miranda},
    year          = {2019},
}

@article{sepulvida2019estudo,
    title         = {Um estudo sobre o uso da tecnologia Blockchain para vota{\c{c}}{\~a}o eletr{\^o}nica},
    author        = {Sep{\'u}lvida, Felipe Rabelo and Paiva, Cl{\'a}udio Eduardo},
    year          = {2019},
    journal       = {Revista EduFatec: educa{\c{c}}{\~{a}}o, tecnologia e gest{\~{a}}o},
    volume        = {2},
    number        = {1},
    url           = {https://ric.cps.sp.gov.br/handle/123456789/5066},
}

@article{aranha2019return,
    title         = {The return of software vulnerabilities in the Brazilian voting machine},
    author        = {Aranha, Diego F and Barbosa, Pedro YS and Cardoso, Thiago NC and Ara{\'u}jo, Caio L{\"u}ders and Matias, Paulo},
    year          = {2019},
    journal       = {Computers \& Security},
    publisher     = {Elsevier},
    volume        = {86},
    pages         = {335--349},
}

@article{ferrao2019urnas,
    title         = {Urnas Eletr{\^o}nicas no Brasil: linha do tempo, evolu{\c{c}}{\~a}o e falhas e desafios de seguran{\c{c}}a},
    author        = {Ferr{\~a}o, Isadora Garcia and Chervinski, Jo{\~a}o Ot{\'a}vio and da Silva, Sherlon Almeida and Kreutz, Diego and Immich, Roger and Kepler, F{\'a}bio and da Rosa Righi, Rodrigo},
    year          = {2019},
    journal       = {Revista Brasileira de Computa{\c{c}}{\~a}o Aplicada},
    volume        = {11},
    number        = {2},
    pages         = {1--12},
}

@article{thompson2019projeto,
    title         = {Projeto b-CPF e b-CNPJ--Blockchain das bases de cadastro fiscal},
    author        = {Thompson, Ronald Cesar},
    year          = {2019},
    journal       = {18{\textordmasculine} Pr{\^e}mio Criatividade \& Inova{\c{c}}{\~a}o da RFB-Relato de Iniciativa},
    number        = {107},
}

@misc{tse-urna,
    title         = {Urna eletrônica: segurança, integridade e transparência nas eleições},
    author        = {Tse},
    year          = {2020},
    howpublished  = {Disponível em {https://www.tse.jus.br/comunicacao/noticias/2020/Novembro/urna-eletronica-seguranca- integridade-e-transparencia-nas-eleicoes}. Acessado em Outubro 2022.},
}

@inproceedings{cadiz2021empirical,
    title         = {An Empirical Analysis Of Using Blockchain Technology In E-Voting Systems},
    author        = {Cadiz, Jayson V and Mariscal, Nicole Amber M and Ceniza-Canillo, Angie M},
    year          = {2021},
    booktitle     = {2021 1st International Conference in Information and Computing Research (iCORE)},
    pages         = {78--83},
    organization  = {Ieee},
}

@article{machado2021vulnerabilidade,
    title         = {Vulnerabilidade da urna eletr{\^o}nica: mecanismos de seguran{\c{c}}a e transpar{\^e}ncia para garantia da lisura no processo de vota{\c{c}}{\~a}o},
    author        = {{Machado Filho}, Wagner Pereira},
    year          = {2021},
    publisher     = {Monografia (graduação em Direito) – Departamento em Direito, Centro de Ciências Sociais Aplicadas, Universidade Federal de Sergipe, São Cristóvão, SE,},
}

@misc{aranha-2021,
    title         = {'Não há evidência de fraude': Diego Aranha, professor defensor do voto impresso, rebate discurso bolsonarista},
    author        = {Aranha, Diego},
    year          = {2021},
    publisher     = {BBC News Brasil},
    howpublished  = {Disponível em {https://www.bbc.com/portuguese/brasil-58152337}. Acessado em Outubro 2022.},
}

@misc{jusTPS,
    title         = {o que é TPS?},
    author        = {Justiça Eleitoral},
    year          = {2021},
    howpublished  = {Disponível em {https://www.justicaeleitoral.jus.br/tps/#sobre-tps}. Acessado em Outubro 2022.},
}

@article{fornasier2022democracia,
    title         = {A democracia e a tecnologia blockchain},
    author        = {Fornasier, Mateus de Oliveira},
    year          = {2022},
    journal       = {Sequ{\^e}ncia (Florian{\'o}polis)},
    publisher     = {SciELO Brasil},
    volume        = {42},
}

@misc{urna-2020,
    title         = {Conheça os seis modelos de urnas eletrônicas das Eleições 2022},
    author        = {Tse},
    year          = {2022},
    howpublished  = {Disponível em {https://www.tse.jus.br/comunicacao/noticias/2022/Setembro/conheca-os-seis-modelos-de-urnas-eletronicas-das-eleicoes-2022}. Acessado em Outubro 2022.},
}

@article{vitasek2022walmart,
    title         = {How Walmart Canada uses blockchain to solve supply-chain challenges},
    author        = {Vitasek, K and Bayliss, J and Owen, L and Srivastava, N},
    year          = {2022},
    journal       = {Harvard Business Review.< https://hbr. o r g/2022/01/how-walmart-canada-uses-blockchain-to-solve-supply-chain-challe n ges},
}

@misc{ufs-calendario,
    title         = {Calendários Acadêmicos - São Cristóvão},
    author        = {Ufs},
    year          = {2022},
    howpublished  = {Disponível em {https://presencial.ufs.br/conteudo/20082-calendarios-academicos-sao-cristovao}. Acesso Novembro 2022},
}

@article{9812616,
    title         = {Analysis of Blockchain Solutions for E-Voting: A Systematic Literature Review},
    author        = {Benabdallah, Ali and Audras, Antoine and Coudert, Louis and El Madhoun, Nour and Badra, Mohamad},
    year          = {2022},
    journal       = {IEEE Access},
    volume        = {10},
    pages         = {70746--70759},
    doi           = {10.1109/access.2022.3187688},
    keywords      = {Electronic voting;Blockchains;Authentication;Smart contracts;Scalability;Resistance;Privacy;Authentication;blockchain;e-voting;privacy;security;smart-contracts;transparency},
}

@article{Soares_Vasconcelos_2023,
    title         = {Uma proposta de arquitetura distribuída para votação eletrônica},
    author        = {Soares, João Marcos and Vasconcelos, Rafael Oliveira},
    year          = {2023},
    month         = {4},
    journal       = {Texto Livre},
    volume        = {16},
    pages         = {e42204},
    doi           = {10.1590/1983-3652.2023.42204},
    url           = {https://periodicos.ufmg.br/index.php/textolivre/article/view/42204},
    place         = {Belo Horizonte-MG},
}

@misc{enwiki:1159724280,
    title         = {Merkle tree --- {Wikipedia}{,} The Free Encyclopedia},
    author        = {{Wikipedia}},
    year          = {2023},
    url           = {https://en.wikipedia.org/w/index.php?title=Merkle_tree&oldid=1159724280},
    note          = {[Online, acessado em Junho-2023]},
}

@article{10061373,
    title         = {E-Voting Meets Blockchain: A Survey},
    author        = {Vladucu, Maria-Victoria and Dong, Ziqian and Medina, Jorge and Rojas-Cessa, Roberto},
    year          = {2023},
    journal       = {IEEE Access},
    volume        = {11},
    pages         = {23293--23308},
    doi           = {10.1109/access.2023.3253682},
    keywords      = {Blockchains;Electronic voting;Peer-to-peer computing;Consensus algorithm;Privacy;Government;Security;Blockchain;consensus;e-voting;government;industry;security;survey;transparency},
}

@inproceedings{10.1007/978-981-19-1976-3_18,
    title         = {Secure Electronic Voting (E-voting) System Based on Blockchain on Various Platforms},
    author        = {Varaprasada Rao, K. and Panda, Sandeep Kumar},
    year          = {2023},
    booktitle     = {Computer Communication, Networking and IoT},
    publisher     = {Springer Nature Singapore},
    address       = {Singapore},
    pages         = {143--151},
    isbn          = {978-981-19-1976-3},
    editor        = {Satapathy, Suresh Chandra and Lin, Jerry Chun-Wei and Wee, Lai Khin and Bhateja, Vikrant and Rajesh, T. M.},
}

@article{electronics13010017,
    title         = {Blockchain-Based E-Voting Systems: A Technology Review},
    author        = {Hajian Berenjestanaki, Mohammad and Barzegar, Hamid R. and El Ioini, Nabil and Pahl, Claus},
    year          = {2024},
    journal       = {Electronics},
    volume        = {13},
    number        = {1},
    doi           = {10.3390/electronics13010017},
    issn          = {2079-9292},
    url           = {https://www.mdpi.com/2079-9292/13/1/17},
    article-number = {17},
}

@article{Tanwar2024,
    title         = {Implementation of blockchain-based e-voting system},
    author        = {Tanwar, Sarvesh and Gupta, Neelam and Kumar, Prashant and Hu, Yu-Chen},
    year          = {2024},
    month         = {1},
    day           = {01},
    journal       = {Multimedia Tools and Applications},
    volume        = {83},
    number        = {1},
    pages         = {1449--1480},
    doi           = {10.1007/s11042-023-15401-1},
    issn          = {1573-7721},
    url           = {https://doi.org/10.1007/s11042-023-15401-1},
}
