@INPROCEEDINGS{Costa2021,
%author = {Giannina Costa, Juan Felipe Calderon, David Ruete, Danilo Leal, and, Lilian Pamela San Martin Medina},
author = {Costa, G., and Calderon, J., and Ruete, D., and Leal, D. and San Martin, L.},
title = {Relationship Between Guided Interactive Activities and Self-concept in Engineering Students},
booktitle = {2021 ASEE Virtual Annual Conference Content Access},
year = {2021},
month = {July},
address = {Virtual Conference},
publisher = {ASEE Conferences},
url = {https://peer.asee.org/37656},
urldate = {2022-10-05},
}

@misc{Futuro2020,
author={Mifuturo},
title={{Brechas de g{\'{e}}nero en la educaci{\'{o}}n superior}},
url = {https://.mifuturo.cl/wp-content/uploads/2021/02/Brechas-de-genero-en-educacion-superior_SIES_2020.pdf},
urldate = {2022-04-05},
year = {2022}
}


@article{Sinclair2019,
author = {Sinclair, S. and Nilsson, A. and Cedersk{\"{a}}r, E.},
doi = {10.1016/j.jvb.2018.11.007},
issn = {00018791},
journal = {Journal of Vocational Behavior},
title = {{Explaining gender-typed educational choice in adolescence: The role of social identity, self-concept, goals, grades, and interests}},
volume = {110},
year = {2019}
}

@article{Lewis2017,
	title = {Fitting in to {Move} {Forward}: {Belonging}, {Gender}, and {Persistence} in the {Physical} {Sciences}, {Technology}, {Engineering}, and {Mathematics} ({pSTEM})},
	volume = {41},
	issn = {0361-6843, 1471-6402},
	url = {http://journals.sagepub.com/doi/10.1177/0361684317720186},
	doi = {10.1177/0361684317720186},
	number = {4},
	urldate = {2022-10-05},
	journal = {Psychology of Women Quarterly},
	author = {Lewis, K. L. and Stout, J. G. and Finkelstein, N. D. and Pollock, S. J. and Miyake, A. and Cohen, G. L. and Ito, T. A.},
	month = dec,
	year = {2017},
	pages = {420--436},
}

@misc{CEPAL2022,
author = {CEPAL},
booktitle = {Comisi{\'{o}}n Econ{\'{o}}mica para Am{\'{e}}rica Latina y el Caribe},
title = {{La pandemia del COVID-19 gener{\'{o}} un retroceso de m{\'{a}}s de una d{\'{e}}cada en los niveles de participaci{\'{o}}n laboral de las mujeres en la regi{\'{o}}n | Comunicado de prensa | Comisi{\'{o}}n Econ{\'{o}}mica para Am{\'{e}}rica Latina y el Caribe}},
url = {https://www.cepal.org/es/comunicados/la-pandemia-covid-19-genero-un-retroceso-mas-decada-niveles-participacion-laboral},
urldate = {2022-04-05},
year = {2022}
}


@article{Guzman2021,
author = {D. Guzm{\'{a}}n},
doi = {10.21071/IJ21CE.V8I1.13650},
issn = {2444-3921},
journal = {International Journal for 21st Century Education},
title = {Brechas de género en la educación superior en chile y su impacto en la segregación laboral. Una revisión sistemática de la literatura},
month = {12},
number = {1},
pages = {47--67},
publisher = {Cordoba University Press (UCOPress)},
url = {https://www.uco.es/ucopress/ojs/index.php/ij21ce/article/view/13650},
volume = {8},
year = {2021}
}


@misc{DiarioFinanciero2022,
author = {{Diario Financiero}, Chile},
booktitle = {Diario Financiero},
title = {{CMF alerta baja presencia femenina en las planas mayores del sector financiero: solo una de cada diez mujeres | Diario Financiero}},
url = {https://www.df.cl/mercados/bolsa-monedas/equidad-de-genero-en-altos-cargos-podria-tardar-hasta-61-anos-en-sector},
urldate = {2022-04-05},
year = {2022}
}

@inproceedings{Garcia-Holgado2019,
author = {Garc{\'{i}}a-Holgado, A. and D{\'{i}}az, A. C. and Garc{\'{i}}a-Pẽalvo, F. J.},
booktitle = {ACM International Conference Proceeding Series},
doi = {10.1145/3362789.3362902},
title = {{Engaging women into STEM in Latin America: W-STEM project}},
year = {2019}
}

@inproceedings{Bastarrica2019,
author = {Bastarrica, M. C. and Simmonds, J.},
booktitle = {Proceedings - 2019 IEEE/ACM 2nd International Workshop on Gender Equality in Software Engineering, GE 2019},
doi = {10.1109/GE.2019.00014},
title = {{Gender Differences in Self and Peer Assessment in a Software Engineering Capstone Course}},
year = {2019}
}

@inproceedings{Garcia-Holgado2020,
	address = {Porto, Portugal},
	title = {Gender equality in {STEM} programs: a proposal to analyse the situation of a university about the gender gap},
	isbn = {9781728109305},
	url = {https://ieeexplore.ieee.org/document/9125326/},
	doi = {10.1109/EDUCON45650.2020.9125326},
	urldate = {2022-10-05},
	booktitle = {2020 {IEEE} {Global} {Engineering} {Education} {Conference} ({EDUCON})},
	publisher = {IEEE},
	author = {Garcia-Holgado, A. and Mena, J. and Garcia-Penalvo, F. J. and Pascual, J. and Heikkinen, M. and Harmoinen, S. and Garcia-Ramos, L. and Penabaena-Niebles, R. and Amores, L.},
	month = apr,
	year = {2020},
	pages = {1824--1830},
}

@article{Kucuk2020,
author = {Kucuk, S. and Sisman, B.},
doi = {10.1016/j.ijcci.2020.100167},
issn = {22128689},
journal = {International Journal of Child-Computer Interaction},
title = {{Students' attitudes towards robotics and STEM: Differences based on gender and robotics experience}},
volume = {23-24},
year = {2020}
}

@misc{UNESCO2020,
author = {UNESCO},
booktitle = {Unesco},
title = {{M{\'{a}}s mujeres en ciencia, tecnolog{\'{i}}a, ingenier{\'{i}}a y matem{\'{a}}ticas mejorar{\'{i}}a el desarrollo econ{\'{o}}mico de la regi{\'{o}}n}},
url = {https://es.unesco.org/news/mas-mujeres-ciencia-tecnologia-ingenieria-y-matematicas-mejoraria-desarrollo-economico-region},
urldate = {2022-04-05},
year = {2020}
}

@misc{MinisteriodeCienciasyTecnologias2022,
author = {{Ministerio de Ciencias y Tecnolog{\'{i}}as}, Chile},
booktitle = {Ministerio de Ciencias y Tecnolog{\'{i}}a},
title = {{Web Page}},
url = {https://www.minciencia.gob.cl/},
urldate = {2022-04-05},
year = {2022}
}

@misc{InstitutoNacionaldeEstadisticas2022,
author = {{Instituto Nacional de Estad{\'{i}}sticas}, Chile},
booktitle = {Instituto Nacional de Estad{\'{i}}sticas},
title = {{Estad{\'{i}}sticas de G{\'{e}}nero – Subcomisi{\'{o}}n de Estad{\'{i}}sticas de G{\'{e}}nero (SEG)}},
url = {https://www.estadisticasdegenero.cl/},
urldate = {2022-04-05},
year = {2022}
}

@article{DelasCuevas2022,
author = {de las Cuevas, P. and Garc{\'{i}}a-Arenas, M. and Rico, N.},
doi = {10.3390/math10020239},
issn = {2227-7390},
journal = {Mathematics},
month = {jan},
number = {2},
pages = {239},
publisher = {Multidisciplinary Digital Publishing Institute},
title = {{Why Not STEM? A Study Case on the Influence of Gender Factors on Students' Higher Education Choice}},
url = {https://www.mdpi.com/2227-7390/10/2/239},
volume = {10},
year = {2022}
}

@misc{MinisteriodelaMujer2022,
author = {{Ministerio de la Mujer}, Chile},
booktitle = {Web Page},
title = {{MinMujeryEG – Ministerio de la Mujer y la Equidad de G{\'{e}}nero}},
url = {https://minmujeryeg.gob.cl/},
urldate = {2022-04-05},
year = {2022}
}

@misc{Rectores2022,
author = {Consejo de Rectores},
booktitle = {Consejo de Rectores},
title = {{Consejo de Rectores de las Universidades Chilenas}},
url = {https://www.consejoderectores.cl/en/},
urldate = {2022-04-05},
year = {2022}
}

@misc{Mujeres2021,
author = {Mujeres, ONU},
title = {{Presentaci{\'{o}}n estudio “Radiograf{\'{i}}a de las mujeres en el sector tecnol{\'{o}}gico en Chile”}},
url = {https://www.youtube.com/watch?v=Sud8OkcPRMo},
urldate = {2022-04-05},
year = {2021}
}

@article{Prendes-Espinosa2020,
author = {Prendes-Espinosa, M. P. and Garc{\'{i}}a-Tudela, P. A. and Solano-Fern{\'{a}}ndez, I. M.},
doi = {10.3916/C63-2020-01},
issn = {19883293},
journal = {Comunicar},
number = {63},
title = {{Gender equality and ICT in the context of formal education: A systematic review}},
volume = {28},
year = {2020}
}

@inproceedings{Bastarrica2018,
author = {Bastarrica, M. C. and Hitschfeld, N. and Samary, M. M. and Simmonds, J.},
booktitle = {Proceedings - International Conference on Software Engineering},
doi = {10.1145/3195570.3195576},
issn = {02705257},
title = {{Affirmative action for attracting women to STEM in Chile}},
year = {2018}
}

@article{Villasenor2020,
author = {Villase{\~{n}}or, T. and Celis, S. and Queupil, J. P. and Pinto, L. and Rojas, M.},
doi = {10.5194/adgeo-53-227-2020},
issn = {16807359},
journal = {Advances in Geosciences},
title = {{The influence of early experiences and university environment for female students choosing geoscience programs: A case study at Universidad de Chile}},
volume = {53},
year = {2020}
}

@article{McGuire2020,
author = {McGuire, L. and Mulvey, K. Lynn and Goff, E. and Irvin, M. J. and Winterbottom, M. and Fields, G. E. and Hartstone-Rose, A. and Rutland, A.},
doi = {10.1016/j.appdev.2020.101109},
issn = {01933973},
journal = {Journal of Applied Developmental Psychology},
title = {{STEM gender stereotypes from early childhood through adolescence at informal science centers}},
volume = {67},
year = {2020}
}


@article{Garcia-Holgado2020a,
author = {Garcia-Holgado, A. and Gonzalez-Gonzalez, C. S. and Peixoto, A.},
doi = {10.1109/ACCESS.2020.3007711},
issn = {21693536},
journal = {IEEE Access},
title = {{A Comparative Study on the Support in Engineering Courses: A Case Study in Brazil and Spain}},
volume = {8},
year = {2020}
}

@article{Botella2019,
author = {Botella, C. and Rueda, S. and L{\'{o}}pez-I{\~{n}}esta, E. and Marzal, P.},
doi = {10.3390/e21010030},
issn = {10994300},
journal = {Entropy},
number = {1},
title = {{Gender diversity in STEM disciplines: A multiple factor problem}},
volume = {21},
year = {2019}
}

@techreport{SuperintendenciadeEducacionSuperior2020,
author = {{Superintendencia de Educaci{\'{o}}n Superior}, Chile},
institution = {Ministerio de Educaci{\'{o}}n Chile},
pages = {14},
title = {{Brechas de g{\'{e}}nero en Educaci{\'{o}}n Superior 2020.}},
url = {https://bibliotecadigital.mineduc.cl/handle/20.500.12365/16821},
year = {2020}
}