@phdthesis{Bentes103,
  title = {Tecnologias digitais e a prática pedagógica do PROEJA, no Instituto
           Federal de Educação, Ciência e Tecnologia do Pará},
  author = {Bentes, Haroldo de Vasconcelos},
  year = {2013},
  address = {Fortaleza (CE)},
  url = {https://repositorio.ufc.br/handle/riufc/6039},
  urldate = {2023-05-12},
  school = {Universidade Federal do Ceará, Programa de Pós-graduação em Educação
            Brasileira},
  type = {Tese (Doutorado)},
}

@article{Macias-chapula1998,
  title = {O papel da informetria e da cienciometria e sua perspectiva nacional
           e internacional.},
  author = {Cesar A. Macias-Chapula},
  year = {1998},
  journal = {Ciência da Informação},
  volume = {27},
  number = {2},
  doi = {10.18225/ci.inf.v27i2.794},
  url = {https://revista.ibict.br/ciinf/article/view/794},
  urldate = {2023-04-10},
}

@article{spinak1998,
  title = {Indicadores cienciometricos},
  author = {Spinak, Ernesto},
  year = {1998},
  journal = {Ciência da Informação},
  publisher = {Ibict},
  volume = {27},
  number = {2},
  doi = {10.1590/s0100-19651998000200006},
  issn = {0100-1965},
}

@inbook{Gadotti2000,
  title = {Saber aprender: um olhar sobre Paulo Freire e as perspectivas atuais
           da educação},
  author = {Moacir Gadotti},
  year = {2000},
  booktitle = {Um olhar sobre Paulo Freire - Congresso Internacional},
  address = {Évora},
}

@article{Leta2003,
  title = {As mulheres na ciência brasileira: crescimento, contrastes e um
           perfil de sucesso},
  author = {Leta, Jacqueline},
  year = {2003},
  month = {12},
  journal = {Estudos Avançados},
  address = {São Paulo, Brasil},
  volume = {17},
  number = {49},
  pages = {271–284},
  url = {https://www.revistas.usp.br/eav/article/view/9956},
  urldate = {2023-05-18},
}

@online{velho2003,
  title = {No que o mundo da ciência difere dos outros mundos?},
  author = {Léa Velho and Maria Viviana Prochazka},
  year = {2003},
  publisher = {Sociedade Brasileira para o Progresso da Ciência},
  url = {https://www.comciencia.br/dossies-1-72/reportagens/mulheres/09.shtml},
  urldate = {2023-03-21},
}

@online{Brasil2005,
  title = {Decreto nº 5.478, de 24 de junho de 2005. Institui, no âmbito das
           instituições federais de educação tecnológica, o Programa de
           Integração da Educação Profissional ao Ensino Médio na Modalidade de
           Educação de Jovens e Adultos – PROEJA},
  author = {Brasil},
  year = {2005},
  address = {Brasília},
  url = {http://portal.mec.gov.br/setec/arquivos/pdf/dec_5478.pdf},
  urldate = {2023-05-10},
}

@incollection{Minayo2007,
  title = {O desafio da pesquisa social},
  author = {Minayo, Maria Cecília de Souza},
  year = {2007},
  booktitle = {Pesquisa Social: teoria, método e criatividade},
  publisher = {Vozes},
  address = {Petrópolis},
  pages = {9--29},
  editor = {Suely Ferreira Deslandes and Romeu Gomes and Minayo, Maria Cecília
            de Souza},
  edition = {Revista e atualizada 25},
}

@book{Strauss2008,
  title = {Pesquisa qualitativa},
  author = {Strauss, Anselm L. and Corbin, Juliet},
  year = {2008},
  publisher = {Artmed and Bookman},
  address = {Porto Alegre and Santana},
  subtitle = {técnicas e procedimentos para o desenvolvimento de teoria
              fundamentada},
}

@book{Gil2010,
  title = {Como elaborar projetos de pesquisa},
  author = {Antônio Carlos Gil},
  year = {2010},
  publisher = {Atlas},
  address = {São Paulo},
}

@phdthesis{Tonelli2012,
  title = {PROEJA: a experiência de um grupo virtual como forma de inserção
           digital},
  author = {Leite, Maria Letícia Felicori Tonelli e Teixeira},
  year = {2012},
  address = {Porto Alegre},
  url = {https://lume.ufrgs.br/handle/10183/60938},
  urldate = {2024-05-14},
  school = {Centro Interdisciplinar de Novas Tecnologias na Educação,
            Universidade Federal do Rio Grande do Sul},
  type = {Tese (Doutorado em Informática na Educação)},
}

@mastersthesis{Lobo2012,
  title = {Contribuições da Educação a Distância a Pedagogia da Alternância},
  author = {Lobo, Édila Marta Miranda},
  year = {2012},
  address = {Seropédica},
  url = {https://rima.ufrrj.br/jspui/handle/20.500.14407/12210},
  urldate = {2023-05-20},
  school = {Universidade Federal Rural do Rio de Janeiro},
  type = {Dissertação (Programa de Pós-Graduação em Educação Agrícola)},
}

@article{Teixeira_2015,
  title = {Metodologias de Pesquisa em Educação},
  author = {Teixeira, Nádia França},
  year = {2015},
  month = {8},
  journal = {Caderno Pedagógico},
  volume = {12},
  number = {2},
  url = {
         https://ojs.studiespublicacoes.com.br/ojs/index.php/cadped/article/view/1289
         },
  urldate = {2024-05-14},
  subtitle = {Possibilidaes e adequações},
}

@article{Grossi2016,
  title = {As mulheres praticando ciência no Brasil},
  author = {Grossi, Márcia Gorett Ribeiro and Borja, Shirley Doweslei Bernardes
            and Lopes, Aline Moraes and Andalécio, Aleixina Maria Lopes},
  year = {2016},
  month = {1},
  journal = {Revista Estudos Feministas},
  publisher = {Centro de Filosofia e Ciências Humanas e Centro de Comunicação e
               Expressão da Universidade Federal de Santa Catarina},
  volume = {24},
  number = {1},
  pages = {11–30},
  doi = {10.1590/1805-9584-2016v24n1p11},
  issn = {0104-026x},
}

@article{barros_producao_2019,
  title = {A produção científica sobre o {PROEJA} no {GT} 18 - {Educação} de {
           Pessoas} {Jovens} e {Adultas} - {ANPEd} (2007-2017)},
  author = {Barros, Rosiani Salviano and Guimarães, André Rodrigues},
  year = {2019},
  journal = {Praxis Educativa},
  volume = {14},
  number = {2},
  pages = {601--621},
  doi = {10.5212/PraxEduc.v.14n2.011},
  issn = {18094031, 18094309},
  url = {
         http://www.revistas2.uepg.br/index.php/praxiseducativa/article/view/13006
         },
  urldate = {2024-08-29},
}

@phdthesis{rocha_os_2019,
  title = {Os letramentos do {PROEJA}: contribuições na formação do {Técnico} em
           {Edificações} do {IF} {Sertão}-{PE}},
  author = {Rocha, Maria das Dores Gomes da},
  year = {2019},
  address = {Petrolina},
  type = {Dissertação ({Mestrado} {Profissional} em {Educação})},
  school = {Faculdade de Educação, Universidade Federal da Bahia},
}

@article{Alvarenga_Lemos_Neto_2020,
  title = {O uso das TDIC no processo de construção do conhecimento dos
           estudantes do PROEJA, do Instituto Federal Fluminense - Campus Campos
           Guarus},
  author = {Alvarenga, Mariana Monteiro Soares Crespo de and Lemos, Suely
            Fernandes Coelho and Neto, Aristóteles Batista Rangel},
  year = {2020},
  month = {9},
  journal = {Revista Educação e Cultura Contemporânea},
  volume = {18},
  number = {52},
  pages = {201–219},
  url = {
         https://mestradoedoutoradoestacio.periodicoscientificos.com.br/index.php/reeduc/article/view/6136
         },
  urldate = {2023-07-15},
}

@article{Barin.et.al.,
  title = {Desafios do Ensino Remoto na Educação Profissional e Tecnológica},
  author = {Claudia Smaniotto Barin and Jairo Manzoni and Adriana Zanki
            Cordenonsi and Fernando Menegatti and Tainan Garcia},
  year = {2020},
  journal = {Redin-Revista Educacional Interdisciplinar},
  volume = {9},
  number = {1},
  urldate = {2020-05-12},
  section = {Desafios do Ensino Remoto na Educação Profissional e Tecnológica},
}

@article{minuzzi2020,
  title = {Produção de conhecimento sobre ensino médio integrado à educação
           profissional},
  author = {Minuzzi, Evelize Dorneles and Coutinho, Renato Xavier},
  year = {2020},
  journal = {Educação em Revista},
  publisher = {Faculdade de Educação da Universidade Federal de Minas Gerais},
  volume = {36},
  pages = {e228443},
  doi = {10.1590/0102-4698228443},
  issn = {0102-4698},
  subtitle = {um panorama cienciométrico.},
}

@article{Palmeira2020,
  title = {A análise de conteúdo e sua importância como instrumento de
           interpretação dos dados qualitativos nas pesquisas educacionais},
  author = {Palmeira, Lana Lisiêr de Lima and Cordeiro, Carla Priscilla Barbosa
            Santos and Prado, Edna Cristina do},
  year = {2020},
  month = {7},
  journal = {Cadernos de Pós-graduação},
  volume = {19},
  number = {1},
  pages = {14–31},
  doi = {10.5585/cpg.v19n1.17159},
  url = {https://periodicos.uninove.br/cadernosdepos/article/view/17159},
  urldate = {2024-05-10},
}

@mastersthesis{Rocha2023,
  title = {Os letramentos do PROEJA},
  author = {Rocha, Maria das Dores Gomes da},
  year = {2020},
  address = {Salvador},
  url = {https://repositorio.ufba.br/handle/ri/31674},
  urldate = {2023-05-15},
  subtitle = {contribuições na formação do Técnico em Edificações do IF
              Sertão-PE},
  school = {Universidade Federal da Bahia (UFBA)},
  type = {Dissertação. (Mestre em Educação) – Currículo, Linguagens e Inovações
          Pedagógicas},
}

@phdthesis{Joaquim2021,
  title = {As percepções dos professores da educação básica sobre o uso de
           tecnologias digitais no ensino remoto emergencial},
  author = {Joaquim, Sivaldo and Oliveira, Wilk},
  year = {2021},
  month = {12},
  journal = {Revista Novas Tecnologias na Educação},
  address = {Porto Alegre},
  volume = {19},
  number = {2},
  pages = {81–90},
  doi = {10.22456/1679-1916.121190},
  url = {https://seer.ufrgs.br/index.php/renote/article/view/121190},
  urldate = {2023-05-17},
  school = {Centro Interdisciplinar de Novas Tecnologias na Educação,
            Universidade Federal do Rio Grande do Sul},
}

@article{Medeiros2021,
  title = {Como possibilitar a integração do método Paulo Freire à formação de
           professores da EJA em pensamento computacional?},
  author = {Roberta dos Santos Medeiros, Soraya and Amorim Martins, Cibelle},
  year = {2021},
  month = {12},
  journal = {Revista Novas Tecnologias na Educação},
  address = {Porto Alegre},
  volume = {19},
  number = {2},
  pages = {386–395},
  doi = {10.22456/1679-1916.121362},
  url = {https://seer.ufrgs.br/index.php/renote/article/view/121362},
  urldate = {2023-05-17},
}

@mastersthesis{Santos2021,
  title = {Ensino da retextualização por meio do uso da plataforma digital
           Storyboard That},
  author = {Hendy Barbosa Santos},
  year = {2021},
  address = {Lajeado},
  url = {http://hdl.handle.net/10737/3283},
  school = {Universidade do Vale do Taquari (UNIVATES)},
  type = {Dissertação (Mestrado) – Curso de Ensino},
}

@mastersthesis{Silveira2021,
  title = {A produção escrita em Língua Inglesa mediada pelas tecnologias
           digitais no Curso Técnico de Agroindústria/PROEJA},
  author = {Patrícia Margela Fernandes Silveira},
  year = {2021},
  address = {Cabedelo},
  url = {https://repositorio.ifpb.edu.br/handle/177683/1163},
  urldate = {2023-05-25},
  school = {Instituto Federal de Educação, Ciência e Tecnologia da Paraiba
            (IFPB)},
  type = {Dissertação (Especialista) - Especialização em Línguas Estrangeiras
          Modernas – Inglês e Espanhol},
}

@mastersthesis{Souza2021,
  title = {Desenvolvimento de material didático digital para apoio ao ensino de
           alunos maduros no PROEJA/CTISM},
  author = {Lubia Telma Garcia Wustrow Souza},
  year = {2021},
  address = {Santa Maria},
  url = {https://repositorio.ufsm.br/handle/1/22245},
  urldate = {2023-04-10},
  school = {Universidade Federal de Santa Maria},
  type = {Dissertação (Mestre em Educação Profissional e Tecnológica)},
}

@article{vieira2021,
  title = {PROEJA–educação de jovens e adultos},
  author = {Darlene Ana Vieira and Laísse Silva Lemos and Maria Angélica Peixoto
            },
  year = {2021},
  journal = {Brazilian Journal of Development},
  volume = {7},
  number = {5},
  pages = {45583--45598},
  url = {
         https://ojs.brazilianjournals.com.br/ojs/index.php/BRJD/article/view/29412
         },
  urldate = {2023-03-21},
  subtitle = {análise bibliométrica da produção científica da base de dados Web
              of Science utilizado a ferramenta VOSviewer},
}

@article{BrancoPinto2022,
  title = {Levantamento das produções sobre as contribuições do uso das
           tecnologias de informação e comunicação nas práticas pedagógicas da
           educação de jovens e adultos},
  author = {Branco, Grasielle Batista and Pinto , Marialva Moog},
  year = {2022},
  month = {7},
  journal = {Revista Ibero-Americana de Estudos em Educação},
  address = {Araraquara},
  volume = {17},
  number = {3},
  pages = {1417–1433},
  doi = {10.21723/riaee.v17i3.15915},
  url = {https://periodicos.fclar.unesp.br/iberoamericana/article/view/15915},
  urldate = {2024-06-28},
}

@article{Cleophas2022,
  title = {Panorama sobre o Conhecimento Tecnológico Pedagógico do Conteúdo
           (CTPC) à luz das percepções dos estudantes},
  author = {Cleophas, Maria das Graças and Bedin Everton},
  year = {2022},
  month = {8},
  journal = {Revista Novas Tecnologias na Educação},
  address = {Porto Alegre},
  volume = {20},
  number = {1},
  pages = {399–408},
  doi = {10.22456/1679-1916.126687},
  url = {https://seer.ufrgs.br/index.php/renote/article/view/126687},
  urldate = {2023-05-17},
}

@mastersthesis{Lima2022,
  title = {Compreensão do conceito de momento de uma força},
  author = {Mércio Nascimento de Lima},
  year = {2022},
  address = {Brasília},
  urldate = {2023-05-18},
  subtitle = {aplicação no cálculo de estruturas na educação profissional de
              jovens e adultos},
  school = {Universidade de Brasília},
  type = {Dissertação (Mestrado Profissionalizante em Ensino de Física)},
}

@article{Oliveira2022,
  title = {Mediação pedagógica e tecnológica: conceitos e reflexões sobre o
           ensino na cultura digital},
  author = {Oliveira, Achilles Alves de AND Silva, Yara Fonseca de Oliveira e},
  year = {2022},
  month = {04},
  journal = {Rev. Educ. Questão},
  publisher = {scielo},
  volume = {60},
  number = {64},
  pages = {e-28275},
  issn = {0102-7735},
  url = {
         http://educa.fcc.org.br/scielo.php?script=sci_arttext&pid=S0102-77352022000200203&nrm=iso
         },
  urldate = {2024-05-19},
}

@article{Peripolli2022,
  title = {O Desenvolvimento de Competências Digitais na Educação Profissional},
  author = {Patrícia Zanon Peripolli and Cláudia Smaniotto Barin},
  year = {2022},
  journal = {Jornal Internacional De Estudos Em Educação Matemática},
  volume = {15},
  number = {1},
  pages = {46--54},
  doi = {10.17921/2176-5634.2022v15n1p47-54},
  subtitle = {Relato de uma Experiência},
}

@article{morais2023,
  title = {Contribuições de Paulo Freire para a educação de jovens e adultos},
  author = {Morais, Jocasta Maria Oliveira And Oliveira, Francisco Thiago Chaves
            de And Nóbrega-Therrien, Silvia Maria And Souza, Sarlene Gomes de},
  year = {2023},
  journal = {Educação em Revista},
  publisher = {Faculdade de Educação da Universidade Federal de Minas Gerais},
  volume = {39},
  pages = {e40514},
  doi = {10.1590/0102-469840514},
  issn = {0102-4698},
  subtitle = {uma revisão narrativa},
}

@article{Pires2024,
  title = {O papel da mediação pedagógica: práticas educativas com a utilização
           das TDIC no ensino médio},
  author = {Helen Cássia Francisco Pires and Maria Paulina de Assis},
  year = {2024},
  journal = {Humanidades e Tecnologia (FINOM)},
  publisher = {Faculdade do Noroeste de Minas},
  volume = {47},
  number = {1},
  pages = {221--233},
  doi = {10.5281/zenodo.11051817},
  issn = {1809-1628},
  url = {
         http://revistas.icesp.br/index.php/FINOM_Humanidade_Tecnologia/article/view/4827
         },
  urldate = {2024-05-20},
}
