@incollection{bourque2004,
    title         = {Cross‑sectional research},
    author        = {Bourque, Linda},
    year          = {2004},
    booktitle     = {The SAGE Encyclopedia of Social Science Research Methods},
    publisher     = {Sage},
    address       = {Thousand Oaks, CA},
    pages         = {230--231},
    editor        = {Lewis‑Beck, Michael S. and Byrman, Alan and Liao, Tim Futing},
}

@book{cervantes2006,
    title         = {Plan curricular del Instituto Cervantes. Niveles de referencia para el español},
    author        = {{Instituto Cervantes}},
    year          = {2006},
    publisher     = {Instituto Cervantes – Biblioteca Nueva},
    address       = {Madrid},
    url           = {http://cvc.cervantes.es/ensenanza/biblioteca_ele/plan_curricular/},
    urldate       = {2024-10-05},
}

@book{fowler2014,
    title         = {Survey research methods},
    author        = {Fowler, Floyd},
    year          = {2014},
    publisher     = {Sage},
    address       = {Thousand Oaks, CA},
    edition       = {5},
}

@article{rodriguezizquierdo2015competencias,
    title         = {Competencias genéricas en la enseñanza superior a través de los programa de internacionalización. Un estudio cualitativo},
    author        = {Rodríguez-Izquierdo, R. M.},
    year          = {2015},
    journal       = {Revista Complutense de Educación},
    volume        = {26},
    number        = {1},
    pages         = {81--100},
}

@article{kuure2016,
    title         = {Switching perspectives: from a language teacher to a designer of language learning with new technologies},
    author        = {Kuure, Leena and Molin‑Juustila, Tonjia and Keisanen, Tiina and Riekki, Maritta and Iivari, Netta and Kinnula, Marianne},
    year          = {2016},
    journal       = {Computer Assisted Language Learning},
    volume        = {29},
    number        = {5},
    pages         = {925--941},
    doi           = {10.1080/09588221.2015.1068815},
    url           = {https://www.tandfonline.com/doi/full/10.1080/09588221.2015.1068815},
    urldate       = {2024-10-05},
}

@article{bartolome2018,
    title         = {Blended learning: panorama y perspectivas},
    author        = {Bartolomé, A. and García‑Ruiz, R. and Aguaded, I.},
    year          = {2018},
    journal       = {RIED--Revista Iberoamericana de Educación a Distancia},
    volume        = {21},
    number        = {1},
    pages         = {33--56},
    doi           = {10.5944/ried.21.1.18842},
}

@article{balart2018tic,
    title         = {Una mirada histórica del impacto de las TIC en la sociedad del conocimiento en el contexto nacional actual},
    author        = {Balart Carmona, C. and Cortés Fuentealba, S.},
    year          = {2018},
    journal       = {Contextos: Estudios de humanidades y ciencias sociales},
    number        = {41},
}

@incollection{martinez-carrera2019,
    title         = {Evolución de las TIC en la educación y la internacionalización del conocimiento},
    author        = {Martínez‑Carrera, Sara and Sánchez‑Martínez, Cristina and Ricoy, María del Carmen},
    year          = {2019},
    booktitle     = {XX Coloquio Historia y Educación. Identidades, Internacionalismo, Pacifismo y Educación: s. XIX y XX},
    publisher     = {Sedhe},
    pages         = {521--526},
    editor        = {Cid Fernández, Xosé Manuel and Carrera Fernández, María Victoria},
}

@article{moreno-padilla2019,
    title         = {La llegada de la inteligencia artificial a la educación},
    author        = {Moreno Padilla, Raúl Darío},
    year          = {2019},
    journal       = {Revista De Investigación En Tecnologías De La Información},
    volume        = {7},
    number        = {14},
    pages         = {260--270},
    doi           = {10.36825/riti.07.14.022},
    url           = {https://riti.es/index.php/riti/article/view/112},
    urldate       = {2024-10-05},
}

@article{ocana-fernandez2019,
    title         = {Inteligencia artificial y sus implicaciones en la educación superior},
    author        = {Ocaña‑Fernández, Yolvi and Valenzuela‑Fernández, Luis Álex and Garro‑Aburto, Luzmila Lourdes},
    year          = {2019},
    journal       = {Propósitos y Representaciones},
    volume        = {7},
    number        = {2},
    pages         = {536--568},
}

@article{chen2020,
    title         = {Artificial intelligence in education: A review},
    author        = {Chen, Lijia and Chen, Pingping and Lin, Zhijian},
    year          = {2020},
    journal       = {IEEE Access},
    volume        = {8},
    pages         = {75264--75278},
}

@article{gabarron-perez2020,
    title         = {Tecnología para la Enseñanza y el Aprendizaje de Lenguas Extranjeras. La Enseñanza de lenguas Asistida por Ordenador. Pasado, presente y futuro},
    author        = {Gabarrón‑Pérez, Ángel and Pino‑Rodríguez, Ana María and Salvarores‑Merino, Carolos and Trujillo‑Sáez, Fernando},
    year          = {2020},
    journal       = {Pragmalingüística},
    number        = {28},
    pages         = {238--254},
    doi           = {10.25267/Pragmalinguistica.2020.i28.12},
    url           = {https://revistas.uca.es/index.php/pragma/article/view/6447},
    urldate       = {2024-10-05},
}

@article{escobar2021,
    title         = {La inteligencia artificial y la enseñanza de lenguas: Una aproximación al tema},
    author        = {Escobar Hernández, Juan Carlos},
    year          = {2021},
    journal       = {Decires},
    volume        = {21},
    number        = {25},
    pages         = {29--44},
}

@article{huang2021,
    title         = {A review on artificial intelligence in education},
    author        = {Huang, Jiahui and Saleh, Salmiza and Liu, Yufei},
    year          = {2021},
    journal       = {Academic Journal of Interdisciplinary Studies},
    volume        = {10},
    number        = {206},
}

@article{perez-garcia2021,
    title         = {Retos y desafíos de la educación post pandémica},
    author        = {Pérez García, Ángel},
    year          = {2021},
    journal       = {Aula De Encuentro},
    volume        = {23},
    number        = {1},
    pages         = {1--4},
    doi           = {10.17561/ae.v23n1.6246},
    url           = {https://revistaselectronicas.ujaen.es/index.php/ADE/article/view/6246},
    urldate       = {2024-10-05},
}

@inproceedings{alam2021ai_education,
    title         = {Possibilities and Apprehensions in the Landscape of Artificial Intelligence in Education},
    author        = {Alam, A.},
    year          = {2021},
    booktitle     = {2021 International Conference on Computational Intelligence and Computing Applications (ICCICA)},
    publisher     = {Ieee},
    pages         = {1--8},
    doi           = {10.1109/iccica52458.2021.9697272},
}

@inproceedings{ouyang2021review,
    title         = {Artificial Intelligence in Education: A Review},
    author        = {Ouyang, F. and Jiao, P.},
    year          = {2021},
    booktitle     = {2021 International Conference on Educational Technology and Development},
    publisher     = {Ieee},
    pages         = {145--151},
    editor        = {J. G. G. J. G. G.},
}

@incollection{gutierrez2022,
    title         = {TIC, TAC o TEP. Repensando la innovación digital para atender a la diversidad},
    author        = {Gutiérrez Ángel, Nieves},
    year          = {2022},
    booktitle     = {Innovación digital en comunicación y educación},
    publisher     = {Dykinson},
    address       = {Madrid},
    pages         = {223--232},
    editor        = {Alonso‑López, N. and Terol‑Bolinches, R. and Sidorenko Bautista, P. and Herranz de la Casa, J. M.},
}

@article{leiva2022,
    title         = {Promoción de competencias interculturales y uso de las TIC: Hacia una universidad inclusiva digital},
    author        = {Leiva, Juan and Alcalá del Olmo, María José and García Aguilera, Francisco and Santos Villalba, María Jesús},
    year          = {2022},
    journal       = {REICE. Revista Iberoamericana sobre Calidad, Eficacia y Cambio en Educación},
    volume        = {20},
    number        = {2},
    pages         = {47--64},
    doi           = {10.15366/reice2022.20.2.003},
    url           = {https://revistas.uam.es/reice/article/view/15427},
    urldate       = {2024-10-05},
}

@article{martin-marchante2022,
    title         = {TIC e IA en la revisión del proceso de escritura: Su uso en las universidades públicas valencianas},
    author        = {Martín‑Marchante, Beatriz},
    year          = {2022},
    journal       = {Research in Education and Learning Innovation Archives},
    volume        = {28},
    pages         = {16--31},
    doi           = {10.7203/realia.28.20622},
    url           = {https://turia.uv.es/index.php/realia/article/view/20622},
    urldate       = {2024-10-05},
}

@article{ayala2023,
    title         = {Integrating Artificial Intelligence into English Language Education in Ecuador: A Pathway to Improved Learning Outcomes},
    author        = {Ayala‑Pazmiño, María Fabricio and Alvarado‑Lucas, Kelvin},
    year          = {2023},
    journal       = {593 Digital Publisher CEIT},
    volume        = {8},
    number        = {3‑1},
    pages         = {679--687},
    doi           = {10.33386/593dp.2023.3-1.1862},
}

@article{coello-munoz2023,
    title         = {Impacto de las TIC en el proceso de enseñanza y aprendizaje},
    author        = {Coello Muñoz, Gregorio and Alcívar Paladines, Andy},
    year          = {2023},
    journal       = {Polo del conocimiento},
    volume        = {8},
    number        = {8},
    pages         = {2435--2446},
    doi           = {10.23857/pc.v8i8.5978},
    url           = {https://www.polodelconocimiento.com/ojs/index.php/es/article/view/5978},
    urldate       = {2024-10-05},
}

@article{guano2023,
    title         = {Modelo de aprendizaje del idioma inglés utilizando algoritmos de machine learning},
    author        = {Guano, Daniela and Herrera, Zoila and Vallejo, Carina},
    year          = {2023},
    journal       = {Explorador Digital},
    volume        = {7},
    number        = {1},
    pages         = {29--43},
    doi           = {10.33262/exploradordigital.v7i1.2451},
    url           = {https://cienciadigital.org/revistacienciadigital2/index.php/exploradordigital/article/view/2451},
    urldate       = {2024-10-05},
}

@article{gonzalez-gonzalez2023,
    title         = {El impacto de la inteligencia artificial en la educación: Transformación de la forma de enseñar y de aprender},
    author        = {González‑González, Carina},
    year          = {2023},
    journal       = {Revista Qurriculum},
    number        = {36},
    pages         = {51--60},
}

@article{huang2023,
    title         = {Trends, research issues, and applications of artificial intelligence in language education},
    author        = {Huang, Xinyi and Zou, Di and Cheng, Gary and Chen, Xieling and Xie, Haron},
    year          = {2023},
    journal       = {Educational Technology \& Society},
    volume        = {26},
    number        = {1},
    pages         = {112--131},
}

@article{intria2023,
    title         = {Enseñanza virtual del español como lengua extranjera a un estudiante extranjero (caso de estudio)},
    author        = {Intriago Tigua, Angie Mirella and García Farfán, Isabel de los Ángeles},
    year          = {2023},
    journal       = {Ciencia Latina Revista Científica Multidisciplinar},
    volume        = {7},
    number        = {5},
    pages         = {10010--10035},
    doi           = {10.37811/cl_rcm.v7i5.8581},
    url           = {https://ciencialatina.org/index.php/cienciala/article/view/8581},
    urldate       = {2024-10-05},
}

@article{lucana2023,
    title         = {Chatbot basado en inteligencia artificial para la educación escolar},
    author        = {Lucana, Yudi and Roldán, Walter},
    year          = {2023},
    journal       = {Horizontes. Revista de Investigación en Ciencias de la Educación},
    volume        = {7},
    number        = {29},
    pages         = {1580--1592},
    doi           = {10.33996/revistahorizontes.v7i29.614},
    url           = {https://revistahorizontes.org/index.php/revistahorizontes/article/view/1039},
    urldate       = {2024-10-05},
}

@article{mondejar2023,
    title         = {El paradigma de apoyos al aprendizaje desde la neurodidáctica: Una necesidad en la formación universitaria},
    author        = {Mondéjar, Juan Jesús and Rodríguez, Antonio and Fierro, Bárbara},
    year          = {2023},
    journal       = {Entretextos},
    volume        = {17},
    number        = {33},
    pages         = {90--108},
    doi           = {10.5281/zenodo.8218195},
    url           = {https://zenodo.org/records/8218195},
    urldate       = {2024-10-05},
}

@article{vera2023,
    title         = {Integración de la inteligencia artificial en la educación superior: Desafíos y oportunidades},
    author        = {Vera, Fernando},
    year          = {2023},
    journal       = {Revista Electrónica Transformar},
    volume        = {4},
    number        = {1},
    url           = {https://www.revistatransformar.cl/index.php/transformar/article/view/84},
    urldate       = {2024-10-05},
}

@article{vicente-yague-jara2023,
    title         = {Writing, creativity, and artificial intelligence. ChatGPT in the university context},
    author        = {Vicente‑Yagüe‑Jara, María Isabel and López‑Martínez, Olivia and Navarro‑Navarro, Verónica and Cuéllar‑Santiago, Francisco},
    year          = {2023},
    journal       = {Comunicar},
    number        = {77},
    pages         = {47--57},
    doi           = {10.3916/c77-2023-04},
    url           = {https://www.revistacomunicar.com/index.php?contenido=detalles&numero=77&articulo=77-2023-04},
    urldate       = {2024-10-05},
}

@article{toutain2023gestion,
    title         = {Inteligencia artificial y la transformación de la formación en gestión},
    author        = {Toutain, O. and Jabbouri, R. and Truong, Y.},
    year          = {2023},
    journal       = {Management International},
    volume        = {27},
    number        = {2},
    pages         = {119--132},
}

@article{caceres2023derecho,
    title         = {La inteligencia artificial aplicada al derecho como una nueva rama de la teoría jurídica},
    author        = {Cáceres Nieto, E.},
    year          = {2023},
    journal       = {Anales de la Cátedra Francisco Suárez},
    volume        = {57},
    pages         = {63--89},
    doi           = {10.30827/acfs.v57i.26281},
    url           = {https://doi.org/10.30827/acfs.v57i.26281},
}

@book{arroyo2024,
    title         = {Inteligencia artificial y educación: construyendo puentes},
    year          = {2024},
    publisher     = {Graó},
    address       = {Barcelona},
    editor        = {Arroyo-Sagasta, Amaia},
}

@incollection{blanco2024,
    title         = {Inteligencia artificial y enseñanza de E/LE: Posibilidades del programa ChatGPT para la práctica de la expresión e interacción escritas},
    author        = {Blanco Pena, José Miguel},
    year          = {2024},
    booktitle     = {Interacción, discurso y tecnología en la enseñanza del español},
    publisher     = {Universidad de Burgos},
    address       = {Burgos},
    pages         = {349--357},
    editor        = {Urbina Fonturbel, Raúl and Simarro Vázquez, María and Portela Lopa, Antonio and Ibáñez Verdugo, Carmen},
}

@article{clementi2024,
    title         = {El impacto de la inteligencia artificial en la enseñanza de ELE a estudiantes con dislexia},
    author        = {Clementi, Luca and Jiménez López, María Dolores},
    year          = {2024},
    journal       = {Doblele: Revista de lengua y literatura},
    number        = {10},
    pages         = {54--81},
    doi           = {10.5565/rev/doblele.151},
    url           = {https://revistes.uab.cat/doblele/article/view/v10-clementi-jimenez},
    urldate       = {2024-10-05},
}

@article{badia-climent2024,
    title         = {La personalización del aprendizaje a través de las TIC: la creación de ejercicios a través de GPT},
    author        = {Badía‑Climent, Sara},
    year          = {2024},
    journal       = {Doblele: Español lengua extranjera. Revista de lengua y literatura},
    number        = {10},
    url           = {https://revistes.uab.cat/doblele/article/view/v10-badia},
    urldate       = {2024-10-10},
}

@article{briceno-nunez2024,
    title         = {Enfoque holístico en la enseñanza de idiomas: Usos de la inteligencia artificial en contextos universitarios},
    author        = {Briceño‑Núñez, Chess and Pernia Molina, Rafael and Teixeira Robles, Yoana and Juárez Viloria, Charlie},
    year          = {2024},
    journal       = {Didac},
    number        = {84 Jul‑dic},
    pages         = {30--43},
    doi           = {10.48102/didac.2024.84_JUL-DIC.210},
    url           = {https://didac.ibero.mx/index.php/didac/article/view/210},
    urldate       = {2024-10-05},
}

@article{briceno2024,
    title         = {Diversidad cultural en entornos virtuales de aprendizaje en educación superior en São Paulo: Estudio cuantitativo correlacional sobre la integración efectiva empleando inteligencia artificial},
    author        = {Briceño‑Núñez, Chess},
    year          = {2024},
    journal       = {Revista Educación},
    volume        = {48},
    number        = {2},
    pages         = {1–22},
    doi           = {10.15517/revedu.v48i2.58218},
    url           = {https://revistas.ucr.ac.cr/index.php/educacion/article/view/58218},
    urldate       = {2024-10-05},
}

@article{canales2024,
    title         = {Posibilidades y limitaciones de ChatGPT para el aprendizaje del español como LE/L2},
    author        = {Canales, Alberto},
    year          = {2024},
    journal       = {El Español por el Mundo},
    volume        = {6},
    number        = {1},
    pages         = {35--45},
}

@incollection{cardenas2024,
    title         = {La inteligencia artificial en la enseñanza del español como lengua extranjera (ELE)},
    author        = {Cárdenas, Ana and Rica, María Luisa},
    year          = {2024},
    booktitle     = {Estrategias para la transferencia de conocimiento y la innovación educativa: Usos y aplicaciones de tecnologías innovadoras en la docencia},
    publisher     = {Dykinson},
    address       = {Madrid},
    pages         = {938--956},
}

@article{de-almeida-ferreira2024,
    title         = {La inteligencia artificial en la enseñanza de portugués como lengua extranjera: El uso de herramientas digitales en las clases en línea},
    author        = {De Almeida Ferreira, Nilcéli and De Araujo Seibel, Quelia},
    year          = {2024},
    journal       = {Nemityra, Revista Multilingüe de Lengua, Sociedad y Educación},
    volume        = {6},
    number        = {2},
    pages         = {27--36},
    doi           = {10.47133/NEMITYRA20240602b-A4},
    url           = {https://revistascientificas.una.py/index.php/nemityra/article/view/4640},
    urldate       = {2024-10-05},
}

@article{fabregat-barrios2024a,
    title         = {Entornos virtuales activos en el Grado de Educación Infantil: una intervención para la mejora del rendimiento académico},
    author        = {Fabregat Barrios, Santiago and Jodar Jurado, Rocío},
    year          = {2024},
    journal       = {Edutec. Revista de Tecnología Educativa},
    number        = {88},
    pages         = {107--119},
    doi           = {10.21556/edutec.2024.88.3139},
    url           = {https://www.edutec.es/revista/index.php/edutec‑e/article/view/3139},
    urldate       = {2024-10-05},
}

@article{fabregat-barrios2024b,
    title         = {The keys to developing communicative competence as a school project: A qualitative view from teachers’ beliefs},
    author        = {Fabregat Barrios, Santiago and Jodar Jurado, Rocío},
    year          = {2024},
    journal       = {Education Sciences},
    volume        = {14},
    number        = {1},
    pages         = {1--17},
    doi           = {10.3390/educsci14010027},
    url           = {https://www.mdpi.com/2227‑7102/14/1/27},
    urldate       = {2024-10-05},
}

@book{munoz-basols2024,
    title         = {La enseñanza del español mediada por tecnología: De la justicia social a la inteligencia artificial (IA)},
    year          = {2024},
    publisher     = {Taylor \& Francis},
    editor        = {Muñoz‑Basols, Javier and Gutiérrez, Mara and Cerezo, Luis},
}

@incollection{rodriguez2024,
    title         = {Neurodidáctica de lenguas y sistemas de comunicación en contextos diversos y multiculturales},
    author        = {Rodríguez, Antonio},
    year          = {2024},
    booktitle     = {Presente y futuro de Melilla: Estrategias de gobernanza y políticas públicas},
    publisher     = {Dykinson},
    address       = {Madrid},
    pages         = {663--680},
    editor        = {Navarro, A.},
}

@article{roman2024,
    title         = {Inteligencia artificial generativa: lo posible y lo imposible en el aprendizaje del español en entornos educativos mixtos},
    author        = {Román Mendoza, Esperanza},
    year          = {2024},
    journal       = {Doblele: Revista de lengua y literatura},
    number        = {10},
    pages         = {170--189},
    doi           = {10.5565/rev/doblele.157},
    url           = {https://revistes.uab.cat/doblele/article/view/v10-roman},
    urldate       = {2024-10-05},
}

@incollection{sandoval2024,
    title         = {El español artificial},
    author        = {Sandoval, Antonio},
    year          = {2024},
    booktitle     = {El español en el mundo. Anuario del Instituto Cervantes 2024},
    publisher     = {Instituto Cervantes},
    address       = {Madrid},
    pages         = {137--156},
}

@article{zamora2024,
    title         = {Conocimiento, uso y percepción de la inteligencia artificial en la enseñanza superior},
    author        = {Zamora Úbeda, Zobeyda and Stynze Gómez, Harly},
    year          = {2024},
    journal       = {Revista Científica Estelí. Medio Ambiente, Tecnología y Desarrollo Humano},
    volume        = {13},
    number        = {49},
    doi           = {10.5377/esteli.v13i49.17889},
    url           = {https://www.camjol.info/index.php/FAREM/article/view/17889},
    urldate       = {2024-10-05},
}

@incollection{portillo2024iaele,
    title         = {La inteligencia artificial en la enseñanza del español como lengua extranjera (ELE)},
    author        = {Portillo Cárdenas, A. and Cárdenas Rica, Mª L.},
    year          = {2024},
    booktitle     = {Estrategias para la transferencia de conocimiento y la innovación educativa: usos y aplicaciones de tecnologías innovadoras en la docencia},
    publisher     = {Dykinson S.L.},
    pages         = {938--956},
    editor        = {Farfán Montero, J. and Guede Cid, R. and Velasco Furlong, L.},
}

@misc{deepl2025,
    title         = {DeepL Write Pro},
    author        = {{DeePL SE}},
    year          = {2025},
    url           = {https://www.deepl.com/es/write},
    urldate       = {2024-10-05},
}
