@article{young_introducing_1996,
    title         = {Introducing {Critical} {Thinking} at the {College} {Level} with {Children}'s {Stories}},
    author        = {Young, Andy},
    year          = {1996},
    journal       = {College Teaching},
    volume        = {44},
    number        = {3},
    pages         = {90--93},
    issn          = {8756-7555},
    url           = {https://www.jstor.org/stable/27558777},
    urldate       = {2024-06-10},
}

@article{larry_crumbley_using_2000,
    title         = {Using short stories to teach critical thinking and communication skills to tax students},
    author        = {Larry Crumbley, D. and Murphy Smith, L.},
    year          = {2000},
    month         = {9},
    journal       = {Accounting Education},
    volume        = {9},
    number        = {3},
    pages         = {291--296},
    doi           = {10.1080/09639280010017248},
    issn          = {0963-9284, 1468-4489},
    url           = {http://www.tandfonline.com/doi/abs/10.1080/09639280010017248},
    urldate       = {2024-06-10},
}

@inproceedings{mcburney2002what,
    title         = {What is bibliometrics and why should you care?},
    author        = {McBurney, M. K. and Novak, P. L.},
    year          = {2002},
    month         = {9},
    booktitle     = {Proceedings of the IEEE International Professional Communication Conference},
    pages         = {108--114},
    doi           = {10.1109/IPCC.2002.1049094},
    url           = {https://doi.org/10.1109/IPCC.2002.1049094},
}

@article{isbell_effects_2004,
    title         = {The {Effects} of {Storytelling} and {Story} {Reading} on the {Oral} {Language} {Complexity} and {Story} {Comprehension} of {Young} {Children}},
    author        = {Isbell, Rebecca and Sobol, Joseph and Lindauer, Liane and Lowrance, April},
    year          = {2004},
    month         = {12},
    journal       = {Early Childhood Education Journal},
    volume        = {32},
    number        = {3},
    pages         = {157--163},
    doi           = {10.1023/B:ECEJ.0000048967.94189.a3},
    issn          = {1082-3301},
    url           = {http://link.springer.com/10.1023/B:ECEJ.0000048967.94189.a3},
    urldate       = {2024-06-10},
}

@inproceedings{rudnicki2006buzz,
    title         = {The Buzz Continues...The Diffusion of Digital Storytelling across disciplines and colleges at the University of Houston},
    author        = {Rudnicki, A. and others},
    year          = {2006},
    month         = {3},
    day           = {19},
    booktitle     = {Proceedings of the Society for Information Technology \& Teacher Education International Conference 2006},
    publisher     = {Association for the Advancement of Computing in Education (AACE)},
    address       = {Orlando, Florida, USA},
    pages         = {717--723},
    url           = {https://www.learntechlib.org/primary/p/22130/},
    urldate       = {2024-04-08},
    editor        = {Crawford, C. M.  and Carlsen, R.  and McFerrin, K.  and Price J.  and Weber R.  and  Willis D. A.},
}

@book{haven_story_2007,
    title         = {Story {Proof}: {The} {Science} {Behind} the {Startling} {Power} of {Story}},
    author        = {Haven, Kendall},
    year          = {2007},
    publisher     = {Greenwood Publishing Group},
}

@article{lawless_professional_2007,
    title         = {Professional {Development} in {Integrating} {Technology} into {Teaching} and {Learning}: {Knowns}, {Unknowns}, and {Ways} to {Pursue} {Better} {Questions} and {Answers}},
    shorttitle    = {Professional {Development} in {Integrating} {Technology} into {Teaching} and {Learning}},
    author        = {Lawless, Kimberly A. and Pellegrino, James W.},
    year          = {2007},
    journal       = {Review of Educational Research},
    volume        = {77},
    number        = {4},
    pages         = {575--614},
    issn          = {0034-6543},
    url           = {https://www.learntechlib.org/p/70112/},
    urldate       = {2024-06-10},
}

@incollection{robin2008effective,
    title         = {The Effective Uses of Digital Storytelling as a Teaching and Learning Tool},
    author        = {Robin, B. R.},
    year          = {2008},
    booktitle     = {Handbook of Research on Teaching Literacy Through the Communicative and Visual Arts, Volume II},
    publisher     = {Routledge},
    edition       = {1},
}

@article{sadik2008digital,
    title         = {Digital storytelling: a meaningful technology-integrated approach for engaged student learning},
    author        = {Sadik, A.},
    year          = {2008},
    month         = {8},
    day           = {1},
    journal       = {Educational Technology Research and Development},
    volume        = {56},
    number        = {4},
    pages         = {487--506},
    doi           = {10.1007/s11423-008-9091-8},
    url           = {https://doi.org/10.1007/s11423-008-9091-8},
}

@article{jenkins_transmedia_2010,
    title         = {Transmedia {Storytelling} and {Entertainment}: {An} annotated syllabus},
    shorttitle    = {Transmedia {Storytelling} and {Entertainment}},
    author        = {Jenkins, Henry},
    year          = {2010},
    month         = {12},
    journal       = {Continuum},
    volume        = {24},
    number        = {6},
    pages         = {943--958},
    doi           = {10.1080/10304312.2010.510599},
    issn          = {1030-4312, 1469-3666},
    url           = {https://www.tandfonline.com/doi/full/10.1080/10304312.2010.510599},
    urldate       = {2024-06-10},
}

@article{andalai2010scopus,
    title         = {Scopus: The largest database of peer-reviewed scientific literature available to underdeveloped countries},
    author        = {Andalai, R. C. and Labrada, R. R. and Castells, M. M.},
    year          = {2010},
    journal       = {Revista Cubana de Informaci\'{o}n en Ciencias de la Salud (ACIMED)},
    volume        = {21},
    number        = {3},
    pages         = {270--282},
}

@inproceedings{garcia2010digital,
    title         = {Digital Storytelling as Narrative Pedagogy},
    author        = {Garcia, P. and Rossiter, M.},
    year          = {2010},
    month         = {3},
    day           = {29},
    booktitle     = {Proceedings of the Society for Information Technology \& Teacher Education International Conference 2010},
    publisher     = {Association for the Advancement of Computing in Education (AACE)},
    address       = {San Diego},
    url           = {https://www.learntechlib.org/primary/p/33500/},
    urldate       = {2024-04-07},
    editor        = {David Gibson and Bernie Dodge},
}

@article{chipia_lobo_juegos_2011,
    title         = {Juegos {Serios}: {Alternativa} {Innovadora}},
    author        = {Chipia Lobo, J.},
    year          = {2011},
    journal       = {Revista CLED},
    volume        = {1},
    pages         = {1--18},
}

@article{chikasanda_enhancing_2013,
    title         = {Enhancing teachers' technological pedagogical knowledge and practices: a professional development model for technology teachers in {Malawi}},
    shorttitle    = {Enhancing teachers' technological pedagogical knowledge and practices},
    author        = {Chikasanda, Vanwyk Khobidi Mbubzi and Otrel-Cass, Kathrin and Williams, John and Jones, Alister},
    year          = {2013},
    month         = {8},
    journal       = {International Journal of Technology and Design Education},
    volume        = {23},
    number        = {3},
    pages         = {597--622},
    doi           = {10.1007/s10798-012-9206-8},
    issn          = {1573-1804},
    url           = {https://doi.org/10.1007/s10798-012-9206-8},
    urldate       = {2024-06-10},
    keywords      = {Professional development, Pedagogical knowledge, Technology education, Technological practices},
}

@article{chadegani2013comparison,
    title         = {A Comparison between Two Main Academic Literature Collections: Web of Science and Scopus Databases},
    author        = {Chadegani, A. A. and others},
    year          = {2013},
    month         = {4},
    day           = {27},
    journal       = {Asian Social Science},
    volume        = {9},
    number        = {5},
    pages         = {18--26},
    doi           = {10.5539/ass.v9n5p18},
    url           = {https://doi.org/10.5539/ass.v9n5p18},
}

@article{suwardy2013using,
    title         = {Using Digital Storytelling to Engage Student Learning},
    author        = {Suwardy, T. and Pan, G. and Seow, P.-S.},
    year          = {2013},
    month         = {4},
    day           = {1},
    journal       = {Accounting Education},
    volume        = {22},
    number        = {2},
    pages         = {109--124},
    doi           = {10.1080/09639284.2012.748505},
    url           = {https://doi.org/10.1080/09639284.2012.748505},
}

@article{koper_conditions_2014,
    title         = {Conditions for effective smart learning environments},
    author        = {Koper, Rob},
    year          = {2014},
    month         = {11},
    journal       = {Smart Learning Environments},
    volume        = {1},
    number        = {1},
    pages         = {5},
    doi           = {10.1186/s40561-014-0005-4},
    issn          = {2196-7091},
    url           = {https://doi.org/10.1186/s40561-014-0005-4},
    urldate       = {2024-06-10},
    keywords      = {Human learning interfaces, Smart learning environments, Research agenda},
}

@article{aurelia_survey_nodate,
    title         = {A {Survey} on {Mobile} {Augmented} {Reality} {Based} {Interactive} {Storytelling}},
    author        = {Aurelia, S. and Raj, D. M. D. and Saleh, D. O.},
    year          = {2014},
    journal       = {International Journal of Emerging Trends in Science and Technology},
    volume        = {1},
    number        = {5},
    url           = {http://igmpublication.org/ijetst.in/index.php/ijetst/article/view/192},
    urldate       = {2024-06-10},
}

@incollection{dunleavy_augmented_2014,
    title         = {Augmented {Reality} {Teaching} and {Learning}},
    author        = {Dunleavy, M. and Dede, C.},
    year          = {2014},
    booktitle     = {Handbook of {Research} on {Educational} {Communications} and {Technology}},
    publisher     = {Springer},
    address       = {New York, NY},
    pages         = {735--745},
    editor        = {Spector, J. M.},
}

@article{albarillo2014language,
    title         = {Language in Social Science Databases: English Versus Non-English Articles in JSTOR and Scopus},
    author        = {Albarillo, F.},
    year          = {2014},
    month         = {4},
    day           = {3},
    journal       = {Behavioral \& Social Sciences Librarian},
    volume        = {33},
    number        = {2},
    pages         = {77--90},
    doi           = {10.1080/01639269.2014.904693},
    url           = {https://doi.org/10.1080/01639269.2014.904693},
}

@article{smeda2014effectiveness,
    title         = {The effectiveness of digital storytelling in the classrooms: a comprehensive study},
    author        = {Smeda, N. and Dakich, E. and Sharda, N.},
    year          = {2014},
    month         = {12},
    day           = {3},
    journal       = {Smart Learning Environments},
    volume        = {1},
    number        = {1},
    pages         = {6},
    doi           = {10.1186/s40561-014-0006-3},
    url           = {https://doi.org/10.1186/s40561-014-0006-3},
}

@article{dudacek_transmedia_2015,
    title         = {Transmedia {Storytelling} in {Education}},
    author        = {Dudacek, Oto},
    year          = {2015},
    month         = {7},
    journal       = {Procedia - Social and Behavioral Sciences},
    series        = {7th {World} {Conference} on {Educational} {Sciences}},
    volume        = {197},
    pages         = {694--696},
    doi           = {10.1016/j.sbspro.2015.07.062},
    issn          = {1877-0428},
    url           = {https://www.sciencedirect.com/science/article/pii/S1877042815040562},
    urldate       = {2024-06-10},
    keywords      = {Storytelling, Transmedia, Education, Student, Pupil},
}

@article{nam_designing_2015,
    title         = {Designing interactive narratives for mobile augmented reality},
    author        = {Nam, Yanghee},
    year          = {2015},
    month         = {3},
    journal       = {Cluster Computing},
    volume        = {18},
    number        = {1},
    pages         = {309--320},
    doi           = {10.1007/s10586-014-0354-3},
    issn          = {1573-7543},
    url           = {https://doi.org/10.1007/s10586-014-0354-3},
    urldate       = {2024-06-10},
    keywords      = {Interactive narrative, Digital storytelling, Augmented reality, Mobile media},
}

@article{alismail2015integrate,
    title         = {Integrate Digital Storytelling in Education},
    author        = {Alismail, H. A.},
    year          = {2015},
    journal       = {Journal of Education and Practice},
    volume        = {6},
    number        = {9},
    pages         = {126--129},
}

@article{tiba2015digital,
    title         = {Digital storytelling as a tool for teaching: perceptions of pre-service teachers},
    author        = {Tiba, C. and others},
    year          = {2015},
    month         = {7},
    journal       = {TD: The Journal for Transdisciplinary Research in Southern Africa},
    volume        = {11},
    number        = {1},
    pages         = {82--97},
}

@inproceedings{bratitsis_digital_2016,
    title         = {A {Digital} {Storytelling} {Approach} for {Fostering} {Empathy} {Towards} {Autistic} {Children}: {Lessons} learned},
    shorttitle    = {A {Digital} {Storytelling} {Approach} for {Fostering} {Empathy} {Towards} {Autistic} {Children}},
    author        = {Bratitsis, Tharrenos},
    year          = {2016},
    month         = {12},
    booktitle     = {Proceedings of the 7th {International} {Conference} on {Software} {Development} and {Technologies} for {Enhancing} {Accessibility} and {Fighting} {Info}-exclusion},
    publisher     = {ACM},
    address       = {Vila Real Portugal},
    pages         = {301--308},
    doi           = {10.1145/3019943.3019987},
    isbn          = {9781450347488},
    url           = {https://dl.acm.org/doi/10.1145/3019943.3019987},
    urldate       = {2024-06-10},
}

@article{mongeon2016journal,
    title         = {The journal coverage of Web of Science and Scopus: a comparative analysis},
    author        = {Mongeon, P. and Paul-Hus, A.},
    year          = {2016},
    month         = {1},
    day           = {1},
    journal       = {Scientometrics},
    volume        = {106},
    number        = {1},
    pages         = {213--228},
    doi           = {10.1007/s11192-015-1765-5},
    url           = {https://doi.org/10.1007/s11192-015-1765-5},
}

@article{moezzi_using_2017,
    title         = {Using stories, narratives, and storytelling in energy and climate change research},
    author        = {Moezzi, Mithra and Janda, Kathryn B. and Rotmann, Sea},
    year          = {2017},
    month         = {9},
    journal       = {Energy Research \& Social Science},
    series        = {Narratives and {Storytelling} in {Energy} and {Climate} {Change} {Research}},
    volume        = {31},
    pages         = {1--10},
    doi           = {10.1016/j.erss.2017.06.034},
    issn          = {2214-6296},
    url           = {https://www.sciencedirect.com/science/article/pii/S2214629617302050},
    urldate       = {2024-06-10},
    keywords      = {Stories, Storytelling, Narratives, Imaginaries, Energy, Climate change},
}

@inproceedings{nobrega_mobile_2017,
    title         = {Mobile location-based augmented reality applications for urban tourism storytelling},
    author        = {N\'{o}brega, Rui and Jacob, Jo\~{a}o and Coelho, Ant\'{o}nio and Weber, Jessika and Ribeiro, Jo\~{a}o and Ferreira, Soraia},
    year          = {2017},
    month         = {10},
    booktitle     = {2017 24\textordmasculine{} {Encontro} {Portugu\^{e}s} de {Computa\c{c}\~{a}o} {Gr\'{a}fica} e {Intera\c{c}\~{a}o} ({EPCGI})},
    pages         = {1--8},
    doi           = {10.1109/EPCGI.2017.8124314},
    url           = {https://ieeexplore.ieee.org/document/8124314},
    urldate       = {2024-06-10},
    keywords      = {Games, Urban areas, Mobile communication, Media, Multimedia communication, Augmented reality, Mobile handsets, augmented reality, location-based games, mobile applications, tourism applitions},
}

@incollection{schotten_brief_2017,
    title         = {A {Brief} {History} of {Scopus}: {The} {World}'s {Largest} {Abstract} and {Citation} {Database} of {Scientific} {Literature}},
    shorttitle    = {A {Brief} {History} of {Scopus}},
    author        = {Schotten, Michiel and Aisati, M'hamed el and Meester, Wim J. N. and Steiginga, Susanne and Ross, Cameron A.},
    year          = {2017},
    booktitle     = {Research {Analytics}},
    publisher     = {Auerbach Publications},
    isbn          = {9781315155890},
}

@book{arnoud_climate_2018,
    title         = {Climate {Change} and {Storytelling}: {Narratives} and {Cultural} {Meaning} in {Environmental} {Communication}},
    author        = {Arnoud, A.},
    year          = {2018},
    publisher     = {Springer},
}

@book{vergara_ramirez_narrar_2018,
    title         = {Narrar el aprendizaje},
    author        = {Vergara Ram\'{\i}rez, Juan Jos\'{e}},
    year          = {2018},
    publisher     = {SM},
    address       = {Spain},
    url           = {https://www.amazon.es/Narrar-aprendizaje-Biblioteca-Innovaci\%C3\%B3n-Educativa/dp/8491076646},
    urldate       = {2024-06-10},
}

@article{moreau_digital_2018,
    title         = {Digital storytelling in health professions education: a systematic review},
    shorttitle    = {Digital storytelling in health professions education},
    author        = {Moreau, Katherine A. and Eady, Kaylee and Sikora, Lindsey and Horsley, Tanya},
    year          = {2018},
    month         = {9},
    day           = {10},
    journal       = {BMC Medical Education},
    volume        = {18},
    number        = {1},
    pages         = {208},
    doi           = {10.1186/s12909-018-1320-1},
    issn          = {1472-6920},
    url           = {https://doi.org/10.1186/s12909-018-1320-1},
    urldate       = {2024-06-10},
    keywords      = {Systematic review, Digital storytelling, Health professions education},
}

@inproceedings{skaraas_playing_2018,
    title         = {Playing with {Empathy} {Through} a {Collaborative} {Storytelling} {Game}},
    author        = {Skaraas, Sindre B. and Gomez, Javier and Jaccheri, Letizia},
    year          = {2018},
    booktitle     = {Entertainment {Computing} – {ICEC} 2018},
    publisher     = {Springer International Publishing},
    address       = {Cham},
    pages         = {254--259},
    doi           = {10.1007/978-3-319-99426-0\_26},
    isbn          = {9783319994260},
    editor        = {Clua, Esteban and Roque, Licinio and Lugmayr, Artur and Tuomi, Pauliina},
    keywords      = {Serious games, Affective learning, Empathy, Collaborative storytelling},
}

@phdthesis{thompson_communicating_2018,
    title         = {Communicating the {Iterative} {Spiral} {Model} of {Healthcare} {Innovation} {Using} {Narrative} {Animation}},
    author        = {Thompson, Tziporah Orah},
    year          = {2018},
    month         = {3},
    day           = {20},
    url           = {http://jhir.library.jhu.edu/handle/1774.2/59222},
    urldate       = {2024-06-10},
    school        = {Johns Hopkins University},
    department    = {Art as Applied to Medicine},
    type          = {Tese (Mestrado em Arts in Medical and Biological Illustration)},
}

@article{md2018bibliometric,
    title         = {Bibliometric analysis of global research trends on microbial fuel cells using Scopus database},
    author        = {Md Khudzari, J. and others},
    year          = {2018},
    month         = {8},
    day           = {15},
    journal       = {Biochemical Engineering Journal},
    volume        = {136},
    pages         = {51--60},
    doi           = {10.1016/j.bej.2018.05.002},
    url           = {https://doi.org/10.1016/j.bej.2018.05.002},
}

@article{celume_fostering_2019,
    title         = {Fostering {Children} and {Adolescents}' {Creative} {Thinking} in {Education}. {Theoretical} {Model} of {Drama} {Pedagogy} {Training}},
    author        = {Celume, Macarena-Paz and Besan\c{c}on, Maud and Zenasni, Franck},
    year          = {2019},
    month         = {1},
    journal       = {Frontiers in Psychology},
    volume        = {9},
    doi           = {10.3389/fpsyg.2018.02611},
    issn          = {1664-1078},
    url           = {https://www.frontiersin.org/journals/psychology/articles/10.3389/fpsyg.2018.02611/full},
    urldate       = {2024-06-10},
    language      = {English},
    keywords      = {Drama pedagogy, Drama, Education, Children, creativity},
}

@book{sheldon_dark_2019,
    title         = {The {Dark} {Side} of {Social} {Media}: {Psychological}, {Managerial}, and {Societal} {Perspectives}},
    author        = {Sheldon, P. and Rauschnabel, P. and Honeycutt, J. M.},
    year          = {2019},
    publisher     = {Academic Press},
}

@article{vaughan-lee_power_2019,
    title         = {The {Power} of {Immersive} {Storytelling}: {A} tool for transformative learning},
    shorttitle    = {The {Power} of {Immersive} {Storytelling}},
    author        = {Vaughan-Lee, Cleary},
    year          = {2019},
    month         = {5},
    journal       = {Childhood Education},
    volume        = {95},
    number        = {3},
    pages         = {23--31},
    doi           = {10.1080/00094056.2019.1616466},
    issn          = {0009-4056, 2162-0725},
    url           = {https://www.tandfonline.com/doi/full/10.1080/00094056.2019.1616466},
    urldate       = {2024-06-10},
}

@article{vila_gamificacion_2019,
    title         = {La {Gamificaci\'{o}n} aplicada al {Sector} {Tur\'{\i}stico}: {An\'{a}lisis} sistem\'{a}tico sobre la base de datos {Scopus}},
    shorttitle    = {La {Gamificaci\'{o}n} aplicada al {Sector} {Tur\'{\i}stico}},
    author        = {Vila, Noelia Ara\'{u}jo and Barroso, B\'{a}rbara and Gomes, Rog\'{e}rio Azevedo and Cardoso, Luc\'{\i}lia},
    year          = {2019},
    month         = {7},
    journal       = {International Journal of Marketing, Communication and New Media},
    volume        = {7},
    number        = {12},
    issn          = {2182-9306},
    url           = {http://u3isjournal.isvouga.pt/index.php/ijmcnm/article/view/371},
    urldate       = {2024-06-10},
    copyright     = {Copyright (c) 2019 Noelia Ara\'{u}jo Vila, B\'{a}rbara Barroso, Rog\'{e}rio Azevedo Gomes, Luc\'{\i}lia Cardoso},
    keywords      = {Gamification, Tourism, Literature review, Scopus},
}

@article{alryalat2019comparing,
    title         = {Comparing Bibliometric Analysis Using PubMed, Scopus, and Web of Science Databases},
    author        = {Alryalat, S. A. S. and Malkawi, L. W. and Momani, S. M.},
    year          = {2019},
    month         = {10},
    day           = {24},
    journal       = {JoVE (Journal of Visualized Experiments)},
    number        = {152},
    pages         = {e58494},
    doi           = {10.3791/58494},
    url           = {https://doi.org/10.3791/58494},
}

@article{bakar2019digital,
    title         = {Digital storytelling: an influential reading comprehension and creativity tool for the 21st century literacy skills},
    author        = {Bakar, R. A.},
    year          = {2019},
    month         = {10},
    day           = {13},
    journal       = {Journal of English Language Teaching Innovations and Materials (Jeltim)},
    volume        = {1},
    number        = {2},
    pages         = {49--53},
}

@article{baas_scopus_2020,
    title         = {Scopus as a curated, high-quality bibliometric data source for academic research in quantitative science studies},
    author        = {Baas, Jeroen and Schotten, Michiel and Plume, Andrew and C\^{o}t\'{e}, Gr\'{e}goire and Karimi, Reza},
    year          = {2020},
    month         = {2},
    journal       = {Quantitative Science Studies},
    volume        = {1},
    number        = {1},
    pages         = {377--386},
    doi           = {10.1162/qss\_a\_00019},
    issn          = {2641-3337},
    url           = {https://direct.mit.edu/qss/article/1/1/377-386/15571},
    urldate       = {2024-06-10},
}

@article{kerr_augmented_2020,
    title         = {Augmented {Reality} in {Design} {Education}: {Landscape} {Architecture} {Studies} as {AR} {Experience}},
    shorttitle    = {Augmented {Reality} in {Design} {Education}},
    author        = {Kerr, Jeremy and Lawson, Gillian},
    year          = {2020},
    month         = {2},
    journal       = {International Journal of Art \& Design Education},
    volume        = {39},
    number        = {1},
    pages         = {6--21},
    doi           = {10.1111/jade.12227},
    issn          = {1476-8062, 1476-8070},
    url           = {https://onlinelibrary.wiley.com/doi/10.1111/jade.12227},
    urldate       = {2024-06-10},
}

@article{lenhart_more_2020,
    title         = {More than words: {Narrator} engagement during storytelling increases children's word learning, story comprehension, and on-task behavior},
    shorttitle    = {More than words},
    author        = {Lenhart, Jan and Lenhard, Wolfgang and Vaahtoranta, Enni and Suggate, Sebastian},
    year          = {2020},
    journal       = {Early Childhood Research Quarterly},
    volume        = {51},
    pages         = {338--351},
    doi           = {10.1016/j.ecresq.2019.12.009},
    issn          = {1873-7706},
    keywords      = {Oral Reading, Storytelling, Verbal Comprehension, Vocabulary, Psychological Engagement, Language Development},
}

@article{sidorenko-bautista_use_2020,
    title         = {Use of {New} {Narratives} for {COVID}-19 {Reporting}: {From} 360\textordmasculine{} {Videos} to {Ephemeral} {TikTok} {Videos} in {Online} {Media}},
    shorttitle    = {Use of {New} {Narratives} for {COVID}-19 {Reporting}},
    author        = {Sidorenko-Bautista, Pavel and Casa, Jos\'{e} Mar\'{\i}a Herranz de la and Juli\'{a}n, Juan Ignacio Cantero de},
    year          = {2020},
    journal       = {Tripodos},
    volume        = {1},
    number        = {47},
    pages         = {105--122},
    doi           = {10.51698/tripodos.2020.47p105-122},
    issn          = {2340-5007},
    url           = {https://tripodos.com/index.php/Facultat\_Comunicacio\_Blanquerna/article/view/806},
    urldate       = {2024-06-10},
    copyright     = {Copyright (c) 2021 Tripodos},
    keywords      = {Communication, Journalism, Public Relations},
}

@article{una_martin_aproximacion_2020,
    title         = {Aproximaci\'{o}n a una escuela sin muros: {M\'{a}s} all\'{a} de la pandemia {Covid}-19. {Revisi\'{o}n} sistem\'{a}tica},
    author        = {U\~{n}a Mart\'{\i}n, Blanca de},
    year          = {2020},
    month         = {2},
    journal       = {Revisi\'{o}n sistem\'{a}tica},
    url           = {https://openaccess.uoc.edu/handle/10609/136511},
    urldate       = {2024-06-10},
    copyright     = {CC BY-NC-ND},
}

@book{copete_piris_herramientas_2020,
    title         = {Herramientas para el aprendizaje en educaci\'{o}n formal y no-formal: el enfoque de proyectos - libreria.educacion.gob.es},
    author        = {Copete Piris, Rocio and Vergara Ram\'{\i}rez, Juan Jos\'{e} and Warren Alonso, Paula Isabel},
    year          = {2020},
    publisher     = {Subdirecci\'{o}n General de Aprendizaje a lo largo de la vida. Aula Mentor},
    series        = {Aula {Mentor}},
}

@article{herrera-franco2020research,
    title         = {Research Trends in Geotourism: A Bibliometric Analysis Using the Scopus Database},
    author        = {Herrera-Franco, G. and others},
    year          = {2020},
    month         = {10},
    journal       = {Geosciences},
    volume        = {10},
    number        = {10},
    pages         = {379},
    doi           = {10.3390/geosciences10100379},
    url           = {https://doi.org/10.3390/geosciences10100379},
}

@book{vergara2020herramientas,
    title         = {Herramientas para el aprendizaje formal y no-formal : el enfoque de proyectos},
    author        = {Vergara Ram\'{\i}rez, J. J. and Copete Piris, R.},
    year          = {2020},
    pages         = {1--93},
}

@article{wu2020systematic,
    title         = {A systematic review of educational digital storytelling},
    author        = {Wu, J. and Chen, D.-T. V.},
    year          = {2020},
    month         = {4},
    day           = {1},
    journal       = {Computers \& Education},
    volume        = {147},
    pages         = {103786},
    doi           = {10.1016/j.compedu.2019.103786},
    issn          = {0360-1315},
    url           = {https://doi.org/10.1016/j.compedu.2019.103786},
}

@article{agbo_scientific_2021,
    title         = {Scientific production and thematic breakthroughs in smart learning environments: a bibliometric analysis},
    shorttitle    = {Scientific production and thematic breakthroughs in smart learning environments},
    author        = {Agbo, Friday Joseph and Oyelere, Solomon Sunday and Suhonen, Jarkko and Tukiainen, Markku},
    year          = {2021},
    month         = {1},
    journal       = {Smart Learning Environments},
    volume        = {8},
    number        = {1},
    pages         = {1},
    doi           = {10.1186/s40561-020-00145-4},
    issn          = {2196-7091},
    url           = {https://doi.org/10.1186/s40561-020-00145-4},
    urldate       = {2024-06-10},
    keywords      = {Smart learning environments, Bibliometric analysis, Bibliometrix R-package, Science mapping, Research trends, Biblioshiny},
}

@inproceedings{alfian_role_2021,
    title         = {The {Role} of {Civil} {Society} in {Indonesia} for {Global} {Humanitarian} {Narratives} in {Digitalization} {Era}},
    author        = {Alfian, Muhammad and Pinem, Robetmi},
    year          = {2021},
    month         = {3},
    isbn          = {9781631902901},
    url           = {https://eudl.eu/doi/10.4108/eai.9-10-2020.2304715},
    urldate       = {2024-06-10},
}

@article{bloomfield_climate_2021,
    title         = {Climate communication and storytelling},
    author        = {Bloomfield, Emma Frances and Manktelow, Chris},
    year          = {2021},
    month         = {8},
    journal       = {Climatic Change},
    volume        = {167},
    number        = {3-4},
    pages         = {34},
    doi           = {10.1007/s10584-021-03199-6},
    issn          = {0165-0009, 1573-1480},
    url           = {https://link.springer.com/10.1007/s10584-021-03199-6},
    urldate       = {2024-06-10},
}

@article{de_meyer_transforming_2021,
    title         = {Transforming the stories we tell about climate change: from `issue' to `action'},
    shorttitle    = {Transforming the stories we tell about climate change},
    author        = {De Meyer, Kris and Coren, Emily and McCaffrey, Mark and Slean, Cheryl},
    year          = {2021},
    month         = {1},
    journal       = {Environmental Research Letters},
    volume        = {16},
    number        = {1},
    pages         = {015002},
    doi           = {10.1088/1748-9326/abcd5a},
    issn          = {1748-9326},
    url           = {https://iopscience.iop.org/article/10.1088/1748-9326/abcd5a},
    urldate       = {2024-06-10},
}

@article{figueroa_fusionando_2021,
    title         = {Fusionando la realidad aumentada en la educaci\'{o}n biling\"{u}e y {ESL}: {Percepciones} de futuros maestros},
    author        = {Figueroa, Jorge and Huffman, Lisa and D\'{a}vila, Emarely Rosa},
    year          = {2021},
    month         = {6},
    journal       = {Innoeduca. International Journal of Technology and Educational Innovation},
    volume        = {7},
    number        = {1},
    pages         = {51--60},
    doi           = {10.24310/innoeduca.2021.v7i1.9823},
    issn          = {2444-2925},
    url           = {https://revistas.uma.es/index.php/innoeduca/article/view/9823},
    urldate       = {2024-06-10},
    copyright     = {Copyright (c)},
}

@article{kim_digital_2021,
    title         = {Digital storytelling as a tool for reflection in virtual reality projects},
    author        = {Kim, Deoksoon and Coenraad, Merijke and Park, Ho Ryong},
    year          = {2021},
    month         = {6},
    journal       = {Journal of Curriculum Studies Research},
    volume        = {3},
    number        = {1},
    pages         = {101--121},
    doi           = {10.46303/jcsr.2021.9},
    issn          = {2690-2788},
    url           = {https://www.curriculumstudies.org/index.php/CS/article/view/82},
    urldate       = {2024-06-10},
    copyright     = {Copyright (c)},
    keywords      = {digital storytelling, project-based learning, reflection, middle school learners},
}

@article{monroy_retos_2021,
    title         = {Retos de la {Educaci\'{o}n} {Superior} frente al {COVID}-19},
    author        = {Monroy, L. C. M.},
    year          = {2021},
    journal       = {Revista Cient\'{\i}fica Internacional},
    volume        = {4},
    number        = {1},
    pages         = {55--60},
}

@article{secundo_threat_2021,
    title         = {Threat or opportunity? {A} case study of digital-enabled redesign of entrepreneurship education in the {COVID}-19 emergency},
    shorttitle    = {Threat or opportunity?},
    author        = {Secundo, Giustina and Mele, Gioconda and Vecchio, Pasquale Del and Elia, Gianluca and Margherita, Alessandro and Ndou, Valentina},
    year          = {2021},
    month         = {5},
    journal       = {Technological Forecasting and Social Change},
    volume        = {166},
    pages         = {120565},
    doi           = {10.1016/j.techfore.2020.120565},
    issn          = {0040-1625},
    url           = {https://www.sciencedirect.com/science/article/pii/S0040162520313913},
    urldate       = {2024-06-10},
    keywords      = {Contamination Lab, Covid-19, Digital technologies, Entrepreneurship education, Entrepreneurial learning, Entrepreneurial Mindset, Virtual elevator pitch},
}

@article{tabieh_effect_2021,
    title         = {The {Effect} of {Using} {Digital} {Storytelling} on {Developing} {Active} {Listening} and {Creative} {Thinking} {Skills}},
    author        = {Tabieh, Ahmad A.S. and Al-Hileh, Mohamed M. and Afifa, Haya M. J. Abu and Abuzagha, Hiba Yacoub},
    year          = {2021},
    month         = {1},
    journal       = {European Journal of Educational Research},
    volume        = {volume-10-2021},
    number        = {volume-10-issue-1-january-2021},
    pages         = {13--21},
    doi           = {10.12973/eu-jer.10.1.13},
    issn          = {21658714, 21658714},
    url           = {https://www.eu-jer.com/the-effect-of-using-digital-storytelling-on-developing-active-listening-and-creative-thinking-skills},
    urldate       = {2024-06-10},
}

@article{torras_virgili_emergency_2021,
    title         = {Emergency {Remote} {Teaching}: las {TIC} aplicadas a la educaci\'{o}n durante el confinamiento por {COVID}-19},
    shorttitle    = {Emergency {Remote} {Teaching}},
    author        = {Torras Virgili, Mar\'{\i}a Eulalia},
    year          = {2021},
    journal       = {Innoeduca: international journal of technology and educational innovation},
    volume        = {7},
    number        = {1},
    pages         = {122--136},
    issn          = {2444-2925},
    url           = {https://dialnet.unirioja.es/servlet/articulo?codigo=7938689},
    urldate       = {2024-06-10},
}

@article{al-shaye2021digital,
    title         = {Digital storytelling for improving critical reading skills, critical thinking skills, and self-regulated learning skills},
    author        = {Al-Shaye, S.},
    year          = {2021},
    journal       = {K\i{}br\i{}sl\i{} E\u{g}itim Bilimleri Dergisi},
    volume        = {16},
    number        = {4},
    pages         = {2049--2069},
}

@article{beck2021digital,
    title         = {Digital Storytelling: A Qualitative Study Exploring the Benefits, Challenges, and Solutions},
    author        = {Beck, M. S. and Neil, J. A.},
    year          = {2021},
    month         = {3},
    journal       = {CIN: Computers, Informatics, Nursing},
    volume        = {39},
    number        = {3},
    pages         = {123--128},
    doi           = {10.1097/CIN.0000000000000667},
    url           = {https://doi.org/10.1097/CIN.0000000000000667},
}

@article{donthu2021how,
    title         = {How to conduct a bibliometric analysis: An overview and guidelines},
    author        = {Donthu, N. and others},
    year          = {2021},
    month         = {9},
    day           = {1},
    journal       = {Journal of Business Research},
    volume        = {133},
    pages         = {285--296},
    doi           = {10.1016/j.jbusres.2021.04.070.},
    url           = {https://doi.org/10.1016/j.jbusres.2021.04.070.},
}

@article{pham2021bibliometric,
    title         = {A bibliometric review of research on international student mobilities in Asia with Scopus dataset between 1984 and 2019},
    author        = {Pham, H.-H. and others},
    year          = {2021},
    month         = {6},
    day           = {1},
    journal       = {Scientometrics},
    volume        = {126},
    number        = {6},
    pages         = {5201--5224},
    doi           = {10.1007/s11192-021-03965-4},
    url           = {https://doi.org/10.1007/s11192-021-03965-4},
}

@article{ruiz-palmero2021estudio,
    title         = {Estudio del uso y consumo de dispositivos m\'{o}viles en universitarios},
    author        = {Ruiz-Palmero, J. and others},
    year          = {2021},
    month         = {7},
    day           = {1},
    journal       = {Digital Education Review},
    number        = {39},
    pages         = {89--106},
    doi           = {10.1344/der.2021.39.89-104},
    url           = {https://doi.org/10.1344/der.2021.39.89-104},
}

@article{belda-medina_promoting_2022,
    title         = {Promoting inclusiveness, creativity and critical thinking through digital storytelling among {EFL} teacher candidates},
    author        = {Belda-Medina, Jose},
    year          = {2022},
    month         = {1},
    journal       = {International Journal of Inclusive Education},
    volume        = {26},
    number        = {2},
    pages         = {109--123},
    doi           = {10.1080/13603116.2021.2011440},
    issn          = {1360-3116, 1464-5173},
    url           = {https://www.tandfonline.com/doi/full/10.1080/13603116.2021.2011440},
    urldate       = {2024-06-10},
}

@article{abdel-aziz__digital_2022,
    title         = {Digital {Storytelling}: {A} {Video}-based {Approach} for {Engaging} {University} {Students} in {Health} {Education} {\textbar} {Open} {Access} {Macedonian} {Journal} of {Medical} {Sciences}},
    author        = {Abdel-Aziz , Shaimaa and Samir Galal, Yasmine and Al Hanafy, Salah Hassan and Ghamrawy, Mohamed and Shaheen , Dina Samy Mohamed},
    year          = {2022},
    month         = {1},
    journal       = {Open Access Macedonian Journal of Medical Sciences},
    volume        = {10},
    number        = {E},
    pages         = {33--39},
    url           = {https://oamjms.eu/index.php/mjms/article/view/7382},
    urldate       = {2024-06-10},
}

@article{sanchez-rivas_narrative-based_2022,
    title         = {Narrative-based learning using mobile devices},
    author        = {S\'{a}nchez-Rivas, Enrique and Ramos N\'{u}\~{n}ez, Manuel Fernando and Ramos Navas-Parejo, Magdalena and De La Cruz-Campos, Juan Carlos},
    year          = {2022},
    month         = {1},
    journal       = {Education + Training},
    volume        = {65},
    number        = {2},
    pages         = {284--297},
    doi           = {10.1108/ET-06-2022-0244},
    issn          = {0040-0912},
    url           = {https://doi.org/10.1108/ET-06-2022-0244},
    urldate       = {2024-06-10},
    keywords      = {Educational innovation, Active learning methodologies, Narrative-based learning, Mobile~learning, University education, Reading promotion},
}

@mastersthesis{vilhelm_rios_didactica_2022,
    title         = {La did\'{a}ctica de las {TIC} en la ense\~{n}anza de segundas lenguas. {An\'{a}lisis} del impacto de la {COVID}-19},
    author        = {Vilhelm Rios, Monica},
    year          = {2022},
    address       = {Madrid},
    school        = {Universidad Nacional de Educaci\'{o}n a Distancia. Facultad de Filolog\'{\i}a. Departamento de Filolog\'{\i}as extranjeras y sus lingu\'{\i}sticas},
}

@mastersthesis{yasar__2022,
    title         = {{The} {Effects} of {Project}-based {Learning} {Using} {Storytelling} on {Enhancing} {EFL} {Young} {Learners}' 21st {Century} {Skills}},
    author        = {Yasar, B.},
    year          = {2022},
    address       = {Portugal},
    school        = {Instituto Polit\'{e}cnico do Porto. Escola Superior de Educa\c{c}\~{a}o},
}

@article{open2022digital,
    title         = {Digital Storytelling: A Video-based Approach for Engaging University Students in Health Education},
    author        = {Abdel-Aziz, S. and others},
    year          = {2022},
    month         = {1},
    day           = {10},
    journal       = {Open Access Macedonian Journal of Medical Sciences},
    volume        = {10},
    number        = {(E)},
    pages         = {33--39},
    doi           = {10.3889/oamjms.2022.7382},
    url           = {https://doi.org/10.3889/oamjms.2022.7382},
}

@article{sanchez_rivas_experiencia_2023,
    title         = {Experiencia de aprendizaje cooperativo mediada por el uso de dispositivos m\'{o}viles},
    author        = {S\'{a}nchez Rivas, Enrique and Ruiz Palmero, Julio and Ramos N\'{u}\~{n}ez, Manuel Fernando},
    year          = {2023},
    month         = {5},
    url           = {http://dspace.uib.es/xmlui/handle/11201/160522},
    urldate       = {2024-06-10},
    language      = {spa},
}

@article{singh2024large,
    title         = {Large Scopus Data Sets and Its Analysis for Decision Making},
    author        = {Singh, P. K.},
    year          = {2024},
    month         = {4},
    day           = {1},
    journal       = {Annals of Data Science},
    volume        = {11},
    number        = {2},
    pages         = {589--618},
    doi           = {10.1007/s40745-022-00435-3},
    url           = {https://doi.org/10.1007/s40745-022-00435-3},
}
