@article{alshabeb2018study,
  title={A study of EFL Saudi students’ use of mobile social media applications for learning},
  author={Alshabeb, Abdulrahman and Almaqrn, Riam},
  journal={Arab World English Journal},
  volume={4},
  number={4},
  pages={214--226},
  year={2018},
  doi={https://dx.doi.org/10.24093/awej/call4.17}
}

@article{awada2020effect,
  title={Effect of Student Team Achievement Division through WebQuest on EFL Students’ Argumentative Writing Skills and Their Instructors’ Perceptions},
  author={Awada, Ghada and Burston, Jack and Ghannage, Rosie},
  journal={Computer Assisted Language Learning},
  volume={33},
  number={3},
  pages={275--300},
  year={2020},
  doi={http://dx.doi.org/10.1080/09588221.2018.1558254}
}

@article{budiman2020ict,
  title={ICT and foreign language learning: An overview},
  author={Budiman, Asep},
  journal={Tarling: Journal of Language Education},
  volume={3},
  number={2},
  pages={245--267},
  year={2020},
  doi={https://doi.org/10.24090/tarling.v3i2.3913}
}

@article{carrio2015collaborative,
  title={Collaborative learning and communication technologies in teaching business English},
  author={Carri{\'o}-Pastor, Maria Luisa and Skorczynska, Hanna},
  journal={Procedia-Social and Behavioral Sciences},
  volume={178},
  pages={32--37},
  year={2015},
  doi={https://doi.org/10.1016/j.sbspro.2015.03.142}
}

@book{council2001common,
  title={Common European framework of reference for languages: Learning, teaching, assessment},
  author={{Council of Europe}},
  year={2001},
  address={Strasbourg},
  publisher={Modern Languages Division},
  url={https://rm.coe.int/16802fc1bf},
  urldate={2023-04-17}
}

@article{dmitrenko2020autonomousA,
  title={Autonomous ESP Learning of Prospective Teachers of Mathematics},
  author={Dmitrenko, Natalia and Nikolaeva, Sophia and Melnyk, Liudmyla and Voloshyna, Oksana},
  journal={Revista Romaneasca pentru Educatie Multidimensionala},
  volume={12},
  number={1},
  pages={86--104},
  year={2020},
  doi={https://doi:10.18662/rrem/201}
}

@book{dmitrenko2020autonomous,
  title={Autonomous teaching of professionally oriented English communication of intending mathematics teachers},
  author={Dmitrenko, Natalia},
  year={2020},
  url={http://tinyurl.com/rbfjywrb},
  urldate={2023-04-17}
}

@article{ebadi2017exploring,
  title={Exploring Iranian post and undergraduate EFL university students’ attitudes toward CALL},
  author={Ebadi, Saman and Goodarzi, Ahmad},
  journal={Call-Ej},
  volume={18},
  number={2},
  pages={29--51},
  year={2017},
  url={https://www.researchgate.net/publication/319350898_Exploring_Iranian_Post_and_Undergraduate_EFL_University_Students'_Attitudes_toward_CALL},
  urldate={2023-04-17}
}

@book{egloff1997languages,
  title={Languages for work and life. The Council of Europe and vocationally oriented language learning (VOLL)},
  author={Egloff, Gerd and Fitzpatrick, Anthony},
  publisher={Council of Europe Publishing},
address={Strasburg},
  pages={1--24},
  year={1997},
  url={https://books.google.com.ua/books/about/Languages_for_Work_and_Life.html?id=aYBhAAAAMAAJ},
  urldate={2023-04-17}
}

@incollection{galan2019modern,
  title={Modern technologies in foreign language teaching: expectations, challenges, perspectives},
  author={Ga{\l}an, Beata and P{\'o}{\l}torak, Ewa},
  booktitle={What's new in new media},
  editor={Orzeł, B.},
  publisher={Katowice: Wydawnictwo Uniwersytetu Śląskiego},
  pages={65--78},
  address={Katowice},
  year={2019},
  url={https://www.ceeol.com/search/chapter-detail?id=854087},
  note={Visited on: 17 Apr. 2023}
}

@article{gurevych2022use,
  title={Use of an e-textbook for pre-service teachers in autonomous learning of English for specific purposes},
  author={Gurevych, Roman and Dmitrenko, Natalia and Petrova, Anastasiia and Podzygun, Olena and Opushko, Nadiia},
  journal={Information Technologies and Learning Tools},
  volume={89},
  number={3},
  pages={64--77},
  year={2022},
  doi={https://doi.org/10.33407/itlt.v89i3.4941}
}

@article{hsu2017efl,
  title={EFL learners’ acceptance of technology in a computer-assisted language learning (CALL) context: The role of intrinsic-extrinsic motivation in English learning},
  author={Hsu, Lewei},
  journal={International Journal of Information and Education Technology},
  volume={7},
  number={9},
  pages={679--685},
  year={2017},
  doi={https://doi.org/10.18178/ijiet.2017.7.9.953}
}

@article{huzairin2020technology,
  title={Technology and language learning: English as a Foreign Language learners’ use of smartphones for online informal learning in Indonesia},
  author={Huzairin and Gede, Eka Putrawan and Bambang, Riadi},
  journal={Texto Livre: Linguagem e Tecnologia},
  volume={13},
  number={3},
  pages={103--120},
  year={2020},
  doi={https://doi.org/10.3}
}

@article{jalali2014attitudes,
  title={Attitudes of Iranian EFL learners towards CALL: the effect of treatment length investigated},
  author={Jalali, Sara and Dousti, Masoumeh},
  journal={Malaysian Journal of ELT Research},
  volume={10},
  number={1},
  pages={46--62},
  year={2014},
  url={https://www.melta.org.my/journals/MAJER/downloads/majer10_01_04.pdf},
  urldate={2023-04-17}
}

@article{janowska2017mediation,
  title={Mediation and mediation activities in foreign language teaching},
  author={Janowska, Iwona},
  journal={Foreign Languages at School},
  volume={61},
  number={3},
  pages={80--87},
  year={2017},
  url={https://issuu.com/frse/docs/jows-3-2017/s/15152615},
  urldate={2023-04-17}
}

@article{lai2018understanding,
  title={Understanding the nature of learners’ out-of-class language learning experience with technology},
  author={Lai, Chan and Hu, Xiao and Lyu, Boning},
  journal={Computer Assisted Language Learning},
  volume={31},
  number={1-2},
  pages={114--143},
  year={2018},
  doi={https://doi.org/10.1080/09588221.2017.1391293}
}

@article{lee2018when,
  title={When IDLE hands make an English workshop: Informal digital learning of English and language proficiency},
  author={Lee, Ju and Dressman, Mark},
  journal={TESOL Quarterly},
  volume={52},
  number={2},
  pages={435--445},
  year={2018},
  doi={https://doi.org/10.1002/tesq.422}
}

@article{nocentini2015anti,
  title={Anti-bullying programs and Information and Communication Technologies (ICTs): A systematic review},
  author={Nocentini, Annalaura and Zambuto, Valentina and Menesini, Ersilia},
  journal={Aggression and Violent Behavior},
  volume={23},
  pages={52--60},
  year={2015},
  doi={https://doi.org/10.1016/j.avb.2015.05.012}
}

@article{oz2015investigating,
  title={Investigating the relationship between foreign language learning and CALL attitudes among EFL freshman students},
  author={Oz, Huseyin},
  journal={Procedia - Social and Behavioral Sciences},
  volume={176},
  pages={1041--1049},
  year={2015},
  doi={https://doi.org/10.1016/j.sbspro.2015.01.576}
}

@article{rokenes2016prepared,
  title={Prepared to Teach ESL with ICT? A Study of Digital Competence in Norwegian Teacher Education},
  author={Røkenes, Fredrik Mørk and Krumsvik, Rune Johan},
  journal={Computers and Education},
  volume={97},
  pages={1--20},
  year={2016},
  doi={http://dx.doi.org/10.1016/j.compedu.2016.02.014}
}

@article{rosa2016experiences,
  title={Experiences, Perceptions and Attitudes on ICT Integration: A Case Study among Novice and Experienced Language Teachers in the Philippines},
  author={Rosa, Dela},
  journal={International Journal of Education and Development Using Information and Communication Technology},
  volume={12},
  number={3},
  pages={37--57},
  year={2016},
  url={http://ijedict.dec.uwi.edu/viewarticle.php?id=2204},
  note={Visited on: 17 Apr. 2023}
}

@article{sutherland2004transforming,
  title={Transforming Teaching and Learning: Embedding ICT into Everyday Classroom Practices},
  author={Sutherland, Rosamund and Armstrong, Victoria and Barnes, Sally},
  journal={Journal of Computer Assisted Learning},
  volume={20},
  number={6},
  pages={413--425},
  year={2004},
  doi={https://doi.org/10.1111/j.1365-2729.2004.00104.x}
}

@book{trim1997language,
  title={Language learning for European citizenship. Final Report of the Project Group (1989–1996)},
  author={Trim, John},
  publisher={Strasbourg: Council of Europe, Educational Committee},
  year={1997},
  url={https://books.google.com.ua/books/about/Language_Learning_for_European_Citizensh.html?id=NfX633CAkcUC},
  note={Visited on: 17 Apr. 2023}
}

@article{yao2016research,
  title={Research on web-based autonomous English learning of engineering students},
  author={Yao, Shuping},
  journal={International Journal of Emerging Technologies in Learning},
  volume={11},
  number={6},
  pages={4--9},
  year={2016},
  doi={https://doi.org/10.3991/ijet.v11i06.5802}
}
