@article{perez_zuniga_sociedad_2018,
	title = {La sociedad del conocimiento y la sociedad de la información como la piedra angular en la innovación tecnológica educativa / {The} {Knowledge} {Society} and the {Information} {Society} as the cornerstone in educational technology innovation},
	volume = {8},
	url = {http://ride.org.mx/index.php/RIDE/article/view/371},
	doi = {10.23913/ride.v8i16.371},
	number = {16},
	urldate = {2021-06-27},
	journal = {RIDE Revista Iberoamericana para la Investigación y el Desarrollo Educativo},
	author = {Pérez Zúñiga, Ricardo and Mercado Lozano, Paola and Martínez García, Mario and Mena Hernández, Ernesto and Partida Ibarra, José Ángel},
	month = jun,
	year = {2018},
	pages = {847--870},
}

@article{rodriguez_tecnologias_2020,
	title = {Tecnologías del aprendizaje: teorías, metodologías y procesos didácticos para favorecer el aprendizaje de los estudiantes del siglo {XXI}},
	volume = {13},
	url = {https://periodicos.ufmg.br/index.php/textolivre/article/view/26454},
	number = {3},
	urldate = {2021-06-27},
	journal = {Texto Livre: Linguagem e Tecnologia},
	author = {Romero Rodríguez, José María and Alonso García, Santiago},
	month = nov,
	year = {2020},
	pages = {i--ii},
}

@book{alexander_educause_2019,
	title = {Educause {Horizon} report: 2019 {Higher} {Education} edition.},
	author = {Alexander, Bryan and Ashford-Rowe, Kevin and Barajas-Murphy, Noreen and Dobbin, Gregory and Knott, Jessica and McCormack, Mark and Pomerantz, Jeffrey and Seilhamer, Ryan and Weber, Nicole},
	year = {2019},
	address = {Louisville, CO},
	publisher = {EDUCAUSE},
	url = {https://library.educause.edu/-/media/files/library/2019/4/2019horizonreport.pdf?la=en&hash=C8E8D444AF372E705FA1BF9D4FF0DD4CC6F0FDD1},
	urldate = {2021-6-27},
}