
@article{alabdulaziz_covid-19_2021,
	title = {{COVID}-19 and the use of digital technology in mathematics education},
	volume = {26},
	issn = {1360-2357, 1573-7608},
	url = {https://link.springer.com/10.1007/s10639-021-10602-3},
	doi = {10.1007/s10639-021-10602-3},
	language = {en},
	number = {6},
	urldate = {2022-08-19},
	journal = {Education and Information Technologies},
	author = {Alabdulaziz, M. S.},
	month = nov,
	year = {2021},
	pages = {7609--7633},
}

@article{acar_effects_2018,
	title = {The effects of {STEM} training on the academic achievement of 4th graders in science and mathematics and their views on {STEM} training},
	volume = {10},
	doi = {https://doi.org/10.26822/iejee.201843814},
	number = {4},
	journal = {International Electronic Journal of Elementary Education},
	author = {Acar, D. and Tertemiz, N. and Tademir, A.},
	year = {2018},
	pages = {505--513},
}

@article{alabdulaziz_effectiveness_2021,
	title = {The effectiveness of the {GeoGebra} {Programme} in the development of academic achievement and survival of the learning impact of the mathematics among secondary stage students},
	volume = {26},
	issn = {1360-2357, 1573-7608},
	url = {https://link.springer.com/10.1007/s10639-020-10371-5},
	doi = {10.1007/s10639-020-10371-5},
	language = {en},
	number = {3},
	urldate = {2022-08-19},
	journal = {Education and Information Technologies},
	author = {Alabdulaziz, M. S. and Aldossary, S. M. and Alyahya, S. A. and Althubiti, H. M.},
	month = may,
	year = {2021},
	pages = {2685--2713},
}

@article{altanis_systematic_2018,
	title = {Systematic {Design} and {Rapid} {Development} of {Motion}-{Based} {Touchless} {Games} for {Enhancing} {Students}’ {Thinking} {Skills}},
	volume = {8},
	issn = {2227-7102},
	url = {http://www.mdpi.com/2227-7102/8/1/18},
	doi = {10.3390/educsci8010018},
	language = {en},
	number = {1},
	urldate = {2022-08-19},
	journal = {Education Sciences},
	author = {Altanis, I. and Retalis, S. and Petropoulou, O.},
	month = jan,
	year = {2018},
	pages = {18},
}

@article{ardic_effect_2018,
	title = {The {Effect} of {Mathematics} {Instruction} through {Computer} {Algebra} {Systems} on the {Academic} {Achievements} of {Secondary} {Education} {Students}: {Turkey} {Example}},
	volume = {5},
	issn = {25180169, 24109991},
	shorttitle = {The {Effect} of {Mathematics} {Instruction} through {Computer} {Algebra} {Systems} on the {Academic} {Achievements} of {Secondary} {Education} {Students}},
	url = {http://asianonlinejournals.com/index.php/JEELR/article/view/39},
	doi = {10.20448/journal.509.2018.53.165.173},
	number = {3},
	urldate = {2022-08-19},
	journal = {Journal of Education and e-Learning Research},
	author = {Ardıç, M. A. and İşleyen, T.},
	year = {2018},
	pages = {165--173},
}

@article{aris_educational_2019,
	title = {Educational {Robotics} in the {Stage} of {Secondary} {Education}: {Empirical} {Study} on {Motivation} and {STEM} {Skills}},
	volume = {9},
	issn = {2227-7102},
	shorttitle = {Educational {Robotics} in the {Stage} of {Secondary} {Education}},
	url = {https://www.mdpi.com/2227-7102/9/2/73},
	doi = {10.3390/educsci9020073},
	language = {en},
	number = {2},
	urldate = {2022-08-19},
	journal = {Education Sciences},
	author = {Arís, N. and Orcos, L.},
	month = apr,
	year = {2019},
	pages = {73},
}

@article{attard_exploration_2020,
	title = {An exploration of teacher and student perceptions of blended learning in four secondary mathematics classrooms},
	issn = {1033-2170, 2211-050X},
	url = {http://link.springer.com/10.1007/s13394-020-00359-2},
	doi = {10.1007/s13394-020-00359-2},
	language = {en},
	urldate = {2022-08-19},
	journal = {Mathematics Education Research Journal},
	author = {Attard, C. and Holmes, K.},
	month = nov,
	year = {2020},
}

@article{bano_mobile_2018,
	title = {Mobile learning for science and mathematics school education: {A} systematic review of empirical evidence},
	volume = {121},
	issn = {03601315},
	shorttitle = {Mobile learning for science and mathematics school education},
	url = {https://linkinghub.elsevier.com/retrieve/pii/S0360131518300381},
	doi = {10.1016/j.compedu.2018.02.006},
	language = {en},
	urldate = {2022-08-19},
	journal = {Computers \& Education},
	author = {Bano, M. and Zowghi, D. and Kearney, M. and Schuck, S. and Aubusson, P.},
	month = jun,
	year = {2018},
	pages = {30--58},
}

@article{beltran_modelado_2017,
	title = {Modelado e impresión en {3D} en la enseñanza de las matemáticas: un estudio exploratorio},
	issn = {2254-5883},
	shorttitle = {Modelado e impresión en {3D} en la enseñanza de las matemáticas},
	url = {http://hdl.handle.net/10481/44193},
	doi = {10.30827/Digibug.44193},
	urldate = {2022-08-19},
	journal = {ReiDoCrea: Revista electrónica de investigación Docencia Creativa},
	author = {Beltrán, P. and Rodríguez, C.},
	year = {2017},
	pages = {16--28},
}

@article{benitez__effects_2019,
	title = {Effects on academic performance in secondary students according to the use of {ICT}},
	issn = {2386-4303},
	url = {https://www.upo.es/revistas/index.php/IJERI/article/view/4045},
	doi = {10.46661/ijeri.4045},
	number = {12},
	urldate = {2022-08-19},
	journal = {IJERI: International Journal of Educational Research and Innovation},
	author = {Benítez, L. M. and Sevillano, M. L. and Vázquez, E.},
	month = jun,
	year = {2019},
	pages = {90--108},
}

@article{birgin_effect_2020,
	title = {The effect of computer-supported collaborative learning using {GeoGebra} software on 11th grade students’ mathematics achievement in exponential and logarithmic functions},
	volume = {53},
	issn = {0020-739X, 1464-5211},
	url = {https://www.tandfonline.com/doi/full/10.1080/0020739X.2020.1788186},
	doi = {10.1080/0020739X.2020.1788186},
	language = {en},
	number = {4},
	urldate = {2022-08-19},
	journal = {International Journal of Mathematical Education in Science and Technology},
	author = {Birgin, O. and Acar, H.},
	month = apr,
	year = {2020},
	pages = {872--889},
}

@article{bogdan_stem_2021,
	title = {«{De} {STEM} nos gusta todo menos {STEM}». {Análisis} crítico de una tendencia educativa de moda},
	volume = {39},
	issn = {2174-6486, 0212-4521},
	url = {https://ensciencias.uab.cat/article/view/v39-n1-toma-garcia},
	doi = {10.5565/rev/ensciencias.3093},
	number = {1},
	urldate = {2022-08-19},
	journal = {Enseñanza de las Ciencias. Revista de investigación y experiencias didácticas},
	author = {Bogdan, R. and García-Carmona, A.},
	month = mar,
	year = {2021},
	pages = {65--80},
}

@article{colomo__percepcion_2020,
	title = {Percepción de estudiantes sobre el uso del videoblog como recurso digital en educación superior},
	issn = {11338482, 21717966},
	url = {https://institucional.us.es/revistas/PixelBit/2020/74358.pdf},
	doi = {10.12795/pixelbit.74358},
	number = {58},
	urldate = {2022-08-19},
	journal = {Pixel-Bit, Revista de Medios y Educación},
	author = {Colomo, E. and Gabarda, V. and Cívico, A. and Cuevas, N.},
	year = {2020},
}

@book{comision_recommended_2021,
	address = {LU},
	title = {Recommended annual instruction time in full-time compulsory education in {Europe}, 2020/21},
	isbn = {9789294846068},
	url = {https://data.europa.eu/doi/10.2797/14312},
	language = {eng},
	urldate = {2022-08-19},
	publisher = {Publications Office of the European Union},
	author = {{Comisión Europea}},
	year = {2021},
}

@book{comision_2nd_2019,
	address = {LU},
	title = {2nd survey of schools: {ICT} in education : objective 1 : benchmark progress in {ICT} in schools, final report.},
	shorttitle = {2nd survey of schools},
	url = {https://data.europa.eu/doi/10.2759/23401},
	language = {eng},
	urldate = {2022-08-19},
	publisher = {Publications Office},
	author = {{Comisión Europea}},
	year = {2019},
}

@techreport{comision_recomendacion_2006,
	title = {Recomendación del {Parlamento} {Europeo} y del {Consejo}, de 18 de diciembre de 2006 , sobre las competencias clave para el aprendizaje permanente},
	url = {http://data.europa.eu/eli/reco/2006/962/oj/spa},
	language = {es},
	urldate = {2022-08-19},
	author = {{Comisión Europea}},
	month = dec,
	year = {2006},
}

@misc{consejo_recomendacion_2018,
	title = {Recomendación del {Consejo} de 22 de mayo de 2018 relativa a las competencias clave para el aprendizaje permanente},
	url = {https://eur-lex.europa.eu/legal-content/ES/TXT/PDF/?uri=CELEX:32018H0604(01)&from=SV},
	journal = {Diario Oficial de la Unión Europea},
	author = {{Consejo Europeo}},
	month = jun,
	year = {2018},
}

@article{cuevas__flipped_2020,
	title = {Flipped classroom en tiempos de {COVID}-19: una perspectiva transversal},
	issn = {2386-4303},
	shorttitle = {Flipped classroom en tiempos de {COVID}-19},
	url = {https://www.upo.es/revistas/index.php/IJERI/article/view/5439},
	doi = {10.46661/ijeri.5439},
	number = {15},
	urldate = {2022-08-19},
	journal = {IJERI: International Journal of Educational Research and Innovation},
	author = {Cuevas, N. and Gabarda, V. and Cívico, A. and Colomo, E.},
	month = dec,
	year = {2020},
	pages = {326--341},
}

@article{curto__student_2019,
	title = {Student {Assessment} of the {Use} of {Kahoot} in the {Learning} {Process} of {Science} and {Mathematics}},
	volume = {9},
	issn = {2227-7102},
	url = {https://www.mdpi.com/2227-7102/9/1/55},
	doi = {10.3390/educsci9010055},
	language = {en},
	number = {1},
	urldate = {2022-08-19},
	journal = {Education Sciences},
	author = {Curto, M. and Orcos, L. and Blázquez, P. J. and Molina, F. J.},
	month = mar,
	year = {2019},
	pages = {55},
}

@article{del_cerro_application_2021,
	title = {Application in {Augmented} {Reality} for {Learning} {Mathematical} {Functions}: {A} {Study} for the {Development} of {Spatial} {Intelligence} in {Secondary} {Education} {Students}},
	volume = {9},
	issn = {2227-7390},
	shorttitle = {Application in {Augmented} {Reality} for {Learning} {Mathematical} {Functions}},
	url = {https://www.mdpi.com/2227-7390/9/4/369},
	doi = {10.3390/math9040369},
	language = {en},
	number = {4},
	urldate = {2022-08-19},
	journal = {Mathematics},
	author = {Del Cerro, F. and Morales, G.},
	month = feb,
	year = {2021},
	pages = {369},
}

@article{diaz__aprendizaje_2018,
	title = {Aprendizaje de las {Matemáticas} con el uso de {Simulación}},
	volume = {14},
	issn = {2346-0806, 1794-8932},
	url = {https://revistas.ugca.edu.co/index.php/sophia/article/view/519},
	doi = {10.18634/sophiaj.14v.1i.519},
	number = {1},
	urldate = {2022-08-19},
	journal = {Sophia},
	author = {Díaz , J. E.},
	month = apr,
	year = {2018},
	pages = {22--30},
}

@article{diego-mantecon_problemas_2018,
	title = {Problemas en contextos reales para trabajar las matemáticas - {Plataforma} {STEMforYouth}},
	volume = {58},
	journal = {Sociedad de la Información},
	author = {Diego-Mantecón, J. M. and García-Piqueras, M. and Blanco, T. and Ortiz-Laso, Z.},
	year = {2018},
	pages = {29--38},
}

@article{diego-mantecon_steam_2021,
	title = {{STEAM} projects with {KIKS} format for developing key competences},
	volume = {66},
	issn = {1134-3478, 1988-3293},
	url = {https://www.revistacomunicar.com/index.php?contenido=detalles&numero=66&articulo=66-2021-03},
	doi = {10.3916/C66-2021-03},
	language = {es},
	number = {29},
	urldate = {2022-08-19},
	journal = {Comunicar},
	author = {Diego-Mantecón, J. M. and Blanco, T. and Ortiz-Laso, Z. and Lavicza, Z.},
	month = jan,
	year = {2021},
	pages = {33--43},
}

@article{fernandez-enriquez_augmented_2020,
	title = {Augmented {Reality} as a {Didactic} {Resource} for {Teaching} {Mathematics}},
	volume = {10},
	issn = {2076-3417},
	url = {https://www.mdpi.com/2076-3417/10/7/2560},
	doi = {10.3390/app10072560},
	language = {en},
	number = {7},
	urldate = {2022-08-19},
	journal = {Applied Sciences},
	author = {Fernández-Enríquez, R. and Delgado-Martín, L.},
	month = apr,
	year = {2020},
	pages = {2560},
}

@article{garcia_efectos_2021,
	title = {Efectos de trabajar con {GeoGebra} en el aula en la relación afecto-cognición},
	volume = {39},
	issn = {2174-6486, 0212-4521},
	url = {https://ensciencias.uab.cat/article/view/v39-n3-garcia-romero-gil},
	doi = {10.5565/rev/ensciencias.3299},
	number = {3},
	urldate = {2022-08-19},
	journal = {Enseñanza de las Ciencias. Revista de investigación y experiencias didácticas},
	author = {García, M. D. M. and Romero, I. M. and Gil, F.},
	month = aug,
	year = {2021},
	pages = {177--198},
}

@article{garcia-martin_use_2019,
	title = {Use of technologies and academic performance in adolescent students},
	volume = {59},
	issn = {1134-3478, 1988-3293},
	url = {https://www.revistacomunicar.com/index.php?contenido=detalles&numero=59&articulo=59-2019-07},
	doi = {10.3916/C59-2019-07},
	language = {es},
	number = {27},
	urldate = {2022-08-19},
	journal = {Comunicar},
	author = {García-Martín, S. and Cantón-Mayo, I.},
	month = apr,
	year = {2019},
	pages = {73--81},
}

@article{gil-quintana_learning_2020,
	title = {Learning {Leaders}: {Teachers} or {Youtubers}? {Participatory} {Culture} and {STEM} {Competencies} in {Italian} {Secondary} {School} {Students}},
	volume = {12},
	issn = {2071-1050},
	shorttitle = {Learning {Leaders}},
	url = {https://www.mdpi.com/2071-1050/12/18/7466},
	doi = {10.3390/su12187466},
	language = {en},
	number = {18},
	urldate = {2022-08-19},
	journal = {Sustainability},
	author = {Gil-Quintana, J. and Malvasi, V. and Castillo-Abdul, B. and Romero-Rodríguez, L. M.},
	month = sep,
	year = {2020},
	pages = {7466},
}

@article{gomez-garcia_technological_2020,
	title = {Technological {Factors} {That} {Influence} the {Mathematics} {Performance} of {Secondary} {School} {Students}},
	volume = {8},
	issn = {2227-7390},
	url = {https://www.mdpi.com/2227-7390/8/11/1935},
	doi = {10.3390/math8111935},
	language = {en},
	number = {11},
	urldate = {2022-08-19},
	journal = {Mathematics},
	author = {Gómez-García, M. and Hossein-Mohand, H. and Trujillo-Torres, J. M. and Hossein-Mohand, H. and Aznar-Díaz, I.},
	month = nov,
	year = {2020},
	pages = {1935},
}

@inproceedings{gonzales_integracion_2017,
	title = {Integración de las tecnologías digitales en el área de matemática a través del {Proyecto} {MILAGE}},
	booktitle = {Actas {XVIII} {Congreso} {Internacional} de {Investigación} {Educativa}: {Interdisciplinaridad} y transferência},
	author = {Gonzáles, A.},
	year = {2017},
	pages = {171--179},
}

@article{guillen-gamez_digital_2018,
	title = {Digital tablets in the music classroom: {A} study about the academic performance of students in the {BYOD} context},
	volume = {11},
	issn = {1752-7066, 1752-7074},
	shorttitle = {Digital tablets in the music classroom},
	url = {https://www.ingentaconnect.com/content/10.1386/jmte.11.2.171_1},
	doi = {10.1386/jmte.11.2.171_1},
	language = {en},
	number = {2},
	urldate = {2022-08-19},
	journal = {Journal of Music, Technology \& Education},
	author = {Guillén-Gámez, F. D. and Álvarez-García, F.J. and Maldonado, I.},
	month = sep,
	year = {2018},
	pages = {171--182},
}

@article{guillen-gamez_analysis_2021a,
	title = {Analysis of {Teachers}’ {Pedagogical} {Digital} {Competence}: {Identification} of {Factors} {Predicting} {Their} {Acquisition}},
	volume = {26},
	issn = {2211-1662, 2211-1670},
	shorttitle = {Analysis of {Teachers}’ {Pedagogical} {Digital} {Competence}},
	url = {https://link.springer.com/10.1007/s10758-019-09432-7},
	doi = {10.1007/s10758-019-09432-7},
	language = {en},
	number = {3},
	urldate = {2022-08-19},
	journal = {Technology, Knowledge and Learning},
	author = {Guillén-Gámez, F. D. and Mayorga-Fernández, M. J. and Bravo-Agapito, J. and Escribano-Ortiz, D.},
	year = {2021a},
	pages = {481--498},
}

@article{guillen-gamez_examining_2021b,
	title = {Examining the {Use} {Self}-perceived by {University} {Teachers} about {ICT} {Resources}: {Measurement} and {Comparative} {Analysis} in a {One}-way {ANOVA} {Design}},
	volume = {13},
	issn = {1309517X},
	shorttitle = {Examining the {Use} {Self}-perceived by {University} {Teachers} about {ICT} {Resources}},
	url = {https://www.cedtech.net/article/examining-the-use-self-perceived-by-university-teachers-about-ict-resources-measurement-and-8707},
	doi = {10.30935/cedtech/8707},
	number = {1},
	urldate = {2022-08-19},
	journal = {Contemporary Educational Technology},
	author = {Guillén-Gámez, F. D. and Mayorga-Fernández, M. J. and Ramos, M.},
	year = {2021b},
	pages = {1--13},
}

@article{hillmayr_potential_2020,
	title = {The potential of digital tools to enhance mathematics and science learning in secondary schools: {A} context-specific meta-analysis},
	volume = {153},
	issn = {03601315},
	shorttitle = {The potential of digital tools to enhance mathematics and science learning in secondary schools},
	url = {https://linkinghub.elsevier.com/retrieve/pii/S0360131520300968},
	doi = {10.1016/j.compedu.2020.103897},
	language = {en},
	urldate = {2022-08-19},
	journal = {Computers \& Education},
	author = {Hillmayr, D. and Ziernwald, L. and Reinhold, F. and Hofer, S. I. and Reiss, K. M.},
	month = aug,
	year = {2020},
	pages = {103897},
}

@article{hossein-mohand_uses_2021,
	title = {Uses and {Resources} of {Technologies} by {Mathematics} {Students} {Prior} to {COVID}-19},
	volume = {13},
	issn = {2071-1050},
	url = {https://www.mdpi.com/2071-1050/13/4/1630},
	doi = {10.3390/su13041630},
	language = {en},
	number = {4},
	urldate = {2022-08-19},
	journal = {Sustainability},
	author = {Hossein-Mohand, H. and Gómez-García, M. and Trujillo-Torres, J. M. and Hossein-Mohand, H. and Boumadan-Hamed, M.},
	month = feb,
	year = {2021},
	pages = {1630},
}

@article{iglesias_aprendizaje_2020,
	title = {El aprendizaje del álgebra en {Educación} {Secundaria}: las estrategias metacognitivas desde la tecnología digital},
	copyright = {Direitos autorais 2020 Dialogia},
	issn = {1983-9294},
	shorttitle = {El aprendizaje del álgebra en {Educación} {Secundaria}},
	url = {https://periodicos.uninove.br/dialogia/article/view/18279},
	doi = {10.5585/dialogia.n36.18279},
	language = {es},
	number = {36},
	urldate = {2022-08-19},
	journal = {Dialogia},
	author = {Iglesias, L. M.  and Pascual, I.  and Arteaga-Martínez, B.},
	month = dec,
	year = {2020},
	pages = {49--72},
}

@article{jesionkowska_active_2020,
	title = {Active {Learning} {Augmented} {Reality} for {STEAM} {Education}—{A} {Case} {Study}},
	volume = {10},
	issn = {2227-7102},
	url = {https://www.mdpi.com/2227-7102/10/8/198},
	doi = {10.3390/educsci10080198},
	language = {en},
	number = {8},
	urldate = {2022-08-19},
	journal = {Education Sciences},
	author = {Jesionkowska, J. and Wild, F. and Deval, Y.},
	month = aug,
	year = {2020},
	pages = {198},
}

@article{jimenez_digital_2020,
	title = {Digital {Escape} {Room}, {Using} {Genial}.{Ly} and {A} {Breakout} to {Learn} {Algebra} at {Secondary} {Education} {Level} in {Spain}},
	volume = {10},
	issn = {2227-7102},
	url = {https://www.mdpi.com/2227-7102/10/10/271},
	doi = {10.3390/educsci10100271},
	language = {en},
	number = {10},
	urldate = {2022-08-19},
	journal = {Education Sciences},
	author = {Jiménez, C. and Arís, N. and Magreñán, Á. A. and Orcos, L.},
	month = oct,
	year = {2020},
	pages = {271},
}

@article{juarez__interaccion_2020,
	title = {Interacción en foros virtuales al integrar modelización matemática para formar ingenieros},
	volume = {38},
	issn = {2174-6486, 0212-4521},
	url = {https://ensciencias.uab.cat/article/view/v38-n2-juarez-chamoso-gonzalez},
	doi = {10.5565/rev/ensciencias.3041},
	number = {3},
	urldate = {2022-08-19},
	journal = {Enseñanza de las Ciencias. Revista de investigación y experiencias didácticas},
	author = {Juárez, J. A. and Chamoso, J. M. and González, M. T.},
	month = nov,
	year = {2020},
	pages = {161--178},
}

@article{kim_effects_2017,
	title = {Effects of game-based learning in an {OpenSim}-supported virtual environment on mathematical performance},
	volume = {25},
	issn = {1049-4820, 1744-5191},
	url = {https://www.tandfonline.com/doi/full/10.1080/10494820.2016.1167744},
	doi = {10.1080/10494820.2016.1167744},
	language = {en},
	number = {4},
	urldate = {2022-08-19},
	journal = {Interactive Learning Environments},
	author = {Kim, H. and Ke, F.},
	month = may,
	year = {2017},
	pages = {543--557},
}

@article{kramarenko_prospects_2019,
	title = {Prospects of using the augmented reality application in {STEM}-based {Mathematics} teaching},
	volume = {1},
	issn = {27084612, 27084604},
	url = {https://journal.kdpu.edu.ua/ped/article/view/3843},
	doi = {10.31812/educdim.v53i1.3843},
	number = {53},
	urldate = {2022-08-19},
	journal = {Educational Dimension},
	author = {Kramarenko, T. H. and Pylypenko, O. S. and Zaselskiy, V.},
	month = dec,
	year = {2019},
	pages = {199--218},
}

@article{linde-valenzuela_digital_2022,
	title = {Digital {Literacy} of {Teachers}, {Families}, and {Students} for {Virtual} {Participation} in {School}: {A} {Multiple} {Comparison} {Analysis}},
	volume = {17},
	issn = {1932-8540, 2374-0132},
	shorttitle = {Digital {Literacy} of {Teachers}, {Families}, and {Students} for {Virtual} {Participation} in {School}},
	url = {https://ieeexplore.ieee.org/document/9706454/},
	doi = {10.1109/RITA.2022.3149800},
	number = {1},
	urldate = {2022-08-19},
	journal = {IEEE Revista Iberoamericana de Tecnologias del Aprendizaje},
	author = {Linde-Valenzuela, T. and Guillen-Gamez, F. D. and Devitt, A.},
	month = feb,
	year = {2022},
	pages = {1--8},
}

@article{lino__revision_2022,
	title = {Revisión sistemática del uso de tecnología para la enseñanza-aprendizaje de la estadística},
	volume = {12},
	issn = {2529-9638},
	url = {https://revistas.um.es/riite/article/view/501531},
	doi = {10.6018/riite.501531},
	urldate = {2022-08-19},
	journal = {Revista Interuniversitaria de Investigación en Tecnología Educativa},
	author = {Lino, M. and Chaparro, R.},
	year = {2022},
	pages = {175--199},
}

@article{lopez_formative_2019,
	title = {Formative {Transcendence} of {Flipped} {Learning} in {Mathematics} {Students} of {Secondary} {Education}},
	volume = {7},
	issn = {2227-7390},
	url = {https://www.mdpi.com/2227-7390/7/12/1226},
	doi = {10.3390/math7121226},
	language = {en},
	number = {12},
	urldate = {2022-08-19},
	journal = {Mathematics},
	author = {López, J. and Fuentes, A. and López, J. A. and Pozo, S.},
	month = dec,
	year = {2019},
	pages = {12--26},
}

@article{maass_role_2019,
	title = {The {Role} of {Mathematics} in interdisciplinary {STEM} education},
	volume = {51},
	issn = {1863-9690, 1863-9704},
	url = {http://link.springer.com/10.1007/s11858-019-01100-5},
	doi = {10.1007/s11858-019-01100-5},
	language = {en},
	number = {6},
	urldate = {2022-08-19},
	journal = {Mathematics Education},
	author = {Maass, K. and Geiger, V. and Ariza, M. and Goos, M.},
	month = nov,
	year = {2019},
	pages = {869--884},
}

@article{marban_primary_2021,
	title = {Primary and {Secondary} {Students}’ {Usage} of {Digital} {Platforms} for {Mathematics} {Learning} during the {COVID}-19 {Outbreak}: {The} {Case} of the {Gaza} {Strip}},
	volume = {9},
	issn = {2227-7390},
	shorttitle = {Primary and {Secondary} {Students}’ {Usage} of {Digital} {Platforms} for {Mathematics} {Learning} during the {COVID}-19 {Outbreak}},
	url = {https://www.mdpi.com/2227-7390/9/2/110},
	doi = {10.3390/math9020110},
	language = {en},
	number = {2},
	urldate = {2022-08-19},
	journal = {Mathematics},
	author = {Marbán, J. M. and Radwan, E. and Radwan, A. and Radwan, W.},
	month = jan,
	year = {2021},
	pages = {110},
}

@article{martinez-garrido_impacto_2018,
	title = {Impacto del uso de los recursos tecnológicos en el rendimiento académico},
	volume = {4},
	issn = {2444-2925},
	url = {https://revistas.uma.es/index.php/innoeduca/article/view/4956},
	doi = {10.24310/innoeduca.2018.v4i2.4956},
	number = {2},
	urldate = {2022-08-19},
	journal = {Innoeduca. International Journal of Technology and Educational Innovation},
	author = {Martínez-Garrido, C.},
	month = nov,
	year = {2018},
	pages = {138--149},
}

@article{menjivar__revision_2021,
	title = {Revisión de la producción científica sobre la {Realidad} {Virtual} entre 2016 y 2020 a través de {Scopus} y {WOS}},
	volume = {10},
	issn = {2254-0059},
	url = {https://www.uco.es/ucopress/ojs/index.php/edmetic/article/view/13422},
	doi = {10.21071/edmetic.v10i2.13422},
	number = {2},
	urldate = {2022-08-19},
	journal = {EDMETIC},
	author = {Menjivar, E. and Sánchez, E. and Ruiz , J. and Linde, T.},
	month = jul,
	year = {2021},
	pages = {26--55},
}

@article{molina__resolucion_2020,
	title = {La resolución de problemas basada en el método de {Polya} usando el pensamiento computacional y {Scratch} con estudiantes de {Educación} {Secundaria}},
	volume = {49},
	issn = {0210-2773, 2341-2313},
	url = {http://www.unioviedo.es/reunido/index.php/AA/article/view/13145},
	doi = {10.17811/rifie.49.1.2020.83-90},
	number = {1},
	urldate = {2022-08-19},
	journal = {Aula Abierta},
	author = {Molina, Á. and Adamuz, N. and Bracho, R.},
	month = may,
	year = {2020},
	pages = {83--90},
}

@article{munante-toledo_geogebra_2021,
	title = {Geogebra {Software} in {Mathematical} {Skills} of {High} {School} {Students}: {Systematic} {Review}},
	volume = {12},
	number = {6},
	journal = {Turkish Journal of Computer and Mathematics Education},
	author = {Muñante-Toledo, M. F. and Salazar, G. D. C. and Rojas-Plasencia, K. M. and  Méndez, J. and Flores, E.},
	year = {2021},
	pages = {4164--4172},
}

@article{nivela__diseno_2018,
	title = {Diseño de software interactivo en las matemáticas},
	volume = {3},
	issn = {2528-8083, 2528-8083},
	url = {https://revistas.utb.edu.ec/index.php/sr/article/view/402},
	doi = {10.26910/issn.2528-8083vol3issCITT2017.2018pp27-31},
	urldate = {2022-08-19},
	journal = {Journal of Science and Research: Revista Ciencia e Investigación},
	author = {Nivela, M. and Otero, O. and Espinosa, J. and Rodas, E.},
	year = {2018},
	pages = {27--31},
}

@article{nunes_fatores_2020,
	title = {Fatores que {Influenciam} o {Uso} de {Software} {Educativo} no {Ensino} de {Matemática}},
	volume = {18},
	issn = {1696-4713},
	url = {https://revistas.uam.es/reice/article/view/reice2020_18_3_006},
	doi = {10.15366/reice2020.18.3.006},
	number = {3},
	urldate = {2022-08-19},
	journal = {REICE. Revista Iberoamericana sobre Calidad, Eficacia y Cambio en Educación},
	author = {Nunes, P.  S. and Nascimiento, M. M. and Catarino, P. and Martins, P.},
	month = jun,
	year = {2020},
	pages = {113--129},
}

@article{pellas_systematic_2021,
	title = {A {Systematic} {Literature} {Review} on the {User} {Experience} {Design} for {Game}-{Based} {Interventions} via {3D} {Virtual} {Worlds} in {K}-12 {Education}},
	volume = {5},
	issn = {2414-4088},
	url = {https://www.mdpi.com/2414-4088/5/6/28},
	doi = {10.3390/mti5060028},
	language = {en},
	number = {6},
	urldate = {2022-08-19},
	journal = {Multimodal Technologies and Interaction},
	author = {Pellas, N. and Mystakidis, S. and Christopoulos, A.},
	month = may,
	year = {2021},
	pages = {28},
}

@article{petrov_effect_2020,
	title = {The {Effect} of {Augmented} {Reality} on {Students}’ {Learning} {Performance} in {Stem} {Education}},
	volume = {11},
	issn = {2078-2489},
	url = {https://www.mdpi.com/2078-2489/11/4/209},
	doi = {10.3390/info11040209},
	language = {en},
	number = {4},
	urldate = {2022-08-19},
	journal = {Information},
	author = {Petrov, P. D. and Atanasova, T. V.},
	month = apr,
	year = {2020},
	pages = {209},
}

@article{rodriguez-cubillo_uso_2021,
	title = {El uso de aplicaciones móviles en el aprendizaje de las matemáticas: una revisión sistemática},
	volume = {36},
	issn = {21719098},
	shorttitle = {El uso de aplicaciones móviles en el aprendizaje de las matemáticas},
	url = {https://revista.uclm.es/index.php/ensayos/article/view/2631},
	doi = {10.18239/ensayos.v36i1.2631},
	number = {1},
	urldate = {2022-08-19},
	journal = {ENSAYOS. Revista de la Facultad de Educación de Albacete},
	author = {Rodríguez-Cubillo, M. D. R. and Del Castillo, H. and Arteaga, B.},
	month = jun,
	year = {2021},
	pages = {17--34},
}

@article{sanchez_uso_2016,
	title = {Uso del blog para el desarrollo de la capacidad de comunicación matemática en la {Educación} {Secundaria}},
	volume = {27},
	copyright = {Derechos de autor},
	issn = {1988-2793},
	url = {https://revistas.ucm.es/index.php/RCED/article/view/48462},
	doi = {10.5209/rev_RCED.2016.v27.n3.48462},
	language = {es},
	number = {3},
	urldate = {2022-08-19},
	journal = {Revista Complutense de Educación},
	author = {Sánchez, G. M. and Vargas, C. J.},
	month = feb,
	year = {2016},
	keywords = {tecnologías de la información y comunicación (TIC)},
	pages = {1327--1350},
}

@article{silva-diaz_uso_2021,
	title = {Uso de tecnologías inmersivas y su impacto en las actitudes científico-matemáticas del estudiantado de {Educación} {Secundaria} {Obligatoria} en un contexto en riesgo de exclusión social},
	volume = {57},
	issn = {2014-8801, 0211-819X},
	url = {https://educar.uab.cat/article/view/v57-n1-silva-carrillo-fernandez},
	doi = {10.5565/rev/educar.1136},
	number = {1},
	urldate = {2022-08-19},
	journal = {Educar},
	author = {Silva-Díaz, F. and Carrillo-Rosúa, J. and Fernández-Plaza, J. A.},
	month = jan,
	year = {2021},
	pages = {119--138},
}

@article{tay_implementation_2021,
	title = {Implementation of {Online} {Home}-{Based} {Learning} and {Students}’ {Engagement} {During} the {COVID}-19 {Pandemic}: {A} {Case} {Study} of {Singapore} {Mathematics} {Teachers}},
	volume = {30},
	issn = {0119-5646, 2243-7908},
	shorttitle = {Implementation of {Online} {Home}-{Based} {Learning} and {Students}’ {Engagement} {During} the {COVID}-19 {Pandemic}},
	url = {https://link.springer.com/10.1007/s40299-021-00572-y},
	doi = {10.1007/s40299-021-00572-y},
	language = {en},
	number = {3},
	urldate = {2022-08-19},
	journal = {The Asia-Pacific Education Researcher},
	author = {Tay, L. Y. and Lee, S. S. and Ramachandran, K.},
	month = jun,
	year = {2021},
	pages = {299--310},
}

@article{urrutia_declaracion_2010,
	title = {Declaración {PRISMA}: una propuesta para mejorar la publicación de revisiones sistemáticas y metaanálisis},
	volume = {135},
	issn = {00257753},
	shorttitle = {Declaración {PRISMA}},
	url = {https://linkinghub.elsevier.com/retrieve/pii/S0025775310001454},
	doi = {10.1016/j.medcli.2010.01.015},
	language = {es},
	number = {11},
	urldate = {2022-08-19},
	journal = {Medicina Clínica},
	author = {Urrútia, G. and Bonfill, X.},
	month = oct,
	year = {2010},
	pages = {507--511},
}

@article{valverde-crespo_competencia_2018,
	title = {La competencia informacional-digital en la enseñanza y aprendizaje de las ciencias en la educación secundaria obligatoria actual: una revisión teórica},
	volume = {15},
	issn = {1697011X},
	shorttitle = {La competencia informacional-digital en la enseñanza y aprendizaje de las ciencias en la educación secundaria obligatoria actual},
	url = {https://revistas.uca.es/index.php/eureka/article/view/4193/3869},
	doi = {10.25267/Rev_Eureka_ensen_divulg_cienc.2018.v15.i2.2105},
	number = {2},
	urldate = {2022-08-19},
	journal = {Revista Eureka sobre enseñanza y divulgación de las ciencias.},
	author = {Valverde-Crespo, D. and Pro-Bueno, A. and González-Sánchez, J.},
	year = {2018},
	pages = {1--15},
}

@article{weinhandl_real-world_2021,
	title = {Real-{World} {Modelling} to {Increase} {Mathematical} {Creativity}},
	volume = {11},
	issn = {21598118},
	url = {http://scholarship.claremont.edu/jhm/vol11/iss1/13/},
	doi = {10.5642/jhummath.202101.13},
	number = {1},
	urldate = {2022-08-19},
	journal = {Journal of Humanistic Mathematics},
	author = {Weinhandl, R. and Lavicza, Z.},
	month = jan,
	year = {2021},
	pages = {265--299},
}

@article{weinhandl_look_2021,
	title = {A look over students’ shoulders when learning mathematics in home-schooling},
	issn = {0020-739X, 1464-5211},
	url = {https://www.tandfonline.com/doi/full/10.1080/0020739X.2021.1912423},
	doi = {10.1080/0020739X.2021.1912423},
	language = {en},
	urldate = {2022-08-19},
	journal = {International Journal of Mathematical Education in Science and Technology},
	author = {Weinhandl, R. and Lavicza, Z. and Houghton, T. and Hohenwarter, M.},
	month = apr,
	year = {2021},
	pages = {1--21},
}

@article{zulnaidi_effect_2019,
	title = {Effect of use of {GeoGebra} on achievement of high school mathematics students},
	volume = {25},
	issn = {1360-2357, 1573-7608},
	url = {http://link.springer.com/10.1007/s10639-019-09899-y},
	doi = {10.1007/s10639-019-09899-y},
	language = {en},
	number = {1},
	urldate = {2022-08-19},
	journal = {Education and Information Technologies},
	author = {Zulnaidi, H. and Oktavika, E. and Hidayat, R.},
	month = jan,
	year = {2019},
	pages = {51--72},
}
