@incollection{goleman_ei-based_2001,
    title         = {An {EI}-based theory of performance},
    author        = {Goleman, D.},
    year          = {2001},
    booktitle     = {The {Emotionally} {Intelligent} {Workplace}: {How} to {Select} for, {Measure}, and {Improve} {Emotional} {Intelligence} in {Individuals}, {Groups}, and {Organizations}},
    publisher     = {Jossey-Bass},
    address       = {San Francisco, CA},
    pages         = {27--44},
    editor        = {Goleman, D. and Cherniss, C.},
}

@incollection{macedo_introduction_2005,
    title         = {Introduction},
    author        = {Macedo, D.},
    year          = {2005},
    booktitle     = {Pedagogy of the {Oppressed}},
    publisher     = {The Continuum International Publishing Group},
    address       = {London},
}

@article{telles_foreign_2006,
    title         = {Foreign language learning {In}-{Tandem}: {Teletandem} as an alternative proposal in {CALLT1}},
    shorttitle    = {Foreign language learning {In}-{Tandem}},
    author        = {Telles, Jo\~{a}o A. and Vassalo, Maria Luisa},
    year          = {2006},
    journal       = {The ESPecialist},
    volume        = {27},
    number        = {2},
    issn          = {2318-7115},
    url           = {https://revistas.pucsp.br/index.php/esp/article/view/1629},
    urldate       = {2024-05-11},
    keywords      = {foreign language learning, Tandem, in-tandem},
}

@book{telles_teletandem_2009,
    title         = {Teletandem - {Um} {Contexto} {Virtual}, {Aut\^{o}nomo} e {Colaborativo} para {Aprendizagem} de {L\'{\i}nguas} {Estrangeiras}},
    year          = {2009},
    publisher     = {Pontes Editores},
    address       = {Campinas},
    editor        = {Telles, J. A.},
}

@article{salomao2020,
    title         = {The application of the {Global} {Competence} {Matrix} in a virtual exchange program with {US} and {Brazilian} students},
    author        = {Salom\~{a}o, Ana Cristina Biondo and Silva, Eduardo Viana da},
    year          = {2020},
    month         = sep,
    journal       = {Journal of Virtual Exchange},
    volume        = {3},
    pages         = {1--12},
    doi           = {10.21827/jve.3.35804},
    issn          = {2647-4832},
    url           = {https://journal.unicollaboration.org/article/view/35804},
    urldate       = {2024-05-11},
    copyright     = {Copyright (c) 2020 Ana Cristina Biondo Salom\~{a}o and Eduardo Viana da Silva},
    keywords      = {virtual exchange, teletandem Brasil, Global Competence Matrix, language learning, feminism},
}

@incollection{english_going_2023,
    title         = {Going beyond these virtual walls: {A} retrospective of learning culture through language in intercultural telecollaboration},
    author        = {English, K.},
    year          = {2023},
    booktitle     = {Virtual {Exchange} for {Intercultural} {Learning} and {Teaching}},
    publisher     = {Routledge},
    address       = {New York},
    pages         = {21--43},
    editor        = {Potolia, A. and Derivry-Plard, M.},
}

@incollection{salomao2023,
    title         = {Telecollaboration {Applications} in {Foreign} {Language} {Classrooms}},
    author        = {Salom\~{a}o, A. C. B. and Silva, E. V.},
    year          = {2023},
    booktitle     = {Words {Out} of {Feelings}: {Global} {Competence} and {Emotional} {Intelligence} in a {Virtual} {Exchange} {Program}},
    publisher     = {IGI Global},
    pages         = {182--203},
    editor        = {Sarno-Garc\'{\i}a, Sofia Di and Montaner-Villalba, S. and Gimeno-Sanz, A. M.},
}

@article{braga_palm_2024,
    title         = {''{In} the palm of your hand'': the ecological and complex nature of teacher agency},
    shorttitle    = {''{In} the palm of your hand''},
    author        = {Braga, Junia de Carvalho Fidelis and Gomes Junior, Ronaldo Corr\^{e}a},
    year          = {2024},
    month         = apr,
    journal       = {Texto Livre},
    volume        = {17},
    pages         = {e47924--e47924},
    doi           = {10.1590/1983-3652.2024.47924},
    issn          = {1983-3652},
    url           = {https://periodicos.ufmg.br/index.php/textolivre/article/view/47924},
    urldate       = {2024-05-11},
    copyright     = {Copyright (c) 2024},
    keywords      = {Forma\c{c}\~{a}o de professores, Tecnologias m\'{o}veis, Ag\^{e}ncia, Complexidade, Perspectiva ecol\'{o}gica},
}

@article{silva_densidade_2024,
    title         = {Densidade lexical em textos gerados pelo {ChatGPT}: implica\c{c}\~{o}es da intelig\^{e}ncia artificial para a escrita em l\'{\i}nguas adicionais},
    shorttitle    = {Densidade lexical em textos gerados pelo {ChatGPT}},
    author        = {Silva, Antonio Marcio Da and Rottava, Lucia},
    year          = {2024},
    journal       = {Texto Livre},
    volume        = {17},
    pages         = {e47836--e47836},
    doi           = {10.1590/1983-3652.2024.47836},
    issn          = {1983-3652},
    url           = {https://periodicos.ufmg.br/index.php/textolivre/article/view/47836},
    urldate       = {2024-05-11},
    copyright     = {Copyright (c) 2023 Antonio Marcio Da Silva, Lucia Rottava},
    keywords      = {L\'{\i}nguas adicionais, ChatGPT, Intelig\^{e}ncia Artificial, Lingu\'{\i}stica Sist\^{e}mico-funcional, Densidade lexical},
}

@article{zhang_corpus_2024,
    title         = {Corpus de aprendizes de portugu\^{e}s da {Universidade} de {Macau} e ensino de portugu\^{e}s {L2}},
    author        = {Zhang, Jing and You, Mu},
    year          = {2024},
    journal       = {Texto Livre},
    volume        = {17},
    pages         = {e47754--e47754},
    doi           = {10.1590/1983-3652.2024.47754},
    issn          = {1983-3652},
    url           = {https://periodicos.ufmg.br/index.php/textolivre/article/view/47754},
    urldate       = {2024-05-11},
    copyright     = {Copyright (c) 2023 Jing Zhang, Mu You},
    keywords      = {Corpus de aprendizes, Aprendizes chineses de portugu\^{e}s L2, An\'{a}lises quantitativas e qualitativas, Aplica\c{c}\~{o}es pedag\'{o}gicas},
}

@article{bomfim_photovoice_2024,
    title         = {Photovoice, pedagogia psicodram\'{a}tica e multiletramentos para a forma\c{c}\~{a}o cr\'{\i}tica de adolescentes no contexto pand\^{e}mico},
    author        = {Bomfim, Luciene and Biondo, Fabiana and Maia, Iasmin},
    year          = {2024},
    month         = feb,
    journal       = {Texto Livre},
    volume        = {17},
    pages         = {e47929--e47929},
    doi           = {10.1590/1983-3652.2024.47929},
    issn          = {1983-3652},
    url           = {https://periodicos.ufmg.br/index.php/textolivre/article/view/47929},
    urldate       = {2024-05-11},
    copyright     = {Copyright (c) 2024 Luciene Bomfim, Fabiana Biondo, Iasmin Maia},
    keywords      = {Photovoice, Multiletramentos, Pandemia},
}

@article{sampaio_adaptacao_2024,
    title         = {Adapta\c{c}\~{a}o e evid\^{e}ncias de validade do {Questionnaire} for {Assessing} {Educational} {Podcasts} ({QAEP}) para o portugu\^{e}s brasileiro: um estudo indisciplinar em letramento em sa\'{u}de},
    shorttitle    = {Adapta\c{c}\~{a}o e evid\^{e}ncias de validade do {Questionnaire} for {Assessing} {Educational} {Podcasts} ({QAEP}) para o portugu\^{e}s brasileiro},
    author        = {Sampaio, Helena Alves de Carvalho and Ara\'{u}jo, Nuk\'{a}cia Meyre Silva and Alves, Patr\'{\i}cia C\^{a}ndido and Cabral, Lisidna Almeida},
    year          = {2024},
    month         = mar,
    journal       = {Texto Livre},
    volume        = {17},
    pages         = {e47783--e47783},
    doi           = {10.1590/1983-3652.2024.47783},
    issn          = {1983-3652},
    url           = {https://periodicos.ufmg.br/index.php/textolivre/article/view/47783},
    urldate       = {2024-05-11},
    copyright     = {Copyright (c) 2024 Helena Alves de Carvalho Sampaio, Nuk\'{a}cia Meyre Silva Ara\'{u}jo, Patr\'{\i}cia C\^{a}ndido Alves, Lisidna Almeida Cabral},
    keywords      = {Letramento em sa\'{u}de, Podcast, Podcast educativo, Valida\c{c}\~{a}o, Recurso educacional digital},
}

@article{fernandez-julia_norma_2024,
    title         = {Norma digital y competencia ortogr\'{a}fica de adolescentes en contextos vulnerables: un estudio de casos},
    shorttitle    = {Norma digital y competencia ortogr\'{a}fica de adolescentes en contextos vulnerables},
    author        = {Fern\'{a}ndez-Juli\'{a}, Olga and G\'{o}mez-Camacho, Alejandro},
    year          = {2024},
    journal       = {Texto Livre},
    volume        = {17},
    pages         = {e47493--e47493},
    doi           = {10.1590/1983-3652.2024.47493},
    issn          = {1983-3652},
    url           = {https://periodicos.ufmg.br/index.php/textolivre/article/view/47493},
    urldate       = {2024-05-11},
    copyright     = {Copyright (c) 2023},
    keywords      = {Textismos, WhatsApp, Comunica\c{c}\~{a}o digital, Zonas de necessidade de transforma\c{c}\~{a}o social, Contextos vulner\'{a}veis},
}

@article{xhafaj_online_2024,
    title         = {Online peer conferences: a window of opportunities for feedback on writing},
    shorttitle    = {Online peer conferences},
    author        = {Xhafaj, Donesca Cristina Puntel and Zaccaron, Rafael},
    year          = {2024},
    journal       = {Texto Livre},
    volume        = {17},
    pages         = {e46202--e46202},
    doi           = {10.1590/1983-3652.2024.46202},
    issn          = {1983-3652},
    url           = {https://periodicos.ufmg.br/index.php/textolivre/article/view/46202},
    urldate       = {2024-05-11},
    copyright     = {Copyright (c) 2023},
    keywords      = {Feedback por pares, Confer\^{e}ncia online entre pares, Escrita acad\^{e}mica, Letramento acad\^{e}mico, Google Meet},
}

@article{abreu_curadoria_2024,
    title         = {Curadoria digital e decolonial de v\'{\i}deos e podcasts na educa\c{c}\~{a}o lingu\'{\i}stica em franc\^{e}s},
    author        = {Abreu, Marcella dos Santos and Dias, Lorrana Crystina da Costa and Oliveira, Maria Eduarda de Sousa},
    year          = {2024},
    month         = jan,
    journal       = {Texto Livre},
    volume        = {17},
    pages         = {e47937--e47937},
    doi           = {10.1590/1983-3652.2024.47937},
    issn          = {1983-3652},
    url           = {https://periodicos.ufmg.br/index.php/textolivre/article/view/47937},
    urldate       = {2024-05-11},
    copyright     = {Copyright (c) 2024 Marcella dos Santos Abreu, Lorrana Crystina da Costa Dias, Maria Eduarda de Sousa Oliveira},
    keywords      = {Curadoria digital, Educa\c{c}\~{a}o Lingu\'{\i}stica, Decolonialidade},
}

@article{calvo_virtual_2024,
    title         = {Virtual exchange in teacher education programs from {Brazil} and {USA}: outcomes and challenges},
    author        = {Calvo, Luciana Cabrini Sim\~{o}es and Hartle, Lynn C.},
    year          = {2024},
    month         = may,
    journal       = {Texto Livre},
    volume        = {17},
    pages         = {e47921--e47921},
    doi           = {10.1590/1983-3652.2024.47921},
    issn          = {1983-3652},
    url           = {https://periodicos.ufmg.br/index.php/textolivre/article/view/47921},
    urldate       = {2024-05-11},
    copyright     = {Copyright (c) 2024},
    keywords      = {Brasil e EUA, Interc\^{a}mbio Virtual, Professores em forma\c{c}\~{a}o inicial, Aquisi\c{c}\~{a}o de segunda l\'{\i}ngua, Resultados e desafios},
}

@article{silva_laboratorio_2024,
    title         = {Laborat\'{o}rio virtual de pesquisa escolar com gram\'{a}tica: educa\c{c}\~{a}o cient\'{\i}fica em aulas de l\'{\i}ngua materna},
    shorttitle    = {Laborat\'{o}rio virtual de pesquisa escolar com gram\'{a}tica},
    author        = {Silva, Wagner Rodrigues and Fidelis, Andreia Cristina and Antonella, Kiahra},
    year          = {2024},
    month         = jan,
    journal       = {Texto Livre},
    volume        = {17},
    pages         = {e47835--e47835},
    doi           = {10.1590/1983-3652.2024.47835},
    issn          = {1983-3652},
    url           = {https://periodicos.ufmg.br/index.php/textolivre/article/view/47835},
    urldate       = {2024-05-11},
    copyright     = {Copyright (c) 2024 Wagner Rodrigues Silva, Andreia Cristina Fidelis, Kiahra Antonella},
    keywords      = {Jogos did\'{a}ticos, Estudo da gram\'{a}tica, Educa\c{c}\~{a}o 			cient\'{\i}fica},
}
