@article{consejopara,
  title = {Informe de Recomendaciones},
  author = {{Consejo Para La Reactivación Educativa}},
  url = {
         https://reactivacioneducativa.mineduc.cl/wp-content/uploads/sites/127/2023/10/Informe_Recomendaciones_ConsejoReactivacionEducativa.pdf
         },
  urldate = {2024-10-15},
}

@incollection{ryan_2004,
  title = {El ciberespacio, la virtualidad y el texto},
  author = {Marie-Laure Ryan},
  year = {2004},
  booktitle = {Literatura y Cibercultura},
  publisher = {Arco Libros},
  address = {Madrid},
  pages = {73--116},
  editor = {Domingo Sánchez-Mesa Martínez},
}

@article{cerrillo2005,
  title = {Nuevos tiempos, ¿nuevos lectores?},
  author = {Cerrillo, Pedro C. anda Senís, Juan},
  year = {2005},
  journal = {Ocnos: Revista de Estudios sobre Lectura},
  number = {1},
  pages = {19--33},
  issn = {1885-446x},
  url = {https://www.redalyc.org/articulo.oa?id=259120382002},
  urldate = {2024-03-12},
}

@incollection{gonzalez_pujola_2008,
  title = {El uso del portafolio para la autoevaluación en la formación continua
           del profesor},
  author = {Vicenta María González and Joan Pujolà},
  year = {2008},
  booktitle = {La evaluación en el aprendizaje y la enseñanza del español como
               LE/L2},
  publisher = {Universidad de Alicante},
  address = {Alicante},
  pages = {290--298},
  editor = {Susana Pastor Cesteros and Santiago Roca Marín},
}

@book{lankshear_knobel_2008,
  title = {Nuevos alfabetismos. Su práctica cotidiana y el aprendizaje en el
           aula},
  author = {Colin Lankshear and Mary Knobel},
  year = {2008},
  publisher = {Morata},
  address = {Madrid},
}

@book{gillen_barton_2010,
  title = {Digital Literacies},
  author = {Julia Gillen and David Barton},
  year = {2010},
  publisher = {London Knowledge Lab},
  address = {London},
}

@incollection{lluch_2010_new,
  title = {Las nuevas lecturas deslocalizadas de la escuela},
  author = {Gemma Lluch},
  year = {2010},
  booktitle = {Las lecturas de los jóvenes. Un nuevo lector para un nuevo siglo},
  publisher = {Anthropos},
  address = {Barcelona},
  pages = {105--128},
  editor = {Gema Lluch},
}

@book{montesa_et_al_2010,
  title = {Literatura e internet. Nuevos textos, Nuevos lectores},
  author = {Salvador Montesa and Antonio Gómez and Joaquín Aguirre and Laura
            Borràs and Teresa Gómez},
  year = {2010},
  publisher = {Imagraf Impresores},
  address = {Málaga},
}

@incollection{ow_forster_2012,
  title = {Formación de mediadores para la lectura literaria multimodal},
  author = {Maili Ow and Carla Forster},
  year = {2012},
  booktitle = {Perspectivas en investigación e innovación didáctica en recepción
               lectora: Leer Hipertextos},
  publisher = {Universidad de Almería},
  address = {Almería},
  note = {Cd-rom},
  editor = {Antonio Mendoza and Juan Manuel De Amo},
}

@article{colomer2013,
  title = {La experiencia lectora de los alumnos de Magisterio:},
  author = {Teresa Colomer and Felipe Munita},
  year = {2013},
  journal = {Lenguaje y Textos.},
  number = {38},
  pages = {37--44},
  url = {
         https://www.sidll.org/sites/default/files/journal/la_experiencia_lectora_de_los_alumnos_de_magisterio._colomer_t.pdf
         },
  urldate = {2024-03-12},
  subtitle = {nuevos desafíos para la formación docente},
}

@article{pallares2014,
  title = {Hipertextos fragmentados},
  author = {Ambròs Pallarès, Maria Alba},
  year = {2014},
  journal = {Textos de didáctica de la lengua y la literatura},
  volume = {20},
  number = {65},
  pages = {73--82},
  issn = {1133-9829},
  url = {http://hdl.handle.net/11162/103848},
  urldate = {2024-03-12},
  subtitle = {una propuesta para trabajar la competencia lectoliteraria en la
              formación inicial de docentes},
}

@article{granadopuig2014,
  title = {¿Qué leen los futuros maestros y maestras? Un estudio del docente
           como sujeto lector a través de los títulos de libros que evocan},
  author = {Cristina Granado and María Puig},
  year = {2014},
  journal = {Ocnos: Revista de Estudios sobre Lectura},
  number = {11},
  pages = {93--112},
  url = {https://www.redalyc.org/pdf/2591/259130756003.pdf},
  urldate = {2024-03-12},
}

@phdthesis{turreonpenelas2014,
  title = {Narrativa infantil y juvenil digital. ¿Qué ofrecen las nuevas formas
           al lector literario?},
  author = {Celia Turrión Penelas},
  year = {2014},
  address = {Barcelona},
  url = {https://ddd.uab.cat/record/129320},
  urldate = {2024-03-10},
  school = {Departamento de Didáctica de la Lengua y la Literatura y las
            Ciencias Sociales, Universitat Autònoma de Barcelona},
  type = {Tesis (Doctorado en Didáctica de la Lengua y la Literatura)},
}

@incollection{arbonés2015localización,
  title = {Textualidades multimodales, conectividad y redes 2.0 en el aula},
  author = {Arbonés Solà, Carme and Mendoza Fillola, Antonio and Muñoz Gordillo,
            Maria Soledad and Prats Ripoll, Margarida and Sanahuja Yll, Eduard},
  year = {2015},
  journal = {Redes Hipertextuales en el aula},
  booktitle = {Redes hipertextuales en el aula: Literatura, hipertextos y
               cultura digital},
  publisher = {Octaedro},
  address = {Barcelona},
  pages = {97--120},
  isbn = {978-84-9921-516-7},
  subtitle = {sobre la educación literaria y el profesorado en formación},
  editor = {Amo Sánchez Fortún, José Manuel de and Cleger, Osvaldo and Mendoza
            Fillola, Antonio},
}

@article{ayala2015,
  title = {Redes sociales e hiperconectividad en futuros profesoresde la
           generación digital},
  author = {Ayala Pérez, Teresa Cecilia},
  year = {2015},
  journal = {Ciencia, Docencia y Tecnología},
  url = {https://www.redalyc.org/articulo.oa?id=14542676011},
  urldate = {2024-03-12},
}

@article{calvovalios2015,
  title = {Datos de investigación cualitativa sobre la adecuación de las
           herramientas de la web 2.0 en las enseñanzas de DLL},
  author = {Calvo Valios, Virginia},
  year = {2015},
  journal = {Propuestas y experiencias sobre estructuras hipertextuales
             literarias en el aula},
  publisher = {Octaedro},
  address = {Barcelona},
  editor = {Romea, Celia and Muñoz, Soledad and Herrero, María Asunción},
}

@article{contreras20515,
  title = {¿La educación literaria de los futuros maestros es suficiente para
           ejercer de mediadores de las nuevas generaciones?},
  author = {Elisabeth Contreras and MargariDa Prats},
  year = {2015},
  journal = {Via atlântica},
  address = {São Paulo},
  number = {28},
  pages = {29--44},
}

@article{cordongarcias2015,
  title = {¿Se está transformando la lectura y la escritura en la era digital?},
  author = {Cordón García, José Antonio Jarvio Fernández, A. Olivia},
  year = {2015},
  journal = {Revista Interamericana de Bibliotecología},
}

@incollection{gee2015,
  title = {The New Literacy Studies},
  author = {James Paul Gee},
  year = {2015},
  booktitle = {The Routledge Handbook of Literacy Studies},
  publisher = {Routledge},
  address = {London},
  pages = {35--48},
  editor = {Jenifer Rowsell and Kate Pahl},
}

@article{hafner_chik_jones_2015,
  title = {Digital literacies and language learning},
  author = {Christoph Hafner and Alice Chik and Rodney Jones},
  year = {2015},
  journal = {Language Learning \& Technology},
  volume = {19},
  number = {3},
  pages = {1--7},
  url = {
         https://www.researchgate.net/publication/285926202_Digital_literacies_and_language_learning
         },
  urldate = {2024-03-12},
}

@article{garciaroca2016practicas,
  title = {Prácticas lectoras en espacios de afinidad: formas participativas en
           la cultura digital},
  author = {Anastasio García Roca},
  year = {2016},
  journal = {Ocnos. Revista de estudios sobre lectura},
  volume = {15},
  number = {1},
  pages = {42--51},
  doi = {10.18239/ocnos_2016.15.1.979},
  url = {
         https://www.revistaocnos.com/index.php/ocnos/article/view/ocnos_2016.15.1.979
         },
  urldate = {2024-10-15},
}

@phdthesis{gonzalez_2016,
  title = {Tecnologías de la información y la comunicación y educación literaria
           en la formación inicial del profesorado},
  author = {Carolina González},
  year = {2016},
  address = {Barcelona},
  url = {http://www.tdx.cat/handle/10803/369580},
  urldate = {2024-02-25},
  type = {Tesis (doctorado en Didáctica de la Lengua y la Literatura)},
  school = {Universitat Autònoma de Barcelona},
}

@online{kalantzis_cope_new_learning,
  title = {New Learning. Transformational Designs for Pedagogy and Assessment},
  author = {Mary Kalantzis and Bill Cope},
  year = {2016},
  url = {http://newlearningonline.com/multiliteracies/theory},
  urldate = {2016-05-27},
}

@article{manghi_haquin_2016,
  title = {Concepto de alfabetización: ejes de tensión y formación de profesores
           },
  author = {Manghi Haquin, Dominique and Crespo Allende, Nina and Bustos Ibarra,
            Andrea and Haas Prieto, Valentina},
  year = {2016},
  journal = {Revista electrónica de investigación educativa},
  volume = {18},
  number = {2},
  pages = {79--91},
  url = {
         http://www.scielo.org.mx/scielo.php?script=sci_arttext&pid=S1607-40412016000200006&lng=es&tlng=es
         },
  urldate = {2024-03-12},
}

@article{ballester2016,
  title = {La educación lectora, literaria y el libro en la era digital},
  author = {Ballester, Joseph and Ibarra, Noelia},
  year = {2017},
  month = {1},
  journal = {Revista Chilena de Literatura},
  number = {94},
  pages = {147--171},
  url = {https://revistaliteratura.uchile.cl/index.php/RCL/article/view/44978},
}

@article{sandoval-rubilar_alveal_fuentes_2017,
  title = {Evaluación de la alfabetización digital y pedagógica en TIC, a partir
           de las opiniones de estudiantes en Formación Inicial DocenteI},
  author = {Rubilar, Pedro Sandoval and Alveal, Francisco Rodriguez and Fuentes,
            Ana Carolina Maldonado},
  year = {2017},
  journal = {Educação e Pesquisa},
  publisher = {Faculdade de Educação da Universidade de São Paulo},
  volume = {43},
  number = {1},
  pages = {127–143},
  doi = {10.1590/s1517-9702201701154907},
  issn = {1517-9702},
  url = {https://doi.org/10.1590/S1517-9702201701154907},
}

@article{caride2018leer,
  title = {Leer en tiempos de ocio},
  author = {Caride, José Antonio and Caballo, María Belén and Gradaílle, Rita},
  year = {2018},
  journal = {Ocnos},
  volume = {17},
  number = {3},
  pages = {7--18},
  doi = {10.18239/ocnos_2018.17.3.1707},
  url = {
         https://www.revistaocnos.com/index.php/ocnos/article/view/ocnos_2018.17.3.1707
         },
  suntitle = {los estudiantes, futuros profesionales de la educación, como
              sujetos lectores},
}

@article{Fernandes_2018,
  title = {Objetos de aprendizagem e ensino de literatura: inovação ou tradição?
           },
  author = {Fernandes, Marly Aparecida},
  year = {2018},
  journal = {Texto Livre},
  volume = {11},
  number = {2},
  pages = {121–134},
  doi = {10.17851/1983-3652.11.2.121-134},
  url = {https://periodicos.ufmg.br/index.php/textolivre/article/view/16796},
  urldate = {2024-10-15},
  place = {Belo Horizonte-MG},
}

@article{reyesTorres_batallerCatalà_2019,
  title = {La pedagogía de las multiliteracidades y la experiencia estética como
           elementos claves en la enseñanza y el aprendizaje de lenguas. Por la
           consolidación de un nuevo paradigma},
  author = {Reyes Torres, Agustin and Bataller Català, Alexandre},
  year = {2019},
  month = {4},
  journal = {Revista Nebrija de Lingüística Aplicada a la Enseñanza de Lenguas},
  volume = {13},
  number = {26},
  pages = {13–30},
  doi = {10.26378/rnlael1326306},
  url = {https://revistas.nebrija.com/revista-linguistica/article/view/306},
  subtitle = {Multiliteracies Pedagogy and Aesthetic Experience as Key Elements
              in Language Teaching and Learning. In Support of a Paradigm Shift},
}

@incollection{costa2019multimodalidad,
  title = {Multimodalidad, competencia digital y creatividad},
  author = {Lis Costa and Raúl Alfonso and Vanesa Toquero},
  year = {2019},
  booktitle = {El portafolio digital en la docencia universitaria},
  publisher = {Octaedro},
  address = {Barcelona},
  pages = {55--66},
  subtile = {las tres aristas del triángulo innovador del portafolio digital},
  editor = {Joan-Tomás Pujolá},
}

@article{farias2019,
  title = {Multimodal Texts in Chilean English Teaching Education},
  author = {Farías, Miguel and Véliz, Leonardo},
  year = {2019},
  journal = {Profile: Issues in Teachers’ Professional Development},
  volume = {21},
  number = {2},
  pages = {13–27},
  doi = {10.15446/profile.v21n2.75172},
  url = {https://revistas.unal.edu.co/index.php/profile/article/view/75172},
  urldate = {2024-10-15},
  subtitle = {Experiences From Educators and Pre-Service Teachers},
}

@incollection{gonzalezmontmany2019,
  title = {Iniciarse en el ámbito de los portafolios digitales},
  author = {Vicenta María González and Begoña Montmany},
  year = {2019},
  booktitle = {El portafolio digital en la docencia universitaria},
  publisher = {Octaedro},
  address = {Barcelona},
  pages = {11--42},
  editor = {Joan Pujolà Font},
}

@book{kalantzis2019,
  title = {Las alfabetizaciones múltiples: Teoría y práctica},
  author = {Mary Kalantzis and Bill Cope},
  year = {2019},
  publisher = {Octaedro},
  address = {Barcelona},
}

@misc{oecd_2019,
  title = {OECD Future of Education and Skills 2030},
  author = {Oecd},
  year = {2019},
  url = {
         https://www.oecd.org/en/about/projects/future-of-education-and-skills-2030.html
         },
  urldate = {2023-04-10},
}

@inbook{oecd_2019b,
  title = {What can students do in reading},
  author = {Oecd},
  year = {2019},
  booktitle = {PISA 2018 Results (Volume I): What Students Know and Can Do},
  publisher = {Oecd},
  address = {París},
}

@incollection{pujola_suarez_2019,
  title = {El potencial del portafolio digital},
  author = {Joan-Tomàs Pujolà and María del Mar Suárez},
  year = {2019},
  booktitle = {El portafolio digital en la docencia universitaria},
  publisher = {Octaedro},
  address = {Barcelona},
  pages = {67--86},
  subtitle = {plataformas y herramientas},
  editor = {Joan-Tomàs Pujolà},
}

@article{ramadaprietoturrion2019,
  title = {La selección de obras para la investigación en LIJ digital: de la
           teoría a la recepción},
  author = {Lucas Ramada Prieto and Celia Turrión Penelas},
  year = {2019},
  journal = {Bellaterra Journal of Teaching and Learning Language and Literature
             },
  volume = {12},
  number = {3},
  pages = {44--64},
  doi = {10.5565/rev/jtl3.839},
}

@article{Silva_Morales_Lázaro-Cantabrana_Gisbert_Miranda_Rivoir_Onetto_2019,
  title = {Digital teaching competence in initial training},
  author = {Silva, Juan and Morales, María-Julia and Lázaro-Cantabrana,
            José-Luis and Gisbert, Mercè and Miranda, Paloma and Rivoir, Ana and
            Onetto, Alicia},
  year = {2019},
  journal = {Education Policy Analysis Archives},
  volume = {27},
  pages = {93},
  doi = {10.14507/epaa.27.3822},
  url = {https://epaa.asu.edu/index.php/epaa/article/view/3822},
  urldate = {2024-10-15},
  subtitle = {Case studies from Chile and Uruguay},
}

@article{Valdivia_Brossi_Cabalin_Pinto_2019,
  title = {Alfabetizaciones y prácticas digitales desde agencias juveniles.
           Desafíos para la educación en Chile},
  author = {Valdivia, Andrea and Brossi, Lionel and Cabalin, Cristian and Pinto,
            Daniel},
  year = {2019},
  journal = {Pensamiento Educativo},
  volume = {56},
  number = {2},
  pages = {1–16},
  doi = {10.7764/pel.56.2.2019.1},
  url = {https://pensamientoeducativo.uc.cl/index.php/pel/article/view/24385},
}

@online{ciae_covid19._2020,
  title = {{COVID19}. {Nuevos} {Contextos}, {Nuevas} {Demandas} y {Experiencia}
           {Docente} en {Chile}},
  author = {{Ciae}},
  year = {2020},
  url = {
         http://eduinclusiva.cl/wp-content/uploads/2020/10/CIAE-COVID-VFinal-1.pdf
         },
  urldate = {2024-10-17},
}

@article{thibaut_2020,
  title = {El nexo entre literacidad y cultura digital: una mirada docente en
           Chile},
  author = {Patricia Thibaut},
  year = {2020},
  journal = {Riede- Revista Electrónica de Investigación Educativa},
  publisher = {Universidad Autónoma de Baja California},
  address = {Mexicali},
  volume = {22},
  number = {e06},
  pages = {1--13},
  doi = {10.24320/redie.2020.22.e06.2328},
}

@article{sanchez-cruzado_teacher_2021,
  title = {Teacher {Digital} {Literacy}: {The} {Indisputable} {Challenge} after
           {COVID}-19},
  author = {Sánchez-Cruzado, Cristina and Santiago Campión, Raúl and
            Sánchez-Compaña, Mª Teresa},
  year = {2021},
  month = feb,
  journal = {Sustainability},
  volume = {13},
  number = {4},
  pages = {1858},
  doi = {10.3390/su13041858},
  issn = {2071-1050},
  url = {https://www.mdpi.com/2071-1050/13/4/1858},
  urldate = {2024-10-17},
  copyright = {https://creativecommons.org/licenses/by/4.0/},
}

@article{cabrerocafort2021,
  title = {Estrategias didácticas para favorecer las prácticas literarias
           digitales en la formación inicial de maestros},
  author = {Míriam, Cabré Rocafort},
  year = {2021},
  journal = {Bellaterra Journal of Teaching and Learning Language and Literature
             },
  volume = {14},
  number = {4},
  pages = {1--13},
  doi = {10.5565/rev/jtl3.891},
  issn = {2013-6196},
}

@article{contrerasbarcelo2021,
  title = {Los mediadores literarios de los futuros maestros. Exploración de los
           relatos de vida literaria.},
  author = {Contreras Barceló, Elisabet},
  year = {2021},
  journal = {Alabe Revista de Investigación sobre Lectura y Escritura},
  number = {24},
  pages = {1--19},
  doi = {10.15645/Alabe2021.24.5},
  url = {https://ojs.ual.es/ojs/index.php/alabe/article/view/7678},
  urldate = {2024-10-15},
}

@book{dowdall2021digital,
  title = {Digital Literacies in Education: Teaching, Learning and Assessment in
           21st Century Classrooms},
  author = {Clare Dowdall and Cathy Burnett},
  year = {2021},
  publisher = {UKLA, The United Kingdom Literacy Association},
  address = {Leicester},
}

@article{rovira-collado2021,
  title = {Intertextualidad y multimodalidad en constelaciones transmedia},
  author = {José Rovira-Collado and Mónica Ruiz-Bañuls and Francisco Antonio
            Martínez-Carratalá and Isabel Gómez-Trigueros},
  year = {2021},
  journal = {TEJUELO. Didáctica de la Lengua y la Literatura. Educación},
  volume = {34},
  pages = {111–142},
  doi = {10.17398/1988-8430.34.111},
  url = {https://tejuelo.unex.es/tejuelo/article/view/4068},
  urldate = {2024-10-15},
  subtitle = {una propuesta interdisciplinar en la formación docente /
              Intertextuality and multimodality in transmedia constellations: an
              interdisciplinary proposal in teacher training},
}

@article{barra2022,
  title = {Identidad lectora de profesores noveles y mediación literaria digital
           },
  author = {Berríos Barra, Lorena and Fillola, Antonio Mendoza and Ripoll,
            Margarida Prats},
  year = {2022},
  journal = {Educação e Pesquisa},
  publisher = {Faculdade de Educação da Universidade de São Paulo},
  volume = {48},
  pages = {1--18},
  doi = {10.1590/s1678-4634202248233911},
  issn = {1517-9702},
  subtitle = {entrecruces entre trayectorias y competencias},
}

@incollection{berríos2022,
  title = {Esos otros mundos donde habitan nuestros estudiantes},
  author = {Berríos Barra, Lorena and Contreras Barceló, Elisabet},
  year = {2022},
  booktitle = {Multimodalidad y didáctica de las literaturas},
  publisher = {Graó},
  address = {Barcelona},
  pages = {231--252},
  subtitle = {mediar la literatura en aula sincrónica, una propuesta a través de
              las multiliteracies},
  editor = {Asiáin Ansoren, Alfredo and López Pérez, María Victoria},
  coordenator = {Asiáin Ansorena, Alfredo and López Pérez, María Victoria},
}

@online{figueroa2022escuela,
  title = {Escuela en la Post Pandemia y Crisis del Modelo Educativo;
           Convivencia Escolar hacia una Nueva Escuela},
  author = {Jorge Figueroa Figueroa},
  year = {2022},
  journal = {Saberes Docentes},
  publisher = {Universidad de Chile, Saberes Docentes Centro de Estudios y
               Desarrollo de Educación Continua para el Magisterio},
  url = {
         https://saberesdocentes.uchile.cl/noticias/185825/escuela-en-la-post-pandemia-y-crisis-del-modelo-educativo
         },
  urldate = {2024-03-10},
}

@online{oecd_2022,
  title = {Medición de la distancia para lograr las metas de los Objetivos de
           Desarrollo Sostenible (ODS) - Chile},
  author = {Oecd},
  year = {2022},
  url = {https://unstats.un.org/sdgs/unsdg},
  urldate = {2024-01-15},
}

@article{villar_onrubia_morini_marin_nascimbeni_2022,
  title = {Critical digital literacy as a key for (post)digital citizenship},
  author = {Daniel Villar-Onrubia and Luca Morini and Victoria I. Marín and
            Fabio Nascimbeni},
  year = {2022},
  month = {12},
  journal = {Journal of e-Learning and Knowledge Society},
  volume = {18},
  number = {3},
  pages = {128--139},
  doi = {10.20368/1971-8829/2022.18.3.128},
  subtitle = {: an international review of teacher competence frameworks},
}

@article{meneses_literacidad_2023,
  title = {Literacidad multimodal en el currículo chileno de {Lenguaje} y {
           Comunicación}: oportunidades de aprendizaje para la {Educación} {
           Básica}},
  author = {Meneses, Alejandra and Maturana, Carmen Luz and Báez, Gabriela},
  year = {2023},
  month = aug,
  journal = {Lenguas Modernas},
  number = {61},
  pages = {205--228},
  issn = {0719-5443},
  url = {https://revistas.uchile.cl/index.php/LM/article/view/71762},
  urldate = {2024-10-17},
  copyright = {Derechos de autor 2023 Lenguas Modernas},
  keywords = {Literacidad multimodal},
}

@article{miras_implications_2023,
  title = {Implications of the digital divide: {A} systematic review of its
           impact in the educational field},
  author = {Miras, Sebastián and Ruiz-Bañuls, Mónica and Gómez-Trigueros, Isabel
            María and Mateo-Guillen, Copelia},
  year = {2023},
  month = sep,
  journal = {Journal of Technology and Science Education},
  volume = {13},
  number = {3},
  pages = {936},
  doi = {10.3926/jotse.2249},
  issn = {2013-6374},
  url = {https://www.jotse.org/index.php/jotse/article/view/2249},
  urldate = {2024-10-17},
  copyright = {https://creativecommons.org/licenses/by-nc/4.0},
}

@online{rivera_polo_brecha_2023,
  title = {Brecha {Digital} e {Inclusión}},
  author = {Rivera Polo, Felipe},
  year = {2023},
  url = {
         https://obtienearchivo.bcn.cl/obtienearchivo?id=repositorio/10221/34246/1/Minuta_46_2023_Brecha_Digital_e_Inclusion_rev.pdf
         },
  urldate = {2024-10-17},
}

@article{cabero-almenara_valencia-ortiz_llorente-cejudo_palacios-rodríguez_2023,
  title = {Nativos e inmigrantes digitales en el contexto de la COVID-19},
  author = {Cabero-Almenara, Julio and Valencia-Ortiz, Rubicelia and
            Llorente-Cejudo, Carmen and Palacios-Rodríguez, Antonio de Padua},
  year = {2023},
  journal = {Texto Livre},
  publisher = {Universidade Federal de Minas Gerais - UFMG},
  volume = {16},
  pages = {1--13},
  doi = {10.1590/1983-3652.2023.42233},
  issn = {1983-3652},
  subtitle = {las contradicciones de una diversidad de mitos},
}

@article{contrereasbarcelo2023,
  title = {Aproximación al perfil transmedia de docentes en formación para la
           mediación de la literatura: Un estudio descriptivo},
  author = {Contreras Barceló, Elisabet and Berríos Barra, Lorena},
  year = {2023},
  journal = {Aula Abierta},
  volume = {52},
  number = {4},
  pages = {359–367},
  doi = {10.17811/rifie.52.4.2023.359-367},
  url = {https://reunido.uniovi.es/index.php/AA/article/view/19624},
  urldate = {2024-10-15},
}

@article{godoy2023,
  title = {Integración de las tecnologías digitales en las clases de Lengua y
           Literatura: categorización a partir de las prácticas letradas en la
           educación secundaria},
  author = {Godoy, Lucía Francisca},
  year = {2023},
  journal = {Didáctica. Lengua y Literatura},
  volume = {35},
  pages = {147–161},
  doi = {10.5209/dill.83010},
  url = {https://revistas.ucm.es/index.php/DIDA/article/view/83010},
  urldate = {2024-10-15},
}

@incollection{Kalantzis2023,
  title = {Multiliteracies},
  author = {Kalantzis, Mary and Cope, Bill},
  year = {2023},
  booktitle = {Multiliteracies in International Educational Contexts: Towards
               Education Justice?},
  publisher = {Routledge},
  address = {London},
  pages = {1–11},
  editor = {Zapata, Gabriela and Kalantzis, Mary and Cope, Bill},
}

@misc{schleicher_2023,
  title = {Programme for International Student Assessment Insights and
           Interpretations PISA 2022},
  author = {Andreas Schleicher},
  year = {2023},
  publisher = {Oecd},
  url = {
         https://school-education.ec.europa.eu/en/insights/publications/pisa-2022-results-programme-international-student-assessment
         },
  urldate = {2024-03-12},
}
