@article{aravena2020,
	title = {Preguntar-se en el oficio de educar: la importancia de la pregunta en formación docente},
	volume = {45},
	url = {https://revistas.ucr.ac.cr/index.php/educacion/article/view/41144},
	doi = {10.15517/revedu.v45i1.41144},
	number = {1},
	journal = {Revista Educación},
	author = {Aravena Domich, Marcela Angelina},
	month = dec,
	year = {2020},
	pages = {619--631}
}
@article{tejedor2020,
	title = {Educación en tiempos de pandemia: reflexiones de alumnos y profesores sobre la enseñanza virtual universitaria en {España}, {Italia} y {Ecuador}},
	url = {http://nuevaepoca.revistalatinacs.org/index.php/revista/article/view/335},
	doi = {10.4185/RLCS-2020-1466},
	number = {78},
	journal = {Revista Latina de Comunicación Social},
	author = {Tejedor, Santiago and Cervi, Laura and Tusa, Fernanda and Parola, Alberto},
	month = oct,
	year = {2020},
	pages = {19--40}
}
@article{rodriguez2021,
	title = {Identificación de necesidades de formación continua del profesorado ante las demandas educativas del siglo {XXI}},
	volume = {21},
	url = {https://revistas.ucr.ac.cr/index.php/aie/article/view/44073},
	doi = {10.15517/aie.v21i1.44073},
	number = {1},
	journal = {Actualidades Investigativas en Educación},
	author = {Rodríguez Jiménez, Andrés and Miqueli Rodríguez, Bertha and Dávila Valdés, Yosdey},
	month = jan,
	year = {2021},
	pages = {1--32}
}
%ARIAS, F. G. El proyecto de investigación. Introducción a la metodología científica. Caracas: Episteme, 2012.
@book{arias2012,
  author = {Arias, F. G.},
  title = {El proyecto de investigación. {Introducción} a la metodología científica},
  publisher = {Episteme},
  address = {Caracas},
  year = {2012}
}
%ARNAIZ, P. La educación inclusiva en el siglo XXI. Avances y desafíos. Murcia: UM, 2021.
@book{arnaiz2019,
  author = {Arnaiz, P.},
  title = {La educación inclusiva en el siglo {XXI}. {Avances} y desafíos},
  publisher = {UM},
  address = {Murcia},
  year = {2019}
}
%BERMÚDEZ, G.; DE LONGHI, A. L. La educación ambiental y la ecología como ciencia. Una discusión necesaria para la enseñanza. Revista Electrónica de Enseñanza de las Ciencias, 7, 2, 275-297, 2008.
@article{bermudez2008,
  author = {Bermúdez, G. and De Longhi, A.},
  title = {La educación ambiental y la ecología como ciencia. {Una} discusión necesaria para la enseñanza},
  journal = {Revista Electrónica de Enseñanza de las Ciencias},
  volume = {7},
  number = {2},
  year = {2008},
  pages = {275--297}
}
%BLASCO, J. E.; LÓPEZ, A.; MENGUAL, S. Validación mediante método Delphi de un cuestionario para conocer las experiencias e interés hacia las actividades acuáticas con especial atención al windsurf. Ágora para la Educación Física y el Deporte, 12, 1, 75-96, 2010.
@article{blasco2010,
  author = {Blasco, J. E. and López, A. and Mengual, S.},
  title = {Validación mediante método Delphi de un cuestionario para conocer las experiencias e interés hacia las actividades acuáticas con especial atención al windsurf},
  journal = {Ágora para la Educación Física y el Deporte},
  volume = {12},
  number = {1},
  year = {2010},
  pages = {75--96}
}
%BOOTH, T.; AINSCOW, M. Index for inclusion. Bristol: CSEI, 2000.
@book{booth2000,
  author = {Booth, T. and Ainscow, M.},
  title = {Index for inclusion},
  publisher = {CSEI},
  address = {Bristol},
  year = {2000}
}
%DÍAZ QUERO, V. Formación docente, práctica pedagógica y saber pedagógico. Laurus, 12, 88-103, 2006.
@article{diazquero2006,
  author = {Díaz Quero, V.},
  title = {Formación docente, práctica pedagógica y saber pedagógico},
  journal = {Laurus},
  volume = {12},
  year = {2006},
  pages = {88-103}
}
%DUSSEL, I. La formación docente y los desafíos de la pandemia. Revista EFI-DGES, 6, 10, 1-15, 2020.
@article{dussel2020,
  author = {Dussel, I.},
  title = {La formación docente y los desafíos de la pandemia},
  journal = {Revista {EFI-DGES}},
  volume = {6},
  number = {10},
  year = {2020},
  pages = {1--15}
}
%ESTEVE, J. M. La formación de profesores: bases teóricas para el desarrollo de programas de formación inicial. Revista de educación, 350, 15-30, 2009.
@article{esteve2009,
  author = {Esteve, J. M.},
  title = {La formación de profesores: bases teóricas para el desarrollo de programas de formación inicial},
  journal = {Revista de educación},
  volume = {350},
  year = {2009},
  pages = {15-30}
}
%HERNÁNDEZ SAMPIERI, R; FERNÁNDEZ, C.; BAPTISTA, P. Metodología de la investigación. México: McGraw-Hill, 2010.
@book{hernandezsampieri2010,
  author = {Hernández Sampieri, R. and Fernández, C. and Baptista, P.},
  title = {Metodología de la investigación},
  publisher = {McGraw-Hill},
  address = {México},
  year = {2010}
}
%INFANTE, M. Desafíos a la formación docente: inclusión educativa. Estudios Pedagógicos XXXVI, 1, 287-297, 2011.
@article{infante2011,
  author = {Infante, M.},
  title = {Desafíos a la formación docente: inclusión educativa},
  journal = {Estudios {Pedagógicos} {XXXVI}},
  volume = {1},
  year = {2011},
  pages = {287--297}
}
%KAISER, H. F. An index of factorial simplicity. Psychometrika, 39, 31–36, 1974.
@article{kaiser1974,
  author = {Kaiser, H. F.},
  title = {An index of factorial simplicity},
  journal = {Psychometrika},
  volume = {39},
  year = {1974},
  pages = {31--36}
}
%KERLINGER, F. N. La investigación del comportamiento. México: Interamericana. Caracas: Episteme, 1979.
@book{kerlinger1979,
  author = {Kerlinger, F. N.},
  title = {La investigación del comportamiento},
  publisher = {Interamericana and Episteme},
  address = {México and Caracas},
  year = {1979}
}
%LANDIS J. R.; KOCH G. G. The measurement of observer agreement for categorical data. Biometrics 33,159-174, 1977.
@article{landis1977,
  author = {Landis, J. R. and Koch, G. G.},
  title = {The measurement of observer agreement for categorical data},
  journal = {Biometrics 33},
  year = {1977},
  pages = {159--174}
}
%LEVY, J.; VARELA, J.; ABAD, J. Modelización con estructuras de covarianzas en Ciencias Sociales. Netbiblo: Madrid, 2006.
@book{levy2006,
  author = {Levy, J. and Varela, J. and Abad, J.},
  title = {Modelización con estructuras de covarianzas en {Ciencias Sociales}},
  publisher = {Netbiblo},
  address = {Madrid},
  year = {2006}
}
%MORENO, R.; TEJADA, A.; DÍAZ, M. (coords.) et al. COVID-19. Educación Inclusiva y Personas con Discapacidad: Fortalezas y Debilidades de la Teleeducación. Colección iAccessibility Vol. 23, 2020.
@book{moreno2020,
  author = {Moreno, R. and Tejada, A. and Díaz, M.},
  title = {{COVID-19}. {Educación Inclusiva} y {Personas} con {Discapacidad}: {Fortalezas} y {Debilidades} de la {Teleeducación}},
  publisher = {Colección iAccessibility},
  volume = {23},
  year = {2020}
}
%NIEVA, J. A.; MARTÍNEZ, O. Una nueva mirada sobre la formación docente. Universidad y Sociedad, 8, 4. 14-21, 2016. Recuperado de http://rus.ucf.edu.cu/
@article{nieva2016,
  author = {Nieva, J. A. and Martínez, O.},
  title = {Una nueva mirada sobre la formación docente},
  journal = {Universidad y Sociedad},
  volume = {8},
  number = {4},
  url = {http://rus.ucf.edu.cu/},
  year = {2016},
  pages = {14-26}
}
%PÉREZ SERRANO, G. Investigación cualitativa. Retos e interrogantes. Madrid: La Muralla, 2004.
@book{perezserrano2004,
  author = {Pérez Serrano, G.},
  title = {Investigación cualitativa. {Retos} e interrogantes},
  publisher = {La Muralla},
  address = {Madrid},
  year = {2004}
}
%5SÁNCHEZ, J. S.; QUIROGA, K. L.; OSPINA, A. (2020). Desafíos tecnológicos para el sector educativo de América Latina en tiempos de pandemia. Bogotá: PIPEC, 2020.
@book{sanchez2020,
  author = {Sánchez, J. S. and Quiroga, K. J. and Ospina, A.},
  title = {Desafíos tecnológicos para el sector educativo de {América Latina} en tiempos de pandemia},
  publisher = {PIPEC},
  address = {Bogotá},
  year = {2020}
}
%SCHUYLER, W. H. Reading Statistics and Research. Boston: Pearson Education Inc., 2008.
@book{schuyler2008,
  author = {Schuyler, W. H.},
  title = {Reading {Statistics} and {Research}},
  publisher = {Pearson Education Inc.},
  address = {Boston},
  year = {2008}
}
%SUÁREZ, N. Formación docente universitaria y crisis sanitaria COVID-19. CienciAmérica, 9, 2, p. 1-6, 2020.
@article{suarez2020,
  author = {Suárez, N.},
  title = {Formación docente universitaria y crisis sanitaria {COVID-19}},
  journal = {CienciAmérica},
  volume = {9},
  number = {2},
  year = {2020},
  pages = {1-6}
}
%TALAVERA, H.; JUNIOR, F. La educación en tiempos de pandemia: los desafíos de la escuela del siglo XXI. Revista CIEG, 44, 176-187, 2020.
@article{talavera2020,
  author = {Talavera, H.},
  title = {La educación en tiempos de pandemia: los desafíos de la escuela del siglo {XXI}},
  journal = {Revista CIEG},
  volume = {44},
  year = {2020},
  pages = {176--187}
}
%VAILLANT, D.; MARCELO, C. (2015). El ABC y D de la formación docente. Madrid: Narcea, 2015.
@book{vaillant2015,
  author = {Vaillant, D. and Marcelo, C.},
  title = {El {ABC} y {D} de la formación docente},
  publisher = {Narcea},
  address = {Madrid},
  year = {2015}
}
%KAPLAN, D. Structural equation modeling: Foundations and extensions. Thousand Oaks, CA: Sage Publications. 2000.
@book{kaplan2000,
  author = {Kaplan, D.},
  title = {Structural equation modeling: {Foundations} and extensions},
  publisher = {Sage Publications},
  address = {Thousand Oaks, CA},
  year = {2000}
}
%KLINE, R. Principles and practices of structural equation modeling. New York: Guilford Press, 2005.
@book{kline2005,
  author = {Kline, R.},
  title = {Principles and practices of structural equation modeling},
  publisher = {Guilford Press},
  address = {New York},
  year = {2005}
}
%TRISTÁN, A. Modificación al modelo de Lawshe para el dictamen cuantitativo de la validez de contenido de un instrumento objetivo. Avances en medición, Vol. 6, 1, 37-48, 2008.
@article{tristan2008,
  author = {Tristán, A.},
  title = {Modificación al modelo de {Lawshe} para el dictamen cuantitativo de la validez de contenido de un instrumento objetivo},
  journal = {Avances en medición},
  volume = {6},
  number = {1},
  pages = {37-48},
  year = {2008}
}


