@book{mendoza_fillola_lectura_1995,
    title         = {De la lectura a la interpretaci\'{o}n},
    author        = {Mendoza Fillola, Antonio},
    year          = {1995},
    publisher     = {A-Z editora},
}

@book{mendoza_fillola_tu_1998,
    title         = {Tu\', lector: aspectos de la interaccio\'n texto-lector en el proceso de lectura},
    shorttitle    = {Tu\', lector},
    author        = {Mendoza Fillola, Antonio},
    year          = {1998},
    publisher     = {Octaedro},
    address       = {Barcelona},
    isbn          = {9788480633550},
    edition       = {1a ed},
    language      = {spa},
}

@book{dolz_sexprimer_2001,
    title         = {S'exprimer en fran\c{c}ais: {S\'{e}quences} didactiques pour l'oral et pour l'\'{e}crit},
    year          = {2001},
    publisher     = {De Boeck},
    isbn          = {9782804138257},
    editor        = {Dolz, Joaquim and Noverraz, Mich\`{e}le and Schneuwly, Bernard},
}

@book{camps_secuencias_2003,
    title         = {Secuencias did\'{a}cticas para aprender a escribir},
    author        = {Camps, Ana},
    year          = {2003},
    publisher     = {Gra\'{o}},
}

@book{mendoza_fillola_educacion_2004,
    title         = {La educacio\'n literaria: bases para la formacio\'n de la competencia lecto-literaria},
    shorttitle    = {La educacio\'n literaria},
    author        = {Mendoza Fillola, Antonio},
    year          = {2004},
    publisher     = {Ediciones Aljibe},
    address       = {Archidona, Ma\'laga},
    isbn          = {9788497001816},
    language      = {spa},
}

@book{cassany_taller_2006,
    title         = {Taller de textos. {Leer}, escribir y comentar en el aula},
    author        = {Cassany, Daniel},
    year          = {2006},
    publisher     = {Paid\'{o}s},
}

@book{jenkins_convergence_2006,
    title         = {Convergence culture: where old and new media collide},
    shorttitle    = {Convergence culture},
    author        = {Jenkins, Henry},
    year          = {2006},
    publisher     = {New York University Press},
    address       = {New York},
    isbn          = {9780814742815},
    keywords      = {Mass media and culture, United States, Popular culture, United States},
}

@article{braun_using_2006,
    title         = {Using thematic analysis in psychology},
    author        = {Braun, Virginia and Clarke, Victoria},
    year          = {2006},
    month         = jan,
    journal       = {Qualitative Research in Psychology},
    volume        = {3},
    number        = {2},
    pages         = {77--101},
    doi           = {10.1191/1478088706qp063oa},
    issn          = {1478-0887, 1478-0895},
    url           = {http://www.tandfonline.com/doi/abs/10.1191/1478088706qp063oa},
    urldate       = {2023-01-10},
    language      = {en},
}

@incollection{ramos_estrategias_2008,
    title         = {Estrategias de recepci\'{o}n del texto para el alumnado de la {ESO}},
    author        = {Ramos, Joan and Ambr\'{o}s-Pallar\`{e}s, Alba},
    year          = {2008},
    booktitle     = {Textos entre textos},
    publisher     = {Horsori},
    pages         = {143--158},
    editor        = {Mendoza, Antonio},
}

@article{jover_educacion_2010,
    title         = {La educaci\'{o}n literaria en el bachillerato: futuros posibles},
    author        = {Jover, Guadalupe},
    year          = {2010},
    journal       = {Textos de Did\'{a}ctica de la Lengua y de la Literatura},
    volume        = {55},
    pages         = {27--38},
}

@book{tobon_tobon_secuencias_2010,
    title         = {Secuencias dida\'cticas: aprendizaje y evaluacio\'n de competencias},
    shorttitle    = {Secuencias dida\'cticas},
    author        = {Tobo\'n Tobo\'n, Sergio and Pimienta Prieto, Julio Herminio and Garci\'a Fraile, Juan Antonio},
    year          = {2010},
    publisher     = {Prentice Hall},
    address       = {Me\'xico},
    isbn          = {9786074429091},
    edition       = {1a ed},
    language      = {eng},
}

@article{margallo_gonzalez_educacion_2012,
    title         = {La educaci\'{o}n literaria en los proyectos de trabajo},
    author        = {Margallo Gonz\'{a}lez, Ana Mar\'{\i}a},
    year          = {2012},
    month         = may,
    journal       = {Revista Iberoamericana de Educaci\'{o}n},
    volume        = {59},
    pages         = {139--156},
    doi           = {10.35362/rie590460},
    issn          = {1681-5653},
    url           = {//rieoei.org/RIE/article/view/460},
    urldate       = {2023-01-04},
    copyright     = {Derechos de autor},
    language      = {es},
    keywords      = {did\'{a}ctica literatura, educaci\'{o}n literaria, proyectos literarios},
}

@article{mieles_barrera_investigacion_2012,
    title         = {Investigaci\'{o}n cualitativa: el an\'{a}lisis tem\'{a}tico para el tratamiento de la informaci\'{o}n desde el enfoque de la fenomenolog\'{\i}a social},
    shorttitle    = {Investigaci\'{o}n cualitativa},
    author        = {Mieles Barrera, Mar\'{\i}a Dilia},
    year          = {2012},
    journal       = {Universitas Human\'{\i}stica},
    volume        = {74},
    number        = {74},
    issn          = {2011-2734},
    url           = {https://revistas.javeriana.edu.co/index.php/univhumanistica/article/view/3648},
    urldate       = {2023-01-04},
    copyright     = {Derechos de autor},
    language      = {es},
}

@article{lobos_martinez_pibarros:_2013,
    title         = {P\'{\i}a {Barros}: cuerpo y erotismo femenino},
    author        = {Lobos Mart\'{\i}nez, Macarena Paz},
    year          = {2013},
    journal       = {Lejana: Revista cr\'{\i}tica de narrativa breve},
    number        = {6},
    pages         = {12},
    issn          = {2061-6678},
    url           = {https://dialnet.unirioja.es/servlet/articulo?codigo=7275313},
    urldate       = {2023-01-04},
    language      = {spa},
}

@book{scolari_narrativas_2013,
    title         = {Narrativas transmedia: cuando todos los medios cuentan},
    shorttitle    = {Narrativas transmedia},
    author        = {Scolari, Carlos Alberto},
    year          = {2013},
    publisher     = {Deusto},
    address       = {Barcelona},
    isbn          = {9788423415823},
    language      = {spa},
}

@book{hernandez_metodologiinvestigacion_2014,
    title         = {Metodolog\'{\i}a de la~investigaci\'{o}n},
    author        = {Hern\'{a}ndez, Roberto and Fern\'{a}ndez, Carlos and Baptista, Pilar},
    year          = {2014},
    publisher     = {Mc Graw Hill Education},
}

@book{garagalza_sentido_2014,
    title         = {El sentido de la hermen\'{e}utica},
    author        = {Garagalza, Luis},
    year          = {2014},
    publisher     = {Anthropos},
}

@book{kalogeras_transmedia_2014,
    title         = {Transmedia {Storytelling} and the {New} {Era} of {Media} {Convergence} in {Higher} {Education}},
    author        = {Kalogeras, Stavroula},
    year          = {2014},
    publisher     = {Palgrave Macmillan UK},
    address       = {London},
    doi           = {10.1057/9781137388377},
    isbn          = {9781349481989 9781137388377},
    url           = {http://link.springer.com/10.1057/9781137388377},
    urldate       = {2023-01-04},
}

@article{moreno_ramos_artemisa_2014,
    title         = {``{Artemisa}'' by {P\'{\i}a} {Barros} or the literary construction of a complicated maternity},
    author        = {Moreno Ramos, M\'{o}nica},
    year          = {2014},
    month         = nov,
    journal       = {Logos},
    volume        = {24},
    number        = {2},
    pages         = {152--166},
    doi           = {10.15443/RL2413},
    issn          = {07167520, 07193262},
    url           = {http://revistas.userena.cl/index.php/logos/article/view/472},
    urldate       = {2023-01-04},
}

@incollection{barros_bocas_2015,
    title         = {Bocas cosidas},
    author        = {Barros, P\'{\i}a},
    year          = {2015},
    booktitle     = {Las tristes},
    publisher     = {Asteri\'{o}n Ediciones},
}

@book{ministerio_de_educacion_bases_2015,
    title         = {Bases {Curriculares} 7\textordmasculine{} b\'{a}sico a 2\textordmasculine{} medio},
    author        = {{Ministerio de Educaci\'{o}n}},
    year          = {2015},
    publisher     = {Unidad de Curr\'{\i}culum y Evaluaci\'{o}n},
}

@article{asensio_erotismo_2016,
    title         = {Erotismo, violencia y lenguaje en los cuentos de {P\'{\i}a} {Barros}},
    author        = {Asensio, Isabel},
    year          = {2016},
    journal       = {Orillas},
    volume        = {5},
    url           = {http://orillas.cab.unipd.it/orillas/es/05\_01asensio-sierra\_arribos/},
    urldate       = {2023-01-04},
}

@article{correro_educacion_2016,
    title         = {Educaci\'{o}n {Infantil} y trabajo por proyectos {Secuencias} did\'{a}cticas de literatura para las primeras edades},
    author        = {Correro, Cristina and Mercadal, Neus Real},
    year          = {2016},
    journal       = {FronteiraZ},
    number        = {17},
    pages         = {60--80},
    issn          = {1983-4373},
    url           = {https://dialnet.unirioja.es/servlet/articulo?codigo=5759237},
    urldate       = {2023-01-04},
    language      = {spa},
}

@article{nunez_molina_modelos_2016,
    title         = {Modelos de educaci\'{o}n literaria en el moderno sistema escolar},
    author        = {N\'{u}\~{n}ez Molina, Gabriel},
    year          = {2016},
    month         = jun,
    journal       = {Lenguaje y Textos},
    number        = {43},
    pages         = {23--32},
    doi           = {10.4995/lyt.2016.5824},
    issn          = {2530-0075},
    url           = {http://polipapers.upv.es/index.php/lyt/article/view/5824},
    urldate       = {2023-01-04},
    copyright     = {Derechos de autor 2020 Lenguaje y Textos},
    language      = {es},
    keywords      = {lectura literaria},
}

@book{all_european_academies_allea_codigo_2018,
    title         = {C\'{o}digo {Europeo} de {Conducta} para la integridad en la investigaci\'{o}n},
    author        = {{All European Academies (ALLEA)}},
    year          = {2018},
}

@article{gonzalez_integracion_2018,
    title         = {Integraci\'{o}n did\'{a}ctica de las {TIC} para la educaci\'{o}n literaria en la formaci\'{o}n inicial docente},
    author        = {Gonz\'{a}lez, Carolina},
    year          = {2018},
    journal       = {Revista Espacios},
    volume        = {13},
    pages         = {3--13},
}

@book{oscar_sistematizacion_2018,
    title         = {La sistematizaci\'{o}n de experiencias: pr\'{a}ctica y teor\'{\i}a para otros mundos posibles},
    author        = {Oscar, Jara H.},
    year          = {2018},
    month         = feb,
    publisher     = {Fundaci\'{o}n Centro Internacional de Educaci\'{o}n y Desarrollo Humano CINDE},
    isbn          = {9789588045481},
    url           = {http://repository.cinde.org.co/handle/20.500.11907/2121},
    urldate       = {2023-01-04},
    copyright     = {Attribution-NonCommercial 4.0 International},
}

@article{scolari_transmedia_2018,
    title         = {Transmedia literacy in the new media ecology: {Teens}' transmedia skills and informal learning strategies},
    shorttitle    = {Transmedia literacy in the new media ecology},
    author        = {Scolari, Carlos A. and Masanet, Maria-Jos\'{e} and Guerrero-Pico, Mar and Establ\'{e}s, Mar\'{\i}a-Jos\'{e}},
    year          = {2018},
    month         = jul,
    journal       = {El Profesional de la Informaci\'{o}n},
    volume        = {27},
    number        = {4},
    pages         = {801},
    doi           = {10.3145/epi.2018.jul.09},
    issn          = {1699-2407, 1386-6710},
    url           = {https://revista.profesionaldelainformacion.com/index.php/EPI/article/view/epi.2018.jul.09},
    urldate       = {2023-01-05},
}

@book{agencia_de_calidad_de_la_educacion_pisa_2019,
    title         = {{PISA} 2018, {Entrega} de {Resultados}},
    author        = {{Agencia de Calidad de la Educaci\'{o}n}},
    year          = {2019},
}

@book{ministerio_de_educacion_bases_2019,
    title         = {Bases {Curriculares} 3\textordmasculine{} y 4\textordmasculine{} medio},
    author        = {{Ministerio de Educaci\'{o}n}},
    year          = {2019},
    publisher     = {Unidad de Curr\'{\i}culum y Evaluaci\'{o}n},
}

@article{area_tecnologias_2021,
    title         = {Tecnolog\'{\i}as {Digitales} y {Cambio} {Educativo}. {Una} {Aproximaci\'{o}n} {Cr\'{\i}tica}},
    author        = {Area, Manuel and Adell, Jordi},
    year          = {2021},
    month         = sep,
    journal       = {REICE. Revista Iberoamericana sobre Calidad, Eficacia y Cambio en Educaci\'{o}n},
    volume        = {19},
    number        = {4},
    doi           = {10.15366/reice2021.19.4.005},
    issn          = {1696-4713},
    url           = {https://revistas.uam.es/reice/article/view/reice2021\_19\_4\_005},
    urldate       = {2023-01-04},
}

@article{ballester_roca_clasicos_2021,
    title         = {Los cl\'{a}sicos como resistencia: la lectura literaria en el marco de una educaci\'{o}n lectora transmedia},
    author        = {Ballester Roca, Josep and M\'{e}ndez Cabrera, Jeroni},
    year          = {2021},
    journal       = {Tejuelo: Did\'{a}ctica de la Lengua y la Literatura. Educaci\'{o}n},
    volume        = {34},
    pages         = {195--220},
    doi           = {10.17398/1988-8430.34.195},
    issn          = {19888430},
    url           = {https://tejuelo.unex.es/article/view/4073},
    urldate       = {2023-01-04},
}

@article{hernandez-ortega_metodologias_2021,
    title         = {Metodolog\'{\i}as activas para un aprendizaje transmedia de la {Lengua} y la {Literatura}},
    author        = {Hern\'{a}ndez-Ortega, Jos\'{e} and Rovira-Collado, Jos\'{e} and \'{A}lvarez-Herrero, Juan Francisco},
    year          = {2021},
    month         = jul,
    journal       = {El Guiniguada},
    number        = {30 (2021)},
    pages         = {122--134},
    doi           = {10.20420/ElGuiniguada.2021.409},
    issn          = {23863374},
    url           = {https://ojsspdc.ulpgc.es/ojs/index.php/ElGuiniguada/article/view/1325},
    urldate       = {2023-01-04},
    editor        = {{Universidad de Las Palmas de Gran Canaria}},
}

@article{aguilar_cuesta_covid-19_2022,
    title         = {{COVID}-19 y competencia digital: percepci\'{o}n del nivel en futuros profesionales de la educaci\'{o}n},
    author        = {Aguilar Cuesta, \'{A}ngel Ignacio and Colomo Maga\~{n}a, Ernesto and Colomo Maga\~{n}a, Alejandro and S\'{a}nchez Rivas, Enrique},
    year          = {2022},
    journal       = {Hachetetep\'{e}. Revista cient\'{\i}fica de educaci\'{o}n y comunicaci\'{o}n},
    number        = {24},
    doi           = {10.25267/Hachetetepe.2022.i24.1102},
    issn          = {21727929},
    url           = {https://revistas.uca.es/index.php/hachetetepe/article/view/8258},
    urldate       = {2023-01-04},
}

@article{guillen-gamez_formacion_2022,
    title         = {Formaci\'{o}n del profesorado universitario en {Competencia} {Digital}: an\'{a}lisis con m\'{e}todos de investigaci\'{o}n correlacionales y comparativos},
    author        = {Guill\'{e}n-G\'{a}mez, Francisco D. and Ruiz-Palmero, Julio and Palacios Rodr\'{\i}guez, Antonio and Mart\'{\i}n-P\'{a}rraga, Lorena},
    year          = {2022},
    journal       = {Hachetetep\'{e}. Revista cient\'{\i}fica de educaci\'{o}n y comunicaci\'{o}n},
    number        = {24},
    doi           = {10.25267/Hachetetepe.2022.i24.1101},
    issn          = {21727929},
    url           = {https://revistas.uca.es/index.php/hachetetepe/article/view/8256},
    urldate       = {2023-01-04},
}

@article{ramos-pla_formacion_2022,
    title         = {Formaci\'{o}n permanente del profesorado universitario en tiempos de {COVID}-19: entre la necesidad y la obligaci\'{o}n},
    shorttitle    = {Formaci\'{o}n permanente del profesorado universitario en tiempos de {COVID}-19},
    author        = {Ramos-Pla, Anabel and Arco Bravo, Isabel del and Flores i Alarcia, \`{O}scar},
    year          = {2022},
    journal       = {Hachetetep\'{e}. Revista cient\'{\i}fica de educaci\'{o}n y comunicaci\'{o}n},
    number        = {24},
    doi           = {10.25267/Hachetetepe.2022.i24.1104},
    issn          = {21727929},
    url           = {https://revistas.uca.es/index.php/hachetetepe/article/view/8406},
    urldate       = {2023-01-05},
}

@article{suazo_munoz_aproximacion_2022,
    title         = {Aproximaci\'{o}n a las creencias de docentes chilenos sobre el uso de recursos audiovisuales},
    author        = {Suazo Mu\~{n}oz, Constanza and Ambr\'{o}s-Pallar\'{e}s, Alba},
    year          = {2022},
    journal       = {Hachetetep\'{e}. Revista cient\'{\i}fica de educaci\'{o}n y comunicaci\'{o}n},
    number        = {25},
    doi           = {10.25267/Hachetetepe.2022.i25.2203},
    issn          = {21727929},
    url           = {https://revistas.uca.es/index.php/hachetetepe/article/view/9053},
    urldate       = {2023-01-05},
}
