@incollection{gibson1977theory,
    title         = {The theory of affordances},
    author        = {Gibson, James Jerome},
    year          = {1977},
    booktitle     = {Perceiving, acting, and knowing: toward an Ecological psychology},
    publisher     = {Lawrence Erlbaum Associates},
    address       = {New Jersey},
    pages         = {67--82},
    editor        = {Shaw, R. and Bransford, J.},
}

@article{chapelle_call_1997,
    title         = {Call in the year 2000: {Still} in search of research paradigms?},
    author        = {Chapelle, Carol},
    year          = {1997},
    journal       = {Language Learning \& Technology},
    volume        = {1},
    number        = {1},
    pages         = {19--43},
    doi           = {10125/25002},
    issn          = {1094-3501},
}

@article{stoffregen_affordances_2003,
    title         = {Affordances as {Properties} of the {Animal}-{Environment} {System}},
    author        = {Stoffregen, Thomas A.},
    year          = {2003},
    journal       = {Ecological Psychology},
    volume        = {15},
    number        = {2},
    pages         = {115--134},
    doi           = {10.1207/S15326969ECO1502\_2},
    issn          = {1040-7413, 1532-6969},
}

@book{kukulska2005mobile,
    title         = {Mobile learning: A handbook for educators and trainers},
    author        = {Kukulska-Hulme, Agnes and Traxler, John},
    year          = {2005},
    publisher     = {Routledge},
    address       = {Abingdon, New York},
}

@book{denzin_o_2008,
    title         = {O planejamento da pesquisa qualitativa: teorias e abordagens},
    author        = {Denzin, Norman K. and Lincoln, Yvonna S.},
    year          = {2006},
    publisher     = {Artmed},
    address       = {Porto Alegre},
    isbn          = {9788536306636},
    edition       = {2. ed},
    translator    = {Sandra Regina Netz},
}

@article{van_lier_ecology_2010,
    title         = {The ecology of language learning: {Practice} to theory, theory to practice},
    author        = {Van Lier, Leo},
    year          = {2010},
    journal       = {Procedia - Social and Behavioral Sciences},
    volume        = {3},
    pages         = {2--6},
    doi           = {10.1016/j.sbspro.2010.07.005},
    issn          = {18770428},
    url           = {https://linkinghub.elsevier.com/retrieve/pii/S1877042810013790},
}

@book{paiva2011,
    title         = {Affordances beyond the classroom},
    author        = {Paiva, Vera Menezes de Oliveira},
    year          = {2011},
    publisher     = {UFMG; CNPq},
    address       = {Belo Horizonte},
    pages         = {1--14},
}

@incollection{sarmento2011estudo,
    title         = {O estudo de caso etnogr{\'a}fico em educa{\c{c}}{\~a}o},
    author        = {Sarmento, Manuel Jacinto},
    year          = {2011},
    booktitle     = {Itiner\'{a}rios de Pesquisa - Perspectivas Qualitativas em Sociologia da Educa\c{c}\~{a}o},
    publisher     = {Lamparina Editora},
    address       = {Rio de Janeiro},
    pages         = {137--179},
    editor        = {Zago, Nadir and Carvalho, Mar\'{\i}lia Pinto de and Vilela, Rita Am\'{e}lia Teixeira},
}

@book{saccol2011m,
    title         = {M-learning e u-learning: novas perspectivas da aprendizagem m{\'o}vel e ub{\'\i}qua},
    author        = {Saccol, Amarolinda and Schlemmer, Eliane and Barbosa, Jorge},
    year          = {2011},
    publisher     = {Pearson},
    address       = {S{\~a}o Paulo},
}

@online{projetoin,
    title         = {O projeto IngRede},
    author        = {Projeto IngRede},
    year          = {2012},
    url           = {http://www.letras.ufmg.br/ingrede/},
}

@inproceedings{kukulska2013aligning,
    title         = {Aligning Migration with Mobility: female immigrants using smart technologies for informal learning show the way},
    author        = {Kukulska-Hulme, Agnes},
    year          = {2013},
    booktitle     = {UNESCO Mobile Learning Week Symposium, Paris, France},
    address       = {Paris},
    url           = {https://www.slideshare.net/AgnesKH/akh-unesco-paris-feb-2013-final},
    urldate       = {2023-03-16},
}

@book{pegrum_mobile_2014,
    title         = {Mobile learning: languages, literacies and cultures},
    author        = {Pegrum, Mark},
    year          = {2014},
    publisher     = {Palgrave Macmillan},
    address       = {Londres},
    isbn          = {9781137309815},
}

@incollection{kukulska2015language,
    title         = {Language as a bridge connecting formal and informal language learning through mobile devices},
    author        = {Kukulska-Hulme, Agnes},
    year          = {2015},
    booktitle     = {Seamless learning in the age of mobile connectivity},
    publisher     = {Springer},
    address       = {London},
    pages         = {281--294},
    editor        = {Wong, Lung-Hsiang and Milrad, Marcelo and Specht, Marcus},
}

@incollection{bragaand2017call,
    title         = {CALL \& MALL: using technology to achieve educational objectives in the language classroom},
    author        = {Braga, Junia de Carvalho Fidelis and De Oliveira Silva, Luciana and Gomes Junior, Ronaldo Correa},
    year          = {2017},
    booktitle     = {Inspiring insights from an English teaching scene},
    publisher     = {FALE-UFMG},
    address       = {Belo Horizonte},
    pages         = {121--141},
    editor        = {Oliveira, Ana Larissa Adorno Marciotto and Braga, Junia de Carvalho Fidelis},
    editortype    = {organizer},
}

@incollection{braga2017english,
    title         = {English language teaching on the wings of mobility: a study on the affordances of mobile learning in classroom practice},
    author        = {Braga, Junia de Carvalho Fidelis},
    year          = {2017},
    journal       = {Inspiring Insights from an English Teaching Scene},
    booktitle     = {Inspiring insights from an English teaching scene},
    publisher     = {FALE-UFMG},
    address       = {Belo Horizonte},
    pages         = {142--163},
    editor        = {Oliveira, Ana Larissa Adorno Marciotto and Braga, Junia de Carvalho Fidelis},
    editortype    = {organizer},
}

@article{gomes_junior_affordances_2018,
    title         = {Affordances de tecnologias digitais para o desenvolvimento de habilidades orais em ingl\^{e}s},
    author        = {Gomes Junior, Ronaldo Corr\^{e}a and Teixeira, Gabriela Santos and Silva, Mayra Garcia Da and Paulino, Cynthia Maria Aguilar},
    year          = {2018},
    journal       = {Revista Brasileira de Lingu\'{\i}stica Aplicada},
    volume        = {18},
    number        = {1},
    pages         = {57--78},
    doi           = {10.1590/1984-6398201812398},
    issn          = {1984-6398},
    url           = {http://www.scielo.br/scielo.php?script=sci\_arttext\&pid=S1984-63982018000100057\&lng=pt\&tlng=pt},
}
