
@article{chapelle_call_1997,
	title = {Call in the year 2000: {Still} in search of research paradigms?},
	volume = {1},
	issn = {1094-3501},
	journal = {Honolulu, HI: National Foreign Language Resource Center},
	author = {Chapelle, Carol},
	year = {1997},
	pages = {19--43},
}

@book{denzin_o_2008,
	address = {Porto Alegre},
	edition = {2. ed},
	title = {O planejamento da pesquisa qualitativa: teorias e abordagens},
	isbn = {9788536306636},
	publisher = {Artmed},
	author = {Denzin, Norman K. and Lincoln, Yvonna S.},
	year = {2008},
}

@article{gomes_junior_affordances_2018,
	title = {Affordances de tecnologias digitais para o desenvolvimento de habilidades orais em inglês},
	volume = {18},
	issn = {1984-6398},
	url = {http://www.scielo.br/scielo.php?script=sci_arttext&pid=S1984-63982018000100057&lng=pt&tlng=pt},
	doi = {10.1590/1984-6398201812398},
	number = {1},
	journal = {Revista Brasileira de Linguística Aplicada},
	author = {Gomes Junior, Ronaldo Corrêa and Teixeira, Gabriela Santos and Silva, Mayra Garcia Da and Paulino, Cynthia Maria Aguilar},
	year = {2018},
	pages = {57--78},
}

@book{pegrum_mobile_2014,
	address = {Londres},
	title = {Mobile learning: languages, literacies and cultures},
	isbn = {9781137309815},
	publisher = {Palgrave Macmillan},
	author = {Pegrum, Mark},
	year = {2014},
}

@article{stoffregen_affordances_2003,
	title = {Affordances as {Properties} of the {Animal}-{Environment} {System}},
	volume = {15},
	issn = {1040-7413, 1532-6969},
	doi = {10.1207/S15326969ECO1502_2},
	number = {2},
	journal = {Ecological Psychology},
	author = {Stoffregen, Thomas A.},
	year = {2003},
	pages = {115--134},
}

@article{van_lier_ecology_2010,
	title = {The ecology of language learning: {Practice} to theory, theory to practice},
	volume = {3},
	issn = {18770428},
	url = {https://linkinghub.elsevier.com/retrieve/pii/S1877042810013790},
	doi = {10.1016/j.sbspro.2010.07.005},
	journal = {Procedia - Social and Behavioral Sciences},
	author = {Van Lier, Leo},
	year = {2010},
	pages = {2--6},
}
