@article{sapir_status_1929,
    title         = {The {Status} of {Linguistics} as a {Science}},
    author        = {Sapir, E.},
    year          = {1929},
    month         = dec,
    journal       = {Language},
    volume        = {5},
    number        = {4},
    pages         = {207},
    doi           = {10.2307/409588},
    issn          = {00978507},
    url           = {https://www.jstor.org/stable/409588?origin=crossref},
    urldate       = {2024-10-27},
}

@article{halliday_categories_1961,
    title         = {Categories of the {Theory} of {Grammar}},
    author        = {Halliday, Michael Alexander Kirkwood},
    year          = {1961},
    month         = jan,
    journal       = {Word},
    volume        = {17},
    number        = {2},
    pages         = {241--292},
    doi           = {10.1080/00437956.1961.11659756},
    issn          = {0043-7956, 2373-5112},
    url           = {http://www.tandfonline.com/doi/full/10.1080/00437956.1961.11659756},
    urldate       = {2024-10-27},
}

@book{leech_linguistic_1969,
    title         = {A {Linguistic} {Guide} to {English} {Poetry}},
    author        = {Leech, Geoffrey N.},
    year          = {1969},
    publisher     = {Routledge},
    address       = {London},
    doi           = {10.4324/9781315836034},
    isbn          = {9781317869665},
    url           = {https://www.taylorfrancis.com/books/9781317869665},
    urldate       = {2024-10-27},
}

@book{halliday_language_1978,
    title         = {Language as social semiotic: {The} social interpretation of language and meaning},
    author        = {Halliday, Michael Alexander Kirkwood},
    year          = {1978},
    publisher     = {Edward Arnold},
    address       = {London},
}

@article{kopple_exploratory_1985,
    title         = {Some {Exploratory} {Discourse} on {Metadiscourse}},
    author        = {Kopple, William Vande},
    year          = {1985},
    month         = feb,
    journal       = {College Composition \& Communication},
    volume        = {36},
    number        = {1},
    pages         = {82--93},
    doi           = {10.58680/ccc198511781},
    issn          = {0010-096x, 1939-9006},
    url           = {https://publicationsncte.org/content/journals/10.58680/ccc198511781},
    urldate       = {2024-10-27},
}

@book{Halliday_1985,
    title         = {An Introduction to Functional Grammar},
    author        = {Halliday, Michael Alexander Kirkwood},
    year          = {1985},
    publisher     = {Edward Arnold},
    address       = {London},
}

@book{crismore_talking_1989,
    title         = {Talking with {Readers}: {Metadiscourse} as {Rhetorical} {Act}},
    author        = {Crismore, Avon},
    year          = {1989},
    publisher     = {Peter Lang},
    address       = {New York},
}

@article{longo_role_1994,
    title         = {The {Role} of {Metadiscourse} in {Persuasion}},
    author        = {Longo, Bernadette},
    year          = {1994},
    journal       = {Technical Communication},
    volume        = {41},
    number        = {2},
    pages         = {348--352},
    issn          = {0049-3155},
    url           = {https://www.jstor.org/stable/43090348},
    urldate       = {2024-10-27},
}

@book{clark_using_1996,
    title         = {Using language},
    author        = {Clark, Herbert},
    year          = {1996},
    publisher     = {Cambridge University Press},
    address       = {Cambridge},
}

@book{duranti_linguistic_1997,
    title         = {Linguistic {Anthropology}},
    author        = {Duranti, Alessandro},
    year          = {1997},
    month         = sep,
    publisher     = {Cambridge University Press},
    doi           = {10.1017/cbo9780511810190},
    url           = {https://www.cambridge.org/core/product/identifier/9780511810190/type/book},
    urldate       = {2024-10-27},
    copyright     = {https://www.cambridge.org/core/terms},
}

@book{kostenlnick_designing_1998,
    title         = {Designing visual language: {Strategies} for professional communicators},
    author        = {Kostenlnick, Charles and Roberts, David},
    year          = {1998},
    publisher     = {Longman Publishing Group},
}

@article{kumpf_visual_2000,
    title         = {Visual metadiscourse: {Designing} the considerate text},
    author        = {Kumpf, Eric P.},
    year          = {2000},
    month         = sep,
    journal       = {Technical Communication Quarterly},
    volume        = {9},
    number        = {4},
    pages         = {401--424},
    doi           = {10.1080/10572250009364707},
    issn          = {1057-2252, 1542-7625},
    url           = {http://www.tandfonline.com/doi/abs/10.1080/10572250009364707},
    urldate       = {2024-10-27},
}

@book{cook_discourse_2001,
    title         = {The {Discourse} of {Advertising}},
    author        = {Cook, Guy},
    year          = {2001},
    month         = jul,
    publisher     = {Routledge},
    doi           = {10.4324/9780203978153},
    isbn          = {9781134965625},
    url           = {https://www.taylorfrancis.com/books/9781134965625},
    urldate       = {2024-10-27},
    edition       = {0},
}

@article{fuertes-olivera_persuasion_2001,
    title         = {Persuasion and advertising {English}: {Metadiscourse} in slogans and headlines},
    author        = {Fuertes-Olivera, Pedro A. and Velasco-Sacristán, Marisol and Arribas-Baño, Ascensión and Samaniego-Fernández, Eva},
    year          = {2001},
    month         = aug,
    journal       = {Journal of Pragmatics},
    volume        = {33},
    number        = {8},
    pages         = {1291--1307},
    doi           = {10.1016/s0378-2166(01)80026-6},
    issn          = {03782166},
    url           = {https://linkinghub.elsevier.com/retrieve/pii/S0378216601800266},
    urldate       = {2024-10-27},
    copyright     = {https://www.elsevier.com/tdm/userlicense/1.0/},
}

@book{janoschka_web_2004,
    title         = {Web {Advertising}: {New} forms of communication on the {Internet}},
    author        = {Janoschka, Anja},
    year          = {2004},
    month         = dec,
    publisher     = {John Benjamins Publishing Company},
    address       = {Amsterdam},
    series        = {Pragmatics \& {Beyond} {New} {Series}},
    volume        = {131},
    doi           = {10.1075/pbns.131},
    url           = {http://www.jbe-platform.com/content/books/9789027294883},
    urldate       = {2024-10-27},
}

@book{mancini_cinematic_2005,
    title         = {Cinematic {Hypertext}: {Investigating} a {New} {Paradigm}},
    author        = {Mancini, Clara},
    year          = {2005},
    publisher     = {IOS Press},
    address       = {Amsterdam},
}

@book{hyland_metadiscourse:_2005,
    title         = {Metadiscourse: {Exploring} {Interaction} in {Writing}},
    author        = {Hyland, Kenyland},
    year          = {2005},
    publisher     = {Bloomsbury Academic},
}

@article{hyland_stance_2005b,
    title         = {Stance and engagement: a model of interaction in academic discourse},
    author        = {Hyland, Ken},
    year          = {2005},
    month         = may,
    journal       = {Discourse Studies},
    volume        = {7},
    number        = {2},
    pages         = {173--192},
    doi           = {10.1177/1461445605050365},
    issn          = {1461-4456, 1461-7080},
    url           = {https://journals.sagepub.com/doi/10.1177/1461445605050365},
    urldate       = {2024-10-27},
    copyright     = {https://journals.sagepub.com/page/policies/text-and-data-mining-license},
}

@book{kotler_marketing_2007,
    title         = {Marketing {Management}},
    author        = {Kotler, Philip},
    year          = {2007},
    publisher     = {Pearson Education Limited},
}

@incollection{adel_metadiscourse_2008,
    title         = {Metadiscourse across three varieties of {English}: {American}, {British}, and advanced learner {English}},
    author        = {Ädel, Annelie},
    year          = {2008},
    booktitle     = {Pragmatics \& {Beyond} {New} {Series}},
    publisher     = {John Benjamins Publishing Company},
    address       = {Amsterdam},
    volume        = {169},
    pages         = {45--62},
    doi           = {10.1075/pbns.169.06ade},
    isbn          = {9789027254139},
    url           = {https://benjamins.com/catalog/pbns.169.06ade},
    urldate       = {2024-10-27},
    editor        = {Connor, Ulla and Nagelhout, Ed and Rozycki, William},
}

@article{hyland_metadiscourse:_2010,
    title         = {Metadiscourse: {Mapping} {Interactions} in {Academic} {Writing}},
    author        = {Hyland, Ken},
    year          = {2010},
    month         = jun,
    journal       = {Nordic Journal of English Studies},
    volume        = {9},
    number        = {S2},
    pages         = {125--143},
    doi           = {10.35360/njes.220},
    issn          = {1654-6970, 1502-7694},
    url           = {https://publicera.kb.se/njes/article/view/28786},
    urldate       = {2024-10-27},
    copyright     = {https://creativecommons.org/licenses/by-nc-nd/4.0/},
}

@incollection{okeeffe_media_2010,
    title         = {Media and discourse analysis},
    author        = {O’Keeffe, Anne},
    year          = {2010},
    month         = jul,
    booktitle     = {The {Routledge} {Handbook} of {Discourse} {Analysis}},
    publisher     = {Routledge},
    doi           = {10.4324/9780203809068.ch31},
    url           = {https://www.taylorfrancis.com/books/9780203809068},
    urldate       = {2024-10-27},
}

@article{okeeffe_impact_2011,
    title         = {The {Impact} of {Social} {Media} on {Children}, {Adolescents}, and {Families}},
    author        = {O'Keeffe, Gwenn Schurgin and Clarke-Pearson, Kathleen and {Council on Communications and Media}},
    year          = {2011},
    month         = apr,
    journal       = {Pediatrics},
    volume        = {127},
    number        = {4},
    pages         = {800--804},
    doi           = {10.1542/peds.2011-0054},
    issn          = {0031-4005, 1098-4275},
    url           = {https://publications.aap.org/pediatrics/article/127/4/800/65133/The-Impact-of-Social-Media-on-Children-Adolescents},
    urldate       = {2024-10-27},
}

@book{hyland_discourse_2013,
    title         = {Discourse {Studies} {Reader}: {Essential} {Excerpts}},
    author        = {Hyland, Ken},
    year          = {2013},
    publisher     = {Bloomsbury Academic},
    address       = {London},
}

@book{moriarty_advertising:_2014,
    title         = {Advertising: {Principles} and practice},
    author        = {Moriarty, Sandra and Mitchell, Nancy and Wells, William and Crawford, Robert and Brennan, Linda and Spence-Srone, Ruth},
    year          = {2014},
    publisher     = {Pearson Australia},
}

@article{niemi_discussing_2014,
    title         = {Discussing school celebrations from an intercultural perspective – a study in the {Finnish} context},
    author        = {Niemi, Pia-Maria and Kuusisto, Arniika and Kallioniemi, Arto},
    year          = {2014},
    month         = jul,
    journal       = {Intercultural Education},
    volume        = {25},
    number        = {4},
    pages         = {255--268},
    doi           = {10.1080/14675986.2014.926143},
    issn          = {1467-5986, 1469-8439},
    url           = {http://www.tandfonline.com/doi/abs/10.1080/14675986.2014.926143},
    urldate       = {2024-10-27},
}

@article{abdul-qadir_attitude_2015,
    title         = {Attitude {Markers} {In} {The} {Writing} {Of} {EFL} {Learners} : {A} {Pragma} {Stylistic} {Study}},
    shorttitle    = {Attitude {Markers} {In} {The} {Writing} {Of} {EFL} {Learners}},
    author        = {Abdul-Qadir, Intisar A. and Shakir, Muhammad},
    year          = {2015},
    journal       = {Journal of Basrah researches: The humanities},
    pages         = {30},
    doi           = {10.33762/0694-040-003-010},
    url           = {https://search.mandumah.com/Record/807633},
    urldate       = {2024-10-27},
}

@article{de_groot_picture_2016,
    title         = {Picture {This}: {Developing} a {Model} for the {Analysis} of {Visual} {Metadiscourse}},
    author        = {De Groot, Elizabeth and Nickerson, Catherine and Korzilius, Hubert and Gerritsen, Marinel},
    year          = {2016},
    month         = apr,
    journal       = {Journal of Business and Technical Communication},
    volume        = {30},
    number        = {2},
    pages         = {165--201},
    doi           = {10.1177/1050651915620235},
    issn          = {1050-6519, 1552-4574},
    url           = {https://journals.sagepub.com/doi/10.1177/1050651915620235},
    urldate       = {2024-10-27},
}

@article{rababah_persuasive_2016,
    title         = {Persuasive {Appeals} in {English} and {Arabic} {TV} {Advertisements} : {Implications} for {EFL} {Learners} and {Teachers}},
    author        = {Rabab'ah, Ghaleb Ahmed and Khawaldeh, Malak},
    year          = {2016},
    month         = oct,
    journal       = {Dirasat Human and Social Sciences},
    volume        = {43},
    pages         = {2259--2271},
    doi           = {10.12816/0035120},
    issn          = {10263721},
    url           = {http://platform.almanhal.com/MNHL/Preview/?ID=2-99221},
    urldate       = {2024-10-27},
}

@article{aguilar_metadiscourse_2017,
    title         = {Metadiscourse in {Posters} is {Both} {Textual} and {Visual}},
    author        = {Aguilar, Marta},
    year          = {2017},
    journal       = {ESP Today},
    volume        = {5},
    number        = {1},
    pages         = {122--126},
    doi           = {10.18485/esptoday.2017.5.1.9},
    issn          = {2334-9050},
    url           = {http://doi.fil.bg.ac.rs/volume.php?pt=journals&issue=esptoday-2017-5-1&i=9},
    urldate       = {2024-10-27},
}

@misc{ratcliffe_oxford_2017,
    title         = {Oxford {Essentials} {Quotations}},
    author        = {Ratcliffe, Susan},
    year          = {2017},
    journal       = {Oxford Reference},
    url           = {https://www.oxfordreference.com/display/10.1093/acref/9780191843730.001.0001/q-oro-ed5-00007046},
    urldate       = {2024-10-27},
    note          = {publisher: Oxford University Press},
}

@article{ebrahimi_role_2018,
    title         = {The {Role} of {Metadiscourse} {Markers} in {Comprehending} {Texts} of {Reading} {Comprehension} {Books} {Published} in {Iran} and {Oxford} {University} {Press}},
    author        = {Ebrahimi, Seyed Jamal},
    year          = {2018},
    month         = may,
    journal       = {International Journal of Applied Linguistics and English Literature},
    volume        = {7},
    number        = {3},
    pages         = {90},
    doi           = {10.7575/aiac.ijalel.v.7n.3p.90},
    issn          = {2200-3452, 2200-3592},
    url           = {https://journals.aiac.org.au/index.php/IJALEL/article/view/4275},
    urldate       = {2024-10-27},
    copyright     = {http://creativecommons.org/licenses/by/4.0},
}

@phdthesis{gustafsson_metadiscourse_nodate,
    title         = {Metadiscourse in advertising: {Persuasion} in online advertisements of makeup brands},
    author        = {Gustafsson, Maja},
    year          = {2018},
    url           = {https://www.diva-portal.org/smash/get/diva2:1191292/FULLTEXT02},
    urldate       = {2024-10-27},
    type          = {Thesis in {Linguistics}},
    school        = {Linnaeus University, Department of Languages},
}

@inproceedings{rohim_marketing_2019,
    title         = {Marketing {Strategy} for {Educational} {Services}},
    author        = {Rohim, M. Nur},
    year          = {2019},
    booktitle     = {Proceedings of the 3rd {International} {Conference} on {Education} {Innovation} ({ICEI} 2019)},
    publisher     = {Atlantis Press},
    address       = {Surabaya, Indonesia},
    doi           = {10.2991/icei-19.2019.61},
    isbn          = {9789462528758},
    url           = {https://www.atlantis-press.com/article/125928782},
    urldate       = {2024-10-27},
}

@book{Hyland_2019,
    title         = {Second Language Writing},
    author        = {Hyland, K.},
    year          = {2019},
    publisher     = {Cambridge University Press},
    address       = {Cambridge},
}

@book{Bgdan_2020,
    title         = {Hedges and Boosters in online advertising. Unpunlished MA thesis},
    author        = {Bgdan, M.},
    year          = {2020},
    publisher     = {Isra University},
    address       = {Amman, Jordan},
}

@incollection{Povolna_2020,
    title         = {Persuasion in {Technical} {Discourse}: {The} {Role} of {Interpersonal} {Metadiscourse} {Markers} in {User} {Manuals}},
    author        = {Povolná, Renata},
    year          = {2020},
    booktitle     = {Persuasion in {Specialised} {Discourses}},
    publisher     = {Springer International Publishing},
    address       = {Cham},
    pages         = {229--262},
    doi           = {10.1007/978-3-030-58163-3_6},
    isbn          = {9783030581626},
    url           = {http://link.springer.com/10.1007/978-3-030-58163-3_6},
    urldate       = {2024-10-27},
    collaborator  = {Dontcheva-Navratilova, Olga and Adam, Martin and Povolná, Renata and Vogel, Radek},
}

@article{carrio-pastor_multimodal_2021,
    title         = {Multimodal metadiscourse in digital academic journals on linguistics, engineering and medicine},
    author        = {Carrió-Pastor, María Luisa},
    year          = {2021},
    month         = sep,
    journal       = {European Journal of English Studies},
    volume        = {25},
    number        = {3},
    pages         = {259--277},
    doi           = {10.1080/13825577.2021.1988254},
    issn          = {1382-5577, 1744-4233},
    url           = {https://www.tandfonline.com/doi/full/10.1080/13825577.2021.1988254},
    urldate       = {2024-10-27},
}

@article{xia_engaging_2021,
    title         = {Engaging the online audience in the digital era: {A} multimodal analysis of engagement strategies in {TED} talk videos},
    author        = {Xia, Sichen Ada and Hafner, Christoph A.},
    year          = {2021},
    month         = dec,
    journal       = {Ibérica},
    number        = {42},
    pages         = {33--58},
    doi           = {10.17398/2340-2784.42.33},
    issn          = {2340-2784, 1139-7241},
    url           = {http://www.revistaiberica.org/index.php/iberica/article/view/598},
    urldate       = {2024-10-27},
    copyright     = {https://creativecommons.org/licenses/by-nc/4.0},
}

@incollection{wahl_persuasion_2021,
    title         = {Persuasion in {Your} {Life}},
    author        = {Wahl, Shawn T. and Morris, Eric},
    year          = {2021},
    month         = aug,
    booktitle     = {Persuasion in {Your} {Life}},
    publisher     = {Routledge},
    address       = {New York},
    pages         = {1--15},
    doi           = {10.4324/9781003043393-1},
    isbn          = {9781003043393},
    url           = {https://www.taylorfrancis.com/books/9781003043393/chapters/10.4324/9781003043393-1},
    urldate       = {2024-10-27},
    edition       = {3},
    collaborator  = {Wahl, Shawn T. and Morris, Eric},
}

@article{al-subhi_metadiscourse_2022,
    title         = {Metadiscourse in online advertising: {Exploring} linguistic and visual metadiscourse in social media advertisements},
    author        = {Al-Subhi, Aisha Saadi},
    year          = {2022},
    month         = jan,
    journal       = {Journal of Pragmatics},
    volume        = {187},
    pages         = {24--40},
    doi           = {10.1016/j.pragma.2021.10.027},
    issn          = {03782166},
    url           = {https://linkinghub.elsevier.com/retrieve/pii/S0378216621003672},
    urldate       = {2024-10-27},
}

@article{hyland_metadiscourse:_2022,
    title         = {Metadiscourse: the evolution of an approach to texts},
    author        = {Hyland, Ken and Jiang, Feng (Kevin)},
    year          = {2022},
    month         = may,
    journal       = {Text \& Talk},
    volume        = {44},
    number        = {3},
    pages         = {411--433},
    doi           = {10.1515/text-2021-0156},
    issn          = {1860-7330, 1860-7349},
    url           = {https://www.degruyter.com/document/doi/10.1515/text-2021-0156/html},
    urldate       = {2024-10-27},
}
