@book{bell_coming_1973,
    title         = {The coming of post-industrial society; a venture in social forecasting},
    author        = {Bell, Daniel},
    year          = {1973},
    publisher     = {Basic Books},
    address       = {New York},
}

@misc{ifla_directrices_2001,
    title         = {Directrices {IFLA}/{Unesco} para el desarrollo del servicio de bibliotecas públicas},
    author        = {{Ifla}},
    year          = {2001},
    journal       = {Federación Internacional de Asociaciones de Bibliotecarios y Bibliotecas},
    url           = {https://www.ifla.org/wp-content/uploads/2019/05/assets/hq/publications/archive/the-public-library-service/pg01-s.pdf},
    urldate       = {2024-10-02},
}

@article{prensky_digital_2001,
    title         = {Digital {Natives}, {Digital} {Immigrants} {Part} 1},
    author        = {Prensky, Marc},
    year          = {2001},
    month         = jan,
    journal       = {On the Horizon},
    volume        = {9},
    number        = {5},
    pages         = {1--6},
    doi           = {10.1108/10748120110424816},
    issn          = {1074-8121},
    url           = {https://doi.org/10.1108/10748120110424816},
    urldate       = {2024-10-02},
    keywords      = {Technology, Students, Education, Language, Culture},
}

@book{george_spss_2003,
    title         = {{SPSS} for {Windows} {Step} by {Step}: {A} {Simple} {Guide} and {Reference}},
    author        = {George, Darren and Mallery, Paul},
    year          = {2003},
    publisher     = {Allyn \& Bacon},
    address       = {Boston},
    edition       = {11.0 Update (4th ed.)},
}

@book{lewis_tests_2003,
    title         = {Tests psicológicos y evaluación},
    author        = {Lewis, Aiken},
    year          = {2003},
    publisher     = {Pearson Educación},
    address       = {México},
}

@book{bauman_modernidad_2004,
    title         = {Modernidad líquida},
    author        = {Bauman, Zygmunt},
    year          = {2004},
    publisher     = {Editorial Fondo de Cultura Económica},
    address       = {Argentina},
}

@article{duke_case_2004,
    title         = {The case for informational text},
    author        = {Duke, Neil},
    year          = {2004},
    journal       = {Educational Leadership},
    volume        = {68},
    number        = {6},
    pages         = {40--44},
    url           = {https://pdo.ascd.org/lmscourses/pd11oc135/media/literacy_ela_m3_reading_case_for_informational_text.pdf},
    urldate       = {2024-10-02},
}

@book{yarrow_bibliotecas_2009,
    title         = {Bibliotecas públicas, archivos y museos: tendencias de colaboración y cooperación},
    author        = {Yarrow, Alejandra and Clubb, Barbara and Draper, Jennifer-Lynn},
    year          = {2009},
    publisher     = {International Federation of Library Associations and Institutions (IFLA)},
}

@article{area_alfabetizacion_2012,
    title         = {La alfabetización informacional y digital: fundamentos pedagógicos para la enseñanza y el aprendizaje competente},
    author        = {Area, Manuel and Guarro, Amador},
    year          = {2012},
    month         = jul,
    journal       = {Revista española de Documentación Científica},
    volume        = {35},
    number        = {monografico},
    pages         = {46--74},
    doi           = {10.3989/redc.2012.mono.977},
    issn          = {1988-4621, 0210-0614},
    url           = {http://redc.revistas.csic.es/index.php/redc/article/view/744/825},
    urldate       = {2024-10-02},
}

@article{almenara_utilizacion_2013,
    title         = {La utilización del juicio de experto para la evaluación de {TIC}: el coeficiente de competencia experta},
    author        = {Almenara, Julio Cabero and Osuna, Julio Barroso},
    year          = {2013},
    month         = jul,
    journal       = {Bordón. Revista de Pedagogía},
    volume        = {65},
    number        = {2},
    pages         = {25--38},
    issn          = {2340-6577},
    url           = {https://recyt.fecyt.es/index.php/BORDON/article/view/brp.2013.65202},
    urldate       = {2024-10-02},
    copyright     = {Derechos de autor},
    keywords      = {Coeficiente de competencia experta.},
}

@inproceedings{alonso_lectura_2014,
    title         = {Lectura {Social}, metadatos y visibilidad de la información},
    author        = {Alonso, Julio and Cordón-García, José Antonio},
    year          = {2014},
    booktitle     = {Memorias: {Tecnologías} de la información: tendencias e impacto en las bibliotecas. {XLV} {Jornadas} {Mexicanas} de {Biblioteconomía}},
    publisher     = {Asociación Mexicana de Bibliotecarios},
    address       = {México},
    pages         = {122--146},
    editor        = {Saúl Armendáriz Sánchez},
}

@book{valbuena_nubeteca:_2014,
    title         = {Nubeteca: la biblioteca pública del presente},
    author        = {Valbuena, Javier and Cordón-García, José Antonio},
    year          = {2014},
    publisher     = {Lectyo.com},
    address       = {España},
}

@article{lluch_epitextos_2015,
    title         = {Epitextos virtuales públicos como herramientas para la difusión del libro},
    author        = {Lluch, Gemma and Tabernero-Sala, Rosa and Calvo-Valios, Virginia},
    year          = {2015},
    month         = dec,
    journal       = {Profesional de la información},
    volume        = {24},
    number        = {6},
    pages         = {797--804},
    doi           = {10.3145/epi.2015.nov.11},
    issn          = {1699-2407},
    url           = {https://revista.profesionaldelainformacion.com/index.php/EPI/article/view/epi.2015.nov.11},
    urldate       = {2024-10-02},
    copyright     = {Derechos de autor 2015 El Profesional de la Información},
    keywords      = {Libro, Difusión del libro, Literatura, Lectura, Lectura virtual, Epitextos virtuales, Epitextos online, Web social, Trailers de libros, Blogs, Foros, Promoción de la lectura, Crí­tica literaria, Comunicación interactiva},
}

@inproceedings{ravettino_booktubers_2015,
    title         = {Booktubers y performances virtuales: modos contemporáneos de difundir y compartir literatura juvenil en la {Red}},
    author        = {Ravettino, Alejandra},
    year          = {2015},
    address       = {Buenos Aires, Argentina},
}

@article{agreda_diseno_2016,
    title         = {Diseño y validación de un instrumento para evaluar la competencia digital de los docentes en la {Educación} {Superior} española},
    author        = {Agreda, Miriam and Lucena, María Angustias Hinojo and Reche, José María Sola},
    year          = {2016},
    month         = jun,
    journal       = {Pixel-Bit. Revista de Medios y Educación},
    pages         = {39--56},
    issn          = {2171-7966},
    url           = {https://recyt.fecyt.es/index.php/pixel/article/view/61713},
    urldate       = {2024-10-02},
    copyright     = {Derechos de autor 2017 Píxel-Bit. Revista de Medios y Educación},
    keywords      = {Educación Superior.},
}

@article{alvarez_tac_2017,
    title         = {Las {TAC} al servicio de la formación inicial de maestros en el área de {Didáctica} de la {Lengua} y la {Literatura}: herramientas, usos y problemática},
    shorttitle    = {Las {TAC} al servicio de la formación inicial de maestros en el área de {Didáctica} de la {Lengua} y la {Literatura}},
    author        = {Álvarez, Eva},
    year          = {2017},
    month         = oct,
    journal       = {Revista de Estudios Socioeducativos. ReSed},
    number        = {5},
    pages         = {35--48},
    issn          = {2341-3255},
    url           = {https://revistas.uca.es/index.php/ReSed/article/view/S.1.3N5},
    urldate       = {2024-10-02},
    copyright     = {Derechos de autor 2018},
}

@book{cruces_como_2017,
    title         = {¿{Cómo} leemos en la sociedad digital? {Lectores}, booktubers y prosumidores},
    year          = {2017},
    publisher     = {Ariel},
    address       = {Barcelona},
    editor        = {Cruces, Francisco},
}

@article{dantas_adaptabilidad_2017,
    title         = {Adaptabilidad, socialización y resiliencia: hacia un nuevo concepto de biblioteca},
    shorttitle    = {Adaptabilidad, socialización y resiliencia},
    author        = {Dantas, Taisa and Romeira de Sousa Guerreiro, João Luis and Cordón García, José Antonio},
    year          = {2017},
    journal       = {Revista general de información y documentación},
    volume        = {27},
    number        = {2},
    pages         = {487--501},
    issn          = {1988-2858, 1132-1873},
}

@book{imbernon_ser_2017,
    title         = {Ser docente en una sociedad compleja. {La} difícil tarea de enseñar},
    author        = {Imbernón, Francisco},
    year          = {2017},
    publisher     = {Graó},
    address       = {Barcelona},
}

@article{alvarez_epitextos_2018,
    title         = {Epitextos milénicos en la promoción lectora: morfologías multimedia de la era digital},
    author        = {Álvarez, Eva and Romero, Manuel Francisco},
    year          = {2018},
    month         = jul,
    journal       = {Revista Letral},
    number        = {20},
    pages         = {71--85},
    doi           = {10.30827/rl},
    issn          = {1989-3302},
    url           = {https://revistaseug.ugr.es/index.php/letral/article/view/7830},
    urldate       = {2024-10-02},
    copyright     = {Derechos de autor},
    keywords      = {booktubers, promoción lectora, comunicación multimedia, mediación lectora, lectura social},
}

@article{cordon-garcia_combates_2018,
    title         = {Combates por el libro: inconclusa dialéctica del modelo digital},
    author        = {Cordón-García, José-Antonio},
    year          = {2018},
    month         = jun,
    journal       = {El Profesional de la Información},
    volume        = {27},
    number        = {3},
    pages         = {467},
    doi           = {10.3145/epi.2018.may.02},
    issn          = {1699-2407, 1386-6710},
    url           = {https://revista.profesionaldelainformacion.com/index.php/EPI/article/view/epi.2018.may.02},
    urldate       = {2024-10-02},
}

@article{alvarez_ramos_generacion_2019,
    title         = {La {Generación} {Z} y las {Redes} {Sociales}. {Una} visión desde los adolescentes en {España}},
    author        = {Álvarez Ramos, Eva and Heredia Ponce, Hugo and Romero Oliva, Manuel Francisco},
    year          = {2019},
    month         = jun,
    journal       = {Revista Espacios},
    volume        = {40},
    number        = {20},
    pages         = {1--13},
    issn          = {0798 1015},
    url           = {https://rodin.uca.es/handle/10498/21358},
    urldate       = {2024-10-02},
    copyright     = {Attribution-NonCommercial-NoDerivatives 4.0 Internacional},
}

@article{bauman_acerca_2019,
    title         = {Acerca de lo leve y lo líquido},
    author        = {Bauman, Zygmunt},
    year          = {2019},
    journal       = {Nueva revista de política, cultura y arte},
    number        = {170},
    pages         = {34--43},
}

@article{castaneda_quintero_formacion_2019,
    title         = {Formación inicial del profesorado en el uso educativo de la tecnología: una propuesta curricular},
    author        = {Castañeda Quintero, Linda Johanna},
    year          = {2019},
    journal       = {Quaderns digitals: Revista de Nuevas Tecnologías y Sociedad},
    number        = {89},
    pages         = {1},
    issn          = {1575-9393},
    url           = {https://dialnet.unirioja.es/servlet/articulo?codigo=7087556},
    urldate       = {2024-10-02},
}

@article{heredia_tecnicas_2019,
    title         = {Técnicas para la evaluación de la lectura y las {TIC}: {Tres} cuestionarios para su diagnóstico},
    shorttitle    = {Técnicas para la evaluación de la lectura y las {TIC}},
    author        = {Heredia, Hugo and Romero Oliva, Manuel Francisco},
    year          = {2019},
    journal       = {Campo abierto: Revista de educación},
    volume        = {38},
    number        = {1},
    pages         = {45--63},
    issn          = {0213-9529},
    url           = {https://dialnet.unirioja.es/servlet/articulo?codigo=6979805},
    urldate       = {2024-10-02},
}

@article{moreno_mulas_florencia_2019,
    title         = {Florencia {Corrionero} {Salinero}, técnica del {Servicio} {Provincial} de bibliotecas de {Diputación} de {Badajoz}: "{Quizá} nos preocupamos demasiado por el futuro. {En} algunas bibliotecas pacenses ya no se habla de futuro sino de su nuevo presente"},
    author        = {Moreno Mulas, María Antonia},
    year          = {2019},
    journal       = {Mi biblioteca: La revista del mundo bibliotecario},
    number        = {58},
    pages         = {24--31},
    issn          = {1699-3411},
    url           = {https://dialnet.unirioja.es/servlet/articulo?codigo=7039829},
    urldate       = {2024-10-02},
}

@article{santiago_del_pino_consulta_2019,
    title         = {Consulta a docentes del {Máster} de {Profesorado} de {Secundaria} sobre la alfabetización mediática e informacional ({AMI}). {Diseño} y validación del cuestionario},
    author        = {Santiago Del Pino, Michel and Permisan, Cristina Goenechea and Romero Oliva, Manuel Francisco},
    year          = {2019},
    month         = jun,
    journal       = {Revista Complutense de Educación},
    volume        = {30},
    number        = {4},
    pages         = {1045--1066},
    doi           = {10.5209/rced.60000},
    issn          = {1988-2793, 1130-2496},
    url           = {https://revistas.ucm.es/index.php/RCED/article/view/60000},
    urldate       = {2024-10-02},
}

@article{valbuena_impacto_2019,
    title         = {El impacto de los contenidos digitales en los espacios físicos: el proyecto {Nubeteca} y la recuperación de la biblioteca como lugar de encuentro},
    author        = {Valbuena, Javier and Cordón-García, José Antonio},
    year          = {2019},
    journal       = {Periferica},
    number        = {20},
    pages         = {302--311},
    doi           = {10.25267/Periferica.2019.i20.35},
    issn          = {15771172},
    url           = {https://revistas.uca.es/index.php/periferica/article/view/5599/5879},
    urldate       = {2024-10-02},
}

@online{cordon-garcia_mpacto_2020,
    title         = {mpacto de los {Espacios} {Nubeteca}. {Informe} final del proyecto de investigación},
    author        = {Cordón-García, José Antonio and Valbuena, Javier and Merchán, Javier-Félix},
    year          = {2020},
    url           = {https://www.1234redes.eu/wp-content/uploads/2021/12/Impacto%20espacios%20Nubeteca%20publicacion%20investigacion.pdf},
    urldate       = {2024-10-02},
}

@book{kovac_lectura_2020,
    title         = {Lectura en papel vs. {Lectura} en pantalla},
    author        = {Kovac, Miha and Van Der Weel, Adriaan},
    year          = {2020},
    publisher     = {Cerlalc-Unesco},
    address       = {Colombia},
    url           = {https://cerlalc.org/wp-content/uploads/2020/04/Cerlalc_Publicaciones_Dosier_Pantalla_vs_Papel_042020.pdf},
    urldate       = {2024-10-02},
}

@article{romero_oliva_habitos_2020,
    title         = {Hábitos lectores de los adolescentes en un ecosistema llamado escuela: factores determinantes en estudiantes de educación secundaria: {Adolescent} {Reading} {Habits} in an {Ecosystem} {Called} {School}: {Determining} {Factors} in {High} {School} {Students}},
    author        = {Romero Oliva, Manuel Francisco and Ambrós Pallarés, Alba and Trujillo Sáez, Fernando},
    year          = {2020},
    month         = may,
    journal       = {Investigaciones Sobre Lectura},
    number        = {13},
    doi           = {10.24310/revistaisl.vi13.11112},
    issn          = {2340-8685, 2340-8685},
    url           = {https://revistas.uma.es/index.php/revistaISL/article/view/11112},
    urldate       = {2024-10-02},
}

@article{samperiz_libro_2020,
    title         = {El libro de no ficción para prelectores. {Análisis} de las claves de construcción del discurso},
    author        = {Sampériz, Marta and Tabernero, Rosa and Colón, María Jesús and Manrique, Noemí},
    year          = {2020},
    month         = dec,
    journal       = {Cuadernos del Centro de Estudios de Diseño y Comunicación},
    number        = {124},
    doi           = {10.18682/cdc.vi124.4418},
    issn          = {1853-3523, 1668-0227},
    url           = {https://dspace.palermo.edu/ojs/index.php/cdc/article/view/4418},
    urldate       = {2024-10-02},
}

@incollection{stole_mito_2020,
    title         = {El mito del nativo digital: ¿por qué necesitan libros?},
    author        = {Stole, Hildegunn},
    year          = {2020},
    booktitle     = {Lectura en papel vs. {Lectura} en pantalla},
    publisher     = {Cerlalc-Unesco},
    address       = {Colombia},
    pages         = {49--69},
    editor        = {Kovac, Miha and Van Der Weel, Adriaan},
}

@article{tabernero_habitos_2020,
    title         = {Hábitos de lectura y consumo de información de los adolescentes en el ámbito digital: {Reading} habits and information consumption of adolescents in the digital environment},
    author        = {Tabernero, Rosa and Álvarez, Eva  and Heredia, Hugo},
    year          = {2020},
    month         = may,
    journal       = {Investigaciones Sobre Lectura},
    number        = {13},
    doi           = {10.24310/revistaisl.vi13.11116},
    issn          = {2340-8685},
    url           = {https://revistas.uma.es/index.php/revistaISL/article/view/11116},
    urldate       = {2024-10-02},
    copyright     = {Derechos de autor},
    keywords      = {Sitio web, revista ISL, competencia lectora, comprensión lectora, literatura infantil y juvenil, fomento de la lectura},
}

@book{wolf_lector_2020,
    title         = {Lector, vuelve a casa. {Cómo} afecta a nuestro cerebro la lectura en pantallas},
    author        = {Wolf, Maryanne},
    year          = {2020},
    publisher     = {Deusto},
    address       = {Barcelona},
}

@article{romero_oliva_epitextos_2021,
    title         = {Epitextos editoriales en la promoción y mediación de los libros de no ficción},
    author        = {Romero Oliva, Manuel Francisco  and Florido, Blanca  and Heredia, Hugo},
    year          = {2021},
    month         = sep,
    journal       = {Espiral Cuadernos del Profesorado},
    volume        = {14},
    number        = {29},
    doi           = {10.25115/ecp.v14i29.4528},
    issn          = {1988-7701},
    url           = {https://ojs.ual.es/ojs/index.php/ESPIRAL/article/view/4528},
    urldate       = {2024-10-02},
    copyright     = {Copyright (c) 2021 ESPIRAL. CUADERNOS DEL PROFESORADO},
    keywords      = {libros de no ficción, epitextos editoriales, competencia en comunicación lingüística, áreas lingüísticas y áreas no lingüísticas, Non-fiction books, Editorials, Competence in linguistic communication, Linguistic areas and non-linguistic areas},
}

@article{rovira-collado_intertextualidad_2021,
    title         = {Intertextualidad y multimodalidad en constelaciones transmedia: una propuesta interdisciplinar en la formación docente / {Intertextuality} and multimodality in transmedia constellations: an interdisciplinary proposal in teacher training},
    author        = {Rovira-Collado, José and Ruiz-Bañuls, Mónica and Martínez-Carratalá, Francisco Antonio and Gómez-Trigueros, Isabel},
    year          = {2021},
    month         = sep,
    journal       = {TEJUELO. Didáctica de la Lengua y la Literatura. Educación},
    volume        = {34},
    pages         = {111--142},
    doi           = {10.17398/1988-8430.34.111},
    issn          = {1988-8430},
    url           = {https://tejuelo.unex.es/tejuelo/article/view/4068},
    urldate       = {2024-10-02},
}

@book{scolari_cultura_2021,
    title         = {Cultura snack: lo bueno, si breve},
    author        = {Scolari, Carlos Alberto},
    year          = {2021},
    publisher     = {La marca editora},
    address       = {Ciudad Autónoma de Buenos Aires},
}

@article{tabernero-sala_promocion_2022,
    title         = {Promoción de la lectura en la sociedad digital. {El} book-trailer del libro ilustrado de no ficción como epitexto virtual en la definición de un nuevo discurso},
    author        = {Tabernero-Sala, Rosa and Colón-Castillo, María-Jesús and Sampériz-Hernández, Marta and Campos-Bandrés, Iris-Orosia},
    year          = {2022},
    month         = jan,
    journal       = {El Profesional de la información},
    pages         = {e310213},
    doi           = {10.3145/epi.2022.mar.13},
    issn          = {16992407, 13866710},
    url           = {https://revista.profesionaldelainformacion.com/index.php/EPI/article/view/86685},
    urldate       = {2024-10-02},
}

@incollection{tabernero_formar_2022a,
    title         = {Formar lectores en la sociedad digital: algunos retos y otros desafı́os},
    author        = {Tabernero, Rosa},
    year          = {2022},
    booktitle     = {Multimodalidad y didáctica de las literaturas},
    publisher     = {Graó},
    address       = {Barcelona},
    pages         = {29--48},
    editor        = {Asiáin Ansorena, Alfredo and López Pérez, María Victoria},
}

@book{tabernero_leer_2022b,
    title         = {Leer por curiosidad: los libros de no ficción en la formación de lectores},
    year          = {2022},
    publisher     = {Graó},
    address       = {Barcelona},
    editor        = {Tabernero, Rosa},
}

@book{junta_de_andalucia_instrucciones_2023,
    title         = {Instrucciones de 21 de junio de 2023, de la {Viceconsejería} de {Desarrollo} {Educativo} y {Formación} {Profesional}, sobre el tratamiento de la lectura para el despliegue de la competencia en comunicación lingüística en {Educación} {Primaria} y {Educación} {Secundaria} {Obligatoria}},
    author        = {{Junta de Andalucía}},
    year          = {2023},
    url           = {https://www.juntadeandalucia.es/educacion/portals/delegate/content/c4db4837-05ea-4458-8b80-f8c12804cb3d/Instrucciones%20lectura%20diaria%20planificada},
    urldate       = {2024-10-02},
}

@article{romero_oliva_entre_2023,
    title         = {Entre biografías ilustradas no ficcionales y lecturas ficcionales para una educación literaria: espacios de promoción del legado cultural},
    shorttitle    = {Entre biografías ilustradas no ficcionales y lecturas ficcionales para una educación literaria},
    author        = {Romero Oliva, Manuel Francisco and Romero Claudio, Carmen and Alejaldre Biel, Leyre},
    year          = {2023},
    month         = nov,
    journal       = {Siglo XXI. Literatura y Cultura Españolas},
    number        = {21},
    pages         = {401--434},
    doi           = {10.24197/sxxi.21.2023.401-434},
    issn          = {2172-7457},
    url           = {https://revistas.uva.es/index.php/sigloxxi/article/view/8237},
    urldate       = {2024-10-02},
    copyright     = {https://creativecommons.org/licenses/by/4.0},
}
