@chapter{haves1980identifying,
    title         = {Identifying the organization of writing processes},
    author        = {Hayes, John R. and Flower, Linda S.},
    year          = {1980},
    journal       = {Cognitive processes in writing},
    publisher     = {Lawrence Erlbaum Assosiates},
}

@article{nystrand1982rhetoric,
    title         = {Rhetoric's ``audience'' and linguistics'``speech community'': Implications for understanding writing, reading, and text},
    author        = {Nystrand, Martin and others},
    year          = {1982},
    journal       = {What writers know: The language, process, and structure of written discourse},
    publisher     = {Academic Press New York},
    pages         = {1--28},
}

@book{de1984text,
    title         = {Text production: Toward a science of composition},
    author        = {De Beaugrande, Robert},
    year          = {1984},
    publisher     = {Praeger},
    volume        = {11},
}

@article{bereiter1992modelos,
    title         = {Dos modelos explicativos de los procesos de composici{\'o}n escrita},
    author        = {Bereiter, Carl and Scarmalia, Marlene},
    year          = {1992},
    journal       = {Journal for the Study of Education and Development, Infancia y Aprendizaje},
    publisher     = {Fundaci{\'o}n Infancia y Aprendizaje},
    number        = {58},
    pages         = {43--64},
    doi           = {10.1080/02103702.1992.10822332},
    url           = {https://www.tandfonline.com/doi/abs/10.1080/02103702.1992.10822332},
}

@chapter{flower1996textos,
    title         = {Textos en contexto},
    author        = {Flower, Linda and Hayes, J},
    year          = {1996},
    publisher     = {Asociaci{\'o}n Internacional de Lectura},
    address       = {Buenos Aires, Argentina},
    url           = {http://www.a43d.com.uy/jenny/wp-content/uploads/2018/06/Flowers_y_Hayes.pdf},
}

@book{brown1998architectures,
    title         = {Architectures. anti-patterns: refactoring software and projects in crisis},
    author        = {Brown, WJ and Malveau, RC and others},
    year          = {1998},
    publisher     = {John Wiley and Sons},
}

@inproceedings{fincher1999we,
    title         = {What are we doing when we teach programming?},
    author        = {Fincher, Sally},
    year          = {1999},
    booktitle     = {FIE'99 Frontiers in Education. 29th Annual Frontiers in Education Conference. Designing the Future of Science and Engineering Education. Conference Proceedings (IEEE Cat. No. 99CH37011)},
    volume        = {1},
    pages         = {12a4-1--12a4-5},
    doi           = {10.1109/FIE.1999.839268},
    url           = {https://ieeexplore.ieee.org/abstract/document/839268},
    organization  = {IEEE},
}

@article{didactext2003modelo,
    title         = {Modelo sociocognitivo, pragmaling{\"u}{\'\i}stico y did{\'a}ctico para la producci{\'o}n de textos escritos},
    author        = {DIDACTEXT, GRUPO DIDACTEXT Did{\'a}ctica del Texto GRUPO},
    year          = {2003},
    journal       = {Did{\'a}ctica. Lengua y Literatura},
    volume        = {15},
    pages         = {077--104},
    url           = {https://revistas.ucm.es/index.php/DIDA/article/download/DIDA0303110077A/19407},
}

@book{bronckart2004actividad,
    title         = {Actividad verbal, textos y discursos:: por un interaccionismo socio-discursivo},
    author        = {Bronckart, Jean-Paul},
    year          = {2004},
    publisher     = {Fund. Infancia y Aprendizaje},
}

@article{perez2005evolucion,
    title         = {Evoluci{\'o}n de motivaciones, actitudes y h{\'a}bitos de los estudiantes de la Facultad de Ciencias de la Actividad F{\'\i}sica y del Deporte de la Universidad de Le{\'o}n},
    author        = {P{\'e}rez, D and Hern{\'a}ndez, Carmen Requena and Gonz{\'a}lez, Marta Zubiaur},
    year          = {2005},
    journal       = {European Journal of Human Movement},
    publisher     = {Asociaci{\'o}n Espa{\~n}ola de Ciencias del Deporte},
    number        = {14},
    pages         = {65--79},
    url           = {https://dialnet.unirioja.es/descarga/articulo/2279075.pdf},
}

@inproceedings{alcover2007analisis,
    title         = {An{\'a}lisis del rendimiento acad{\'e}mico en los estudios de inform{\'a}tica de la Universidad Polit{\'e}cnica de Valencia aplicando t{\'e}cnicas de miner{\'\i}a de datos},
    author        = {Alcover, R and Benlloch, J and Blesa, P and Calduch, MA and Celma, M and Ferri, C and Hern{\'a}ndez-Orallo, J and Iniesta, L and M{\'a}s, J and Ram{\'\i}rez-Quintana, MJ and others},
    year          = {2007},
    booktitle     = {XIII Jornadas de Ense\~{n}anza Universitaria de la Inform\'{a}tica (JENUI 2007)},
    address       = {Teruel, Espa{\~n}a.},
    pages         = {163--170},
    url           = {http://bioinfo.uib.es/~joemiro/aenui/procJenui/Jen2007/alanal.pdf},
}

@article{wing2008computational,
    title         = {Computational thinking and thinking about computing},
    author        = {Wing, Jeannette M},
    year          = {2008},
    journal       = {Philosophical Transactions of the Royal Society A: Mathematical, Physical and Engineering Sciences},
    publisher     = {The Royal Society London},
    volume        = {366},
    number        = {1881},
    pages         = {3717--3725},
    doi           = {10.1098/rsta.2008.0118},
    url           = {https://royalsocietypublishing.org/doi/abs/10.1098/rsta.2008.0118},
}

@article{de2012hacia,
    title         = {Hacia un inventario de escritura acad{\'e}mica en el posgrado},
    author        = {Difabio de Anglat, Hilda},
    year          = {2012},
    journal       = {Revista de orientaci{\'o}n educacional},
    publisher     = {Universidad de Playa Ancha},
    number        = {49},
    pages         = {37--53},
    url           = {https://dialnet.unirioja.es/descarga/articulo/4554495.pdf},
}

@article{miras2013creencias,
    title         = {Creencias sobre lectura y escritura, producci{\'o}n de s{\'\i}ntesis escritas y resultados de aprendizaje},
    author        = {Miras, Mariana and Sol{\'e}, Isabel and Castells, Nuria},
    year          = {2013},
    journal       = {Revista mexicana de investigaci{\'o}n educativa},
    publisher     = {Consejo Mexicano de Investigaci{\'o}n Educativa AC},
    volume        = {18},
    number        = {57},
    pages         = {437--459},
    url           = {https://www.scielo.org.mx/pdf/rmie/v18n57/v18n57a6.pdf},
}

@article{lonka2014measure,
    title         = {How to measure PhD students' conceptions of academic writing--and are they related to well-being?},
    author        = {Lonka, Kirsti and Chow, Angela and Keskinen, Jenni and Hakkarainen, Kai and Sandstr{\"o}m, Niclas and Pyh{\"a}lt{\"o}, Kirsi},
    year          = {2014},
    journal       = {Journal of Writing Research},
    volume        = {5},
    number        = {3},
    doi           = {10.17239/jowr-2014.05.03.1},
    url           = {https://www.jowr.org/index.php/jowr/article/view/688},
}

@article{rodriguez2015escritura,
    title         = {Escritura de textos acad{\'e}micos: dificultades experimentadas por escritores noveles y sugerencias de apoyo},
    author        = {Rodr{\'\i}guez Hern{\'a}ndez, Blanca Araceli and Garc{\'\i}a Valero, Laura Beatriz},
    year          = {2015},
    publisher     = {Instituto de Investigaciones en Educaci{\'o}n de la Universidad Veracruzana},
    doi           = {10.25009/cpue.v0i20.1332},
    url           = {https://cpue.uv.mx/index.php/cpue/article/view/1332/2450},
}

@article{voogt2015computational,
    title         = {Computational thinking in compulsory education: Towards an agenda for research and practice},
    author        = {Voogt, Joke and Fisser, Petra and Good, Jon and Mishra, Punya and Yadav, Aman},
    year          = {2015},
    journal       = {Education and Information Technologies},
    publisher     = {Springer},
    volume        = {20},
    pages         = {715--728},
    doi           = {10.1007/s10639-015-9412-6},
    url           = {https://link.springer.com/article/10.1007/s10639-015-9412-6},
}

@article{dapozo2016capacitacion,
    title         = {Capacitaci{\'o}n en programaci{\'o}n para incorporar el pensamiento computacional en las escuelas},
    author        = {Dapozo, Gladys and Petris, Raquel and Greiner, Cristina and Esp{\'\i}ndola, Mar{\'\i}a Cecilia and L{\'o}pez, Mariano and others},
    year          = {2016},
    journal       = {Revista Iberoamericana de Tecnolog{\'\i}a en Educaci{\'o}n y Educaci{\'o}n en Tecnolog{\'\i}a},
    publisher     = {SciELO Argentina},
    number        = {18},
    pages         = {113--121},
    url           = {https://dialnet.unirioja.es/servlet/articulo?codigo=5889939},
}

@article{navarro2016panorama,
    title         = {Panorama hist{\'o}rico y contrastivo de los estudios sobre lectura y escritura en educaci{\'o}n superior publicados en Am{\'e}rica Latina},
    author        = {Navarro, Federico and {\'A}vila Reyes, Natalia and Tapia-Ladino, M{\'o}nica and Cristov{\~a}o, Vera LL and Moritz, Maria Ester W and Narv{\'a}ez Cardona, Elizabeth and Bazerman, Charles},
    year          = {2016},
    journal       = {Revista signos},
    publisher     = {SciELO Chile},
    volume        = {49},
    pages         = {78--99},
    doi           = {10.4067/S0718-09342016000400006},
    url           = {https://www.scielo.cl/pdf/signos/v49s1/art06.pdf},
}

@article{gupta2016modelling,
    title         = {Modelling and measuring code smells in enterprise applications using TISM and two-way assessment},
    author        = {Gupta, Viral and Kapur, Parmod Kumar and Kumar, Deepak},
    year          = {2016},
    journal       = {International Journal of System Assurance Engineering and Management},
    publisher     = {Springer},
    volume        = {7},
    number        = {3},
    pages         = {332--340},
    doi           = {10.1007/s13198-016-0460-0},
    url           = {https://link.springer.com/article/10.1007/s13198-016-0460-0},
}

@article{murphy2016analysis,
    title         = {An analysis of introductory university programming courses in the UK},
    author        = {Murphy, Ellen and Crick, Tom and Davenport, James H},
    year          = {2016},
    journal       = {University of Bath},
    url           = {https://purehost.bath.ac.uk/ws/portalfiles/portal/147312704},
}

@article{eguiluz2017exploring,
    title         = {Exploring the progression of early programmers in a set of computational thinking challenges via clickstream analysis},
    author        = {Eguiluz, Andoni and Guenaga, Mariluz and Garaizar, Pablo and Olivares-Rodriguez, Cristian},
    year          = {2017},
    journal       = {IEEE Transactions on Emerging Topics in Computing},
    publisher     = {IEEE},
    volume        = {8},
    number        = {1},
    pages         = {256--261},
    doi           = {10.1109/TETC.2017.2768550},
    url           = {https://ieeexplore.ieee.org/abstract/document/8093668},
}

@article{malik2017model,
    title         = {A model for teaching an introductory programming course using ADRI},
    author        = {Malik, Sohail Iqbal and Coldwell-Neilson, Jo},
    year          = {2017},
    journal       = {Education and Information Technologies},
    publisher     = {Springer},
    volume        = {22},
    number        = {3},
    pages         = {1089--1120},
    doi           = {10.1007/s10639-016-9474-0},
    url           = {https://link.springer.com/article/10.1007/s10639-016-9474-0},
}

@inproceedings{kyfonidis2017block,
    title         = {Block-C: A block-based programming teaching tool to facilitate introductory C programming courses},
    author        = {Kyfonidis, Charalampos and Moumoutzis, Nektarios and Christodoulakis, Stavros},
    year          = {2017},
    booktitle     = {2017 IEEE Global Engineering Education Conference (EDUCON)},
    pages         = {570--579},
    doi           = {10.1109/EDUCON.2017.7942903},
    url           = {https://ieeexplore.ieee.org/abstract/document/7942903},
    organization  = {IEEE},
}

@book{fowler2018refactoring,
    title         = {Refactoring: improving the design of existing code},
    author        = {Fowler, Martin},
    year          = {2018},
    publisher     = {Addison-Wesley Professional},
}

@article{aniche2018code,
    title         = {Code smells for model-view-controller architectures},
    author        = {Aniche, Maur{\'\i}cio and Bavota, Gabriele and Treude, Christoph and Gerosa, Marco Aur{\'e}lio and van Deursen, Arie},
    year          = {2018},
    journal       = {Empirical Software Engineering},
    publisher     = {Springer},
    volume        = {23},
    number        = {4},
    pages         = {2121--2157},
    doi           = {10.1007/s10664-017-9540-2},
    url           = {https://link.springer.com/article/10.1007/s10664-017-9540-2},
}

@inproceedings{dietz2018teaching,
    title         = {Teaching clean code},
    author        = {Dietz, Linus W and Manner, Johannes and Harrer, Simon and Lenhard, J{\"o}rg},
    year          = {2018},
    booktitle     = {Proceedings of the 1st Workshop on Innovative Software Engineering Education},
    url           = {http://ceur-ws.org/Vol-2066/isee2018paper06.pdf},
}

@inproceedings{griffin2019designing,
    title         = {Designing intentional bugs for learning},
    author        = {Griffin, Jean M},
    year          = {2019},
    booktitle     = {Proceedings of the 1st UK \& Ireland Computing Education Research Conference},
    pages         = {1--7},
}

@article{kilner2019using,
    title         = {Using innovative teaching practices to inspire critically engaged reading and writing in a neoliberal university environment},
    author        = {Kilner, Kerry and Collie, Natalie and Clement, Jennifer},
    year          = {2019},
    journal       = {Higher Education Research \& Development},
    publisher     = {Taylor \& Francis},
    volume        = {38},
    number        = {1},
    pages         = {110--123},
    doi           = {10.1080/07294360.2018.1537258},
    url           = {https://www.tandfonline.com/doi/abs/10.1080/07294360.2018.1537258},
}

@masterthesis{torrent2019programacion,
    title         = {Programaci{\'o}n computacional en escuelas: una mirada de inclusi{\'o}n y g{\'e}nero a una iniciativa extracurricular del Ministerio de Educaci{\'o}n de Chile},
    author        = {Torrent Maluje, Catalina Andrea},
    year          = {2019},
    publisher     = {Universidad de Chile},
    url           = {https://repositorio.uchile.cl/handle/2250/170511},
}

@article{ulu2019investigation,
    title         = {Investigation of Fourth Grade Primary School Students' Creative Writing and Story Elements in Narrative Text Writing Skills.},
    author        = {Ulu, Hacer},
    year          = {2019},
    journal       = {International Journal of Progressive Education},
    publisher     = {ERIC},
    volume        = {15},
    number        = {5},
    pages         = {273--287},
    doi           = {10.29329/ijpe.2019.212.18},
    url           = {https://ijpe.inased.org/makale/1126},
}

@article{liu2019deep,
    title         = {Deep learning based code smell detection},
    author        = {Liu, Hui and Jin, Jiahao and Xu, Zhifeng and Zou, Yanzhen and Bu, Yifan and Zhang, Lu},
    year          = {2019},
    journal       = {IEEE transactions on Software Engineering},
    publisher     = {IEEE},
    volume        = {47},
    number        = {9},
    pages         = {1811--1837},
    doi           = {10.1109/TSE.2019.2936376},
    url           = {https://ieeexplore.ieee.org/abstract/document/8807230},
}

@article{goldsmith2019investigating,
    title         = {Investigating invisible writing practices in the engineering curriculum using practice architectures},
    author        = {Goldsmith, Rosalie and Willey, Keith and Boud, David},
    year          = {2019},
    journal       = {European Journal of Engineering Education},
    publisher     = {Taylor \& Francis},
    volume        = {44},
    number        = {1-2},
    pages         = {71--84},
    doi           = {10.1080/03043797.2017.1405241},
    url           = {https://www.tandfonline.com/doi/abs/10.1080/03043797.2017.1405241},
}

@article{weintrop2019block,
    title         = {Block-based programming in computer science education},
    author        = {Weintrop, David},
    year          = {2019},
    journal       = {Communications of the ACM},
    publisher     = {ACM New York, NY, USA},
    volume        = {62},
    number        = {8},
    pages         = {22--25},
    doi           = {10.1145/3341221},
}

@inproceedings{becker201950,
    title         = {50 years of cs1 at sigcse: A review of the evolution of introductory programming education research},
    author        = {Becker, Brett A and Quille, Keith},
    year          = {2019},
    booktitle     = {Proceedings of the 50th acm technical symposium on computer science education},
    pages         = {338--344},
    doi           = {10.1145/3287324.3287432},
}

@article{gonzalez2020concepciones,
    title         = {Concepciones de escritura acad{\'e}mica en estudiantes de medicina},
    author        = {Gonz{\'a}lez, Martha Leticia Gaeta and Gonz{\'a}lez, Mercedes Zanotto and Gonz{\'a}lez-Ocampo, Gabriela},
    year          = {2020},
    journal       = {IE Revista de Investigaci{\'o}n Educativa de la REDIECH},
    publisher     = {Red de Investigadores Educativos Chihuahua AC},
    volume        = {11},
    pages         = {1--17},
    doi           = {10.33010/ie\_rie\_rediech.v11i0.855},
    url           = {https://www.redalyc.org/journal/5216/521662150034/521662150034.pdf},
}

@inproceedings{santos2020javardise,
    title         = {Javardise: a structured code editor for programming pedagogy in Java},
    author        = {Santos, Andr{\'e} L},
    year          = {2020},
    booktitle     = {Conference Companion of the 4th International Conference on Art, Science, and Engineering of Programming},
    pages         = {120--125},
    doi           = {10.1145/3397537.3397561},
    url           = {https://dl.acm.org/doi/abs/10.1145/3397537.3397561},
}

@article{selwyn2020developing,
    title         = {Developing technical report writing skills in first and second year engineering students: a case study using self-reflection},
    author        = {Selwyn, Rebecca and Renaud-Assemat, Irene},
    year          = {2020},
    journal       = {Higher Education Pedagogies},
    publisher     = {Taylor \& Francis},
    volume        = {5},
    number        = {1},
    pages         = {19--29},
    doi           = {10.1080/23752696.2019.1710550},
    url           = {https://www.tandfonline.com/doi/full/10.1080/23752696.2019.1710550},
}

@book{sommerville2020engineering,
    title         = {Engineering software products},
    author        = {Sommerville, Ian},
    year          = {2020},
    publisher     = {Pearson London},
}

@article{vine2020escritura,
    title         = {La escritura acad{\'e}mica: percepciones de estudiantes de Ciencias Humanas y Ciencias de la Ingenier{\'\i}a de una universidad chilena},
    author        = {Vine-Jara, Ana E},
    year          = {2020},
    journal       = {{\'I}kala, Revista de Lenguaje y Cultura},
    publisher     = {Escuela de Idiomas, Universidad de Antioquia},
    volume        = {25},
    number        = {2},
    pages         = {475--491},
    url           = {https://www.redalyc.org/journal/2550/255066610011/255066610011.pdf},
    dpi           = {10.17533/udea.ikala.v25n02a02},
}

@article{walton2020writing,
    title         = {Writing skills development in an engineering geology course through practice and feedback on report submissions using a rubric},
    author        = {Walton, Gabriel},
    year          = {2020},
    journal       = {Journal of Geoscience Education},
    publisher     = {Taylor \& Francis},
    volume        = {68},
    number        = {1},
    pages         = {33--48},
    doi           = {10.1080/10899995.2019.1625997},
    url           = {https://www.tandfonline.com/doi/abs/10.1080/10899995.2019.1625997},
}

@article{wedyan2020impact,
    title         = {Impact of design patterns on software quality: a systematic literature review},
    author        = {Wedyan, Fadi and Abufakher, Somia},
    year          = {2020},
    journal       = {IET Software},
    publisher     = {Wiley Online Library},
    volume        = {14},
    number        = {1},
    pages         = {1--17},
    doi           = {10.1049/iet-sen.2018.5446},
    url           = {https://ietresearch.onlinelibrary.wiley.com/doi/full/10.1049/iet-sen.2018.5446},
}

@article{liu2020general,
    title         = {General skill needs and challenges in university academic reading: Voices from undergraduates and language teachers},
    author        = {Liu, Xiaohua and Read, John},
    year          = {2020},
    journal       = {Journal of College Reading and Learning},
    publisher     = {Taylor \& Francis},
    volume        = {50},
    number        = {2},
    pages         = {70--93},
    doi           = {10.1080/10790195.2020.1734885},
    url           = {https://www.tandfonline.com/doi/abs/10.1080/10790195.2020.1734885},
}

@article{lacerda2020code,
    title         = {Code smells and refactoring: A tertiary systematic review of challenges and observations},
    author        = {Lacerda, Guilherme and Petrillo, Fabio and Pimenta, Marcelo and Gu{\'e}h{\'e}neuc, Yann Ga{\"e}l},
    year          = {2020},
    journal       = {Journal of Systems and Software},
    publisher     = {Elsevier},
    volume        = {167},
    pages         = {110610},
    doi           = {10.1016/j.jss.2020.110610},
    url           = {https://www.sciencedirect.com/science/article/pii/S0164121220300881/pdfft?casa\_token=KJpj0zf7uFgAAAAA:H6BXM-kDoEqT\_GqUagfhDHRKZnUx9uA0xewQqU50T7Vgwy9PX3cilR5jHA5a\_05-noRQRTvufCk\&md5=f259cb697bd1c02c96ae39cd7036fb65\&pid=1-s2.0-S0164121220300881-main.pdf},
}

@article{bastias2021evaluation,
    title         = {Evaluation of Critical Thinking in Online Software Engineering Teaching: A Systematic Mapping Study},
    author        = {Bast{\'\i}as, Oscar Anc{\'a}n and D{\'\i}az, Jaime and Rodr{\'\i}guez, Cristian Olivares},
    year          = {2021},
    journal       = {IEEE Access},
    publisher     = {IEEE},
    pages         = {167015--167026},
    doi           = {10.1109/ACCESS.2021.3135245},
    url           = {https://ieeexplore.ieee.org/abstract/document/9648189},
}

@article{garcia2021transformacion,
    title         = {La transformaci{\'o}n en la motivaci{\'o}n y las aspiraciones de los estudiantes de periodismo a lo largo de tres a{\~n}os de grado: un an{\'a}lisis de las variables explicativas},
    author        = {Garc{\'\i}a-Borrego, Manuel and C{\'o}rdoba-Cab{\'u}s, Alba},
    year          = {2021},
    journal       = {Vivat Academia. Revista de Comunicaci{\'o}n},
    number        = {154},
    pages         = {23--41},
    doi           = {10.15178/va.2021.154.e1232},
    url           = {https://www.vivatacademia.net/index.php/vivat/article/view/1232},
}

@article{roald2021learning,
    title         = {Learning from contrasts: first-year students writing themselves into academic literacy},
    author        = {Roald, Gunhild Marie and Wallin, Patric and Hybertsen, Ingunn Dahler and M. Sten{\o}ien, Jorun},
    year          = {2021},
    journal       = {Journal of Further and Higher Education},
    publisher     = {Taylor \& Francis},
    volume        = {45},
    number        = {6},
    pages         = {758--770},
    doi           = {10.1080/0309877X.2020.1813264},
    url           = {https://www.tandfonline.com/doi/full/10.1080/0309877X.2020.1813264},
}

@article{iqbal2021web,
    title         = {A web-based model to enhance algorithmic thinking for novice programmers},
    author        = {Iqbal Malik, Sohail and Mathew, Roy and Tawafak, Ragad M and Alfarsi, Ghaliya},
    year          = {2021},
    journal       = {E-Learning and Digital Media},
    publisher     = {SAGE Publications Sage UK: London, England},
    volume        = {18},
    number        = {6},
    pages         = {616--633},
    doi           = {10.1177/204275302110269},
    url           = {https://journals.sagepub.com/doi/full/10.1177/20427530211026988},
}

@article{lindgren2021writing,
    title         = {Writing With Data: A Study of Coding on a Data-Journalism Team},
    author        = {Lindgren, Chris Aaron},
    year          = {2021},
    journal       = {Written Communication},
    publisher     = {SAGE Publications Sage CA: Los Angeles, CA},
    volume        = {38},
    number        = {1},
    pages         = {114--162},
    doi           = {10.1177/0741088320968061},
    url           = {https://journals.sagepub.com/doi/10.1177/0741088320968061},
}

@article{turkben2021relationship,
    title         = {The Relationship between Fifth Grade Student's Writing Anxiety and Blocking with Their Written Expression Skills.},
    author        = {Turkben, Tuncay},
    year          = {2021},
    journal       = {International Online Journal of Education and Teaching},
    publisher     = {ERIC},
    volume        = {8},
    number        = {2},
    pages         = {998--1021},
    url           = {https://hdl.handle.net/20.500.12451/8378},
}

@inproceedings{van2021prevalence,
    title         = {The Prevalence of Code Smells in Machine Learning projects},
    author        = {van Oort, Bart and Cruz, Lu{\'\i}s and Aniche, Maur{\'\i}cio and van Deursen, Arie},
    year          = {2021},
    booktitle     = {2021 IEEE/ACM 1st Workshop on AI Engineering-Software Engineering for AI (WAIN)},
    pages         = {1--8},
    doi           = {10.1109/WAIN52551.2021.00011},
    url           = {https://ieeexplore.ieee.org/abstract/document/9474395/},
    organization  = {IEEE},
}

@inproceedings{prokic2021clean,
    title         = {Clean Code and Design Educational Tool},
    author        = {Proki{\'c}, Simona and Gruji{\'c}, Katarina-Glorija and Luburi{\'c}, Nikola and Slivka, Jelena and Kova{\v{c}}evi{\'c}, Aleksandar and Vidakovi{\'c}, Dragan and Sladi{\'c}, Goran},
    year          = {2021},
    booktitle     = {2021 44th International Convention on Information, Communication and Electronic Technology (MIPRO)},
    pages         = {1601--1606},
    doi           = {10.23919/MIPRO52101.2021.9597196},
    url           = {https://ieeexplore.ieee.org/abstract/document/9597196},
    organization  = {IEEE},
}

@article{calle2022obstacles,
    title         = {Obstacles, facilitators, and needs in doctoral writing: A systematic review},
    author        = {Calle-Arango, Lina and {\'A}vila Reyes, Natalia},
    year          = {2022},
    journal       = {Studies in Continuing Education},
    publisher     = {Taylor \& Francis},
    pages         = {1--19},
    doi           = {10.1080/0158037X.2022.2026315},
    url           = {https://www.tandfonline.com/doi/abs/10.1080/0158037X.2022.2026315},
}

@article{davoodifard2022overview,
    title         = {An Overview of Writing Process Research: Using Innovative Tasks and Techniques for a Better Understanding of L2 Writing Processes in Assessment Contexts},
    author        = {Davoodifard, Mahshad},
    year          = {2022},
    journal       = {Studies in Applied Linguistics and TESOL},
    volume        = {21},
    number        = {2},
    doi           = {10.52214/salt.v21i2.8759},
    url           = {https://journals.library.columbia.edu/index.php/SALT/article/view/8759},
}

@article{xavier2022persistence,
    title         = {Persistence and time challenges in an open online university: a case study of the experiences of first-year learners},
    author        = {Xavier, Marlon and Meneses, Julio},
    year          = {2022},
    journal       = {International Journal of Educational Technology in Higher Education},
    publisher     = {SpringerOpen},
    volume        = {19},
    number        = {1},
    pages         = {1--17},
    doi           = {10.1186/s41239-022-00338-6},
    url           = {https://educationaltechnologyjournal.springeropen.com/articles/10.1186/s41239-022-00338-6},
}

@article{valdesleon2022errores,
    title         = {An\'{a}lisis de errores y variables socioling\"{u}\'{\i}sticas: c\'{o}mo escriben los estudiantes de primer a\~{n}o de universidad},
    author        = {Vald\'{e}s-Le\'{o}n, Gabriel},
    year          = {2022},
    journal       = {Onom\'{a}zein},
    publisher     = {Taylor \& Francis},
    volume        = {58},
    doi           = {10.7764/onomazein.58.12},
    url           = {http://revistacienciapolitica.uc.cl/index.php/onom/article/view/58475},
}

@inproceedings{groeneveld2022undergraduate,
    title         = {Are Undergraduate Creative Coders Clean Coders? A Correlation Study},
    author        = {Groeneveld, Wouter and Martin, Dries and Poncelet, Tibo and Aerts, Kris},
    year          = {2022},
    booktitle     = {Proceedings of the 53rd ACM Technical Symposium on Computer Science Education V. 1},
    pages         = {314--320},
    doi           = {10.1145/3478431.3499345},
}

@inproceedings{figueiredo2022strategies,
    title         = {Strategies to increase success in learning programming},
    author        = {Figueiredo, Jos{\'e} and Garc{\'\i}a-Pe{\~n}alvo, Francisco Jos{\'e}},
    year          = {2022},
    booktitle     = {2022 International Symposium on Computers in Education (SIIE)},
    pages         = {1--6},
    doi           = {10.1109/SIIE56031.2022.9982358},
    url           = {https://ieeexplore.ieee.org/abstract/document/9982358},
    organization  = {IEEE},
}
