@misc{base_nacional_comum_curricular_educacao_nodate,
	title = {Educação é a base},
	url = {http://basenacionalcomum.mec.gov.br/},
	urldate = {2021-03-15},
	journal = {Ministério da Educação},
	author = {{Base Nacional Comum Curricular}},
}
@article{bourdieu1987,
	title = {What makes a social class? {On} the theoretical and practical existence of groups},
	volume = {32},
	journal = {Berkeley Journal of Sociology},
	author = {Bourdieu, Pierre},
	year = {1987},
	pages = {1-17},
}
@article{darvin2016,
	title = {Investment and {Language} {Learning} in the 21st {Century}},
	volume = {157},
	url = {http://www.cairn.info/revue-langage-et-societe-2016-3-page-19.htm},
	doi = {10.3917/ls.157.0019},
	number = {3},
	urldate = {2021-09-13},
	journal = {Langage et société},
	author = {Darvin, Ron and Norton, Bonny},
	year = {2016},
	pages = {19},
}
@article{ellis2020,
	title = {A short history of {SLA}: {Where} have we come from and where are we going?},
	volume = {54},
	url = {https://www.cambridge.org/core/product/identifier/S0261444820000038/type/journal_article},
	doi = {10.1017/S0261444820000038},
	number = {2},
	urldate = {2021-09-13},
	journal = {Language Teaching},
	author = {Ellis, Rod},
	year = {2020},
	pages = {190-205},
}
@article{fett2005,
	title = {As mediações tecnológicas no desenvolvimento das funções psicológicas superiores},
	volume = {7},
	url = {http://periodicos.sbu.unicamp.br/ojs/index.php/etd/article/view/599},
	doi = {10.20396/etd.v7i1.599},
	number = {1},
	urldate = {2021-09-13},
	journal = {ETD - Educação Temática Digital},
	author = {Fett, Ana Maria Munhoz and Nébias, Cleide Marly},
	year = {2005},
	pages = {103-132},
}
@book{figueiredo2019,
	address = {São Paulo},
	edition = {1ª ed.},
	title = {Vygotsky: a interação no ensino/aprendizagem de línguas},
	publisher = {Parábola},
	author = {Figueiredo, Francisco José Quaresma de},
	year = {2019},
}
@misc{forvo,
	title = {All the words in the world. {Pronounced}},
	url = {https://pt.forvo.com},
	urldate = {2021-03-15},
	journal = {Forvo.com},
	author = {{Forvo}},
}
@misc{google_nodate,
	title = {Google {Meet}},
	url = {https://apps.google.com/meet/},
	urldate = {2021-03-16},
}
@book{lantolf2009,
	address = {Oxford},
	title = {Sociocultural theory and the genesis of second language development},
	publisher = {Oxford University Press},
	author = {Lantolf, James P. and Thorne, Steven L.},
	year = {2009},
}
@misc{levy2016,
	title = {A web de ontem, a web de amanhã},
	url = {https://www.fronteiras.com/artigos/a-web-de-ontem-a-web-de-amanha},
	urldate = {2018-11-02},
	author = {Lévy, Pierre},
	year = {2016},
}
@book{norton2013,
	address = {Bristol},
	edition = {Second Edition},
	title = {Identity and language learning: extending the conversation},
	publisher = {Multilingual Matters},
	author = {Norton, Bonny},
	year = {2013},
}
@book{schlatter2012,
	address = {Erechim},
	title = {Língua adicionais na escola: aprendizagens colaborativas em inglês},
	publisher = {Edelbra},
	author = {Schlatter, Margarete and Garcez, Pedro de Moraes},
	year = {2012},
}
@book{swain_sociocultural_2015,
	address = {Bristol},
	series = {{MM} {Textbooks}},
	title = {Sociocultural theory in second language education: an introduction through narratives},
	publisher = {Multilingual Matters},
	author = {Swain, Merrill and Kinnear, Penny and Steinman, Linda},
	year = {2015},
}
@book{vygotsky1978,
	address = {Cambridge},
	title = {Mind in society: the development of higher psychological processes},
	publisher = {Harvard University Press},
	author = {Vygotsky, Lev},
	year = {1978},
}
@book{wenger1998,
	address = {Cambridge},
	title = {Communities of practice: learning, meaning, and identity},
	publisher = {Cambridge University Press},
	author = {Wenger, Étienne},
	year = {1998},
}
@misc{zoom_nodate,
	title = {Zoom},
	url = {https://explore.zoom.us/pt/products/meetings/},
	urldate = {2021-03-15},
}
