@book{pennycook1998,
    title         = {English and the discourses of colonialism},
    author        = {Pennycook, Alastair},
    year          = {1998},
    publisher     = {Routledge},
    address       = {London},
}

@incollection{lander2005,
    title         = {Ci\^encias sociais: saberes coloniais e euroc\^entricos},
    author        = {Lander, Edgardo},
    year          = {2005},
    booktitle     = {A colonialidade do saber: eurocentrismo e ci\^encias sociais -- perspectivas latino-americanas},
    publisher     = {Clacso},
    address       = {Buenos Aires},
    pages         = {8--23},
    editor        = {Lander, Edgardo},
}

@incollection{mignolo2005,
    title         = {A colonialidade de cabo a rabo: o hemisf\'erio ocidental no horizonte conceitual da modernidade},
    author        = {Mignolo, Walter D.},
    year          = {2005},
    booktitle     = {A colonialidade do saber: eurocentrismo e ci\^encias sociais - perspectivas latino-americanas},
    publisher     = {Clacso},
    address       = {Buenos Aires},
    pages         = {33--49},
    editor        = {Lander, Edgardo},
}

@book{jenkins2007,
    title         = {English as a lingua franca: Attitude and identity},
    author        = {Jenkins, Jennifer},
    year          = {2007},
    publisher     = {Oxford University Press},
    address       = {Oxford},
}

@book{antunes2009,
    title         = {Os sentidos do trabalho: ensaio sobre a afirma\c{c}\~ao e a nega\c{c}\~ao do trabalho},
    author        = {Antunes, Ricardo},
    year          = {2009},
    publisher     = {Boitempo},
    address       = {S\~ao Paulo},
    edition       = {2},
}

@book{standing2009,
    title         = {Work after globalization: building occupational citizenship},
    author        = {Standing, Guy},
    year          = {2009},
    publisher     = {Edward Elgar},
    address       = {Cheltenham},
}

@incollection{block2012,
    title         = {Economising globalisation and identity in applied linguistics in neoliberal times},
    author        = {Block, David},
    year          = {2012},
    booktitle     = {Neoliberalism and Applied Linguistics},
    publisher     = {Routledge},
    address       = {London},
    pages         = {56--85},
    editor        = {Gray, John and Holborow, M and Block, David},
}

@book{block-gray2012,
    title         = {Neoliberalism and Applied Linguistics},
    author        = {Block, David and Gray, John and Holborow, M.},
    year          = {2012},
    publisher     = {Routledge},
    address       = {London},
}

@incollection{gray2012,
    title         = {The marketisation of language teacher education and neoliberalism: characteristics, consequences and future prospects},
    author        = {Gray, John and Block, David},
    year          = {2012},
    booktitle     = {Neoliberalism and Applied Linguistics},
    publisher     = {Routledge},
    address       = {London},
    pages         = {114--143},
    editor        = {Gray, John and Block, David},
}

@incollection{gray2012a,
    title         = {Neoliberalism, celebrity and 'aspirational content' in English language teaching textbooks for the global market},
    author        = {Gray, John},
    year          = {2012},
    booktitle     = {Neoliberalism and Applied Linguistics},
    publisher     = {Routledge},
    address       = {London},
    pages         = {86--113},
    editor        = {Gray, John and Block, David},
}

@book{harvey2013,
    title         = {Para entender {O Capital} -- {L}ivro {I}},
    author        = {Harvey, David},
    year          = {2013},
    publisher     = {Boitempo},
    address       = {S\~ao Paulo},
}

@book{harvey2014neoliberalismo,
    title         = {O neoliberalismo: história e implicações},
    author        = {Harvey, David},
    year          = {2014},
    publisher     = {Edições Loyola},
    address       = {São Paulo},
    edition       = {5},
    translator    = {Sobral, Adail and Gonçalves, Maria Stela},
}

@book{standing2014,
    title         = {O precariado: a nova classe perigosa},
    author        = {Standing, Guy},
    year          = {2014},
    publisher     = {Aut\^entica Editora},
    address       = {Belo Horizonte},
}

@book{adams2015,
    title         = {Autoethnography},
    author        = {Adams, Tony E. and Jones, Stacy Holman and Ellis, Carolyn},
    year          = {2015},
    publisher     = {Oxford University Press},
    address       = {New York},
}

@book{braga2017rebeldia,
    title         = {A rebeldia do precariado: trabalho e neoliberalismo no Sul global},
    author        = {Braga, Ruy},
    year          = {2017},
    publisher     = {Boitempo},
    address       = {São Paulo},
    edition       = {1},
}

@book{harvey2018,
    title         = {Marx, capital and the madness of economic reason},
    author        = {Harvey, David},
    year          = {2018},
    publisher     = {Oxford University Press},
    address       = {Oxford},
}

@incollection{abilio2020,
    title         = {Uberiza\c{c}\~ao: gerenciamento e controle do trabalhador just-in-time},
    author        = {Ab\'ilio, Ludmila Costhek},
    year          = {2020},
    booktitle     = {Uberiza\c{c}\~ao, trabalho digital e ind\'ustria 4.0},
    publisher     = {Boitempo},
    address       = {S\~ao Paulo},
    pages         = {111--124},
    editor        = {Antunes, Ricardo},
}

@incollection{antunes2020,
    title         = {Trabalho intermitente e uberiza\c{c}\~ao do trabalho no limiar da ind\'ustria 4.0},
    author        = {Antunes, Ricardo},
    year          = {2020},
    booktitle     = {Uberiza\c{c}\~ao, trabalho digital e ind\'ustria 4.0},
    publisher     = {Boitempo},
    address       = {S\~ao Paulo},
    pages         = {11--23},
    editor        = {Antunes, Ricardo},
}

@incollection{gonsales2020,
    title         = {Ind\'ustria 4.0: empresas, plataformas, consentimento e resist\^encia},
    author        = {Gonsales, Marco},
    year          = {2020},
    booktitle     = {Uberiza\c{c}\~ao, trabalho digital e ind\'ustria 4.0},
    publisher     = {Boitempo},
    address       = {S\~ao Paulo},
    pages         = {125--137},
    editor        = {Antunes, Ricardo},
}

@article{abilio2021,
    title         = {Uberiza\c{c}\~ao e plataformiza\c{c}\~ao do trabalho no {B}rasil: conceitos, processos e formas},
    author        = {Ab\'ilio, Ludmila Costhek and Amorim, Henrique and Castro, Joana and Venco, Selma},
    year          = {2021},
    journal       = {Sociologias},
    volume        = {23},
    number        = {57},
    pages         = {26--56},
    doi           = {10.1590/15174522-116484},
    url           = {https://www.scielo.br/j/soc/a/XDh9FZw9Bcy5GkYGzngPxwB/},
    urldate       = {2025-05-05},
}

@article{moura2021,
    title         = {Do docente efetivo ao docente uberizado: a precariza\c{c}\~ao contratual do professor no {B}rasil},
    author        = {Moura, L\'ivia Romero de and Segundo, Maria das Dores Mendes and Aquino, C\'assio Adriano Braz de},
    year          = {2021},
    journal       = {Trabalho \& Educa\c{c}\~ao},
    volume        = {30},
    number        = {3},
    pages         = {67--85},
    doi           = {10.35699/2238-037x.2021.29404},
    url           = {https://periodicos.ufmg.br/index.php/trabedu/article/view/29404},
    urldate       = {2025-05-07},
}

@article{cavazzani2024,
    title         = {Precariza\c{c}\~ao do trabalho docente: plataformas de ensino no contexto da f\'abrica difusa},
    author        = {Cavazzani, Andr\'e Luiz Moscaleski and Santos, Rodrigo Ot\'avio dos and Lopes, Lu\'is Fernando},
    year          = {2024},
    journal       = {Cadernos Metr\'opole},
    volume        = {26},
    number        = {59},
    pages         = {209--228},
    doi           = {10.1590/2236-9996.2024-5910},
    url           = {https://www.scielo.br/j/cm/a/ZLQmXwj7qJxWrJk9JQJxWrJ/},
    urldate       = {2025-05-07},
}
