@article{newlondongroup1996,
  title = {A Pedagogy of Multiliteracies},
  author = {{New London Group}},
  year = {1996},
  journal = {Harvard Educational Review},
  volume = {66},
  number = {1},
  pages = {60--92},
  doi = {10.17763/haer.66.1.17370n67v22j160u},
  subtitle = {Designing Social Futures},
}

@article{desantis2000,
  title = {The Concept of Theme as Used in Qualitative Nursing Research},
  author = {Lydia DeSantis and Doris Noel Ugarriza},
  year = {2000},
  journal = {Western Journal of Nursing Research},
  volume = {22},
  number = {3},
  pages = {351--372},
  doi = {10.1177/019394590002200308},
}

@book{kress2001,
  title = {Multimodal Discourse},
  author = {Kress, Gunther and Van Leeuwen, Theo},
  year = {2001},
  publisher = {Hodder Arnold Publication},
  address = {Londres},
  subtitle = {The Modes and Media of Contemporary Communication},
}

@article{braun2006,
  title = {Using thematic analysis in psychology},
  author = {Virginia Braun and Victoria Clarke},
  year = {2006},
  journal = {Qualitative Research in Psychology},
  publisher = {Routledge},
  volume = {3},
  number = {2},
  pages = {77--101},
  doi = {10.1191/1478088706qp063oa},
  url = {https://www.tandfonline.com/doi/abs/10.1191/1478088706qp063oa},
}

@book{kress2006,
  title = {Reading IERROR: System command execution is disabled (see
           Preferences)},
  author = {Kress, Gunther and Van Leeuwen, Theo},
  year = {2006},
  publisher = {Routledge},
  address = {Nueva York},
  subtitle = {The Grammar of Visual Design},
  edition = {2},
}

@article{turpogenebra2008,
  title = {La netnografía},
  author = {Turpo Gebera, Osbaldo Washington},
  year = {2008},
  journal = {Educar},
  volume = {42},
  pages = {81--93},
  issn = {0211-819x},
  url = {https://www.redalyc.org/articulo.oa?id=342130831006},
  urldate = {2024-05-18},
  subtitle = {un método de investigación en Internet},
  keywords = {Netnografía; método netnográfico.; Netnografia; mètode
              etnogràfic.; Netnography; ethnographic methods.},
  language = {Español},
}

@book{piscitelli2010,
  title = {El Proyecto Facebook y la Posuniversidad: Sistemas Operativos
           Sociales y Entornos Abiertos de Aprendizaje},
  year = {2010},
  publisher = {Ariel},
  address = {Madrid},
  coordenator = {Piscitelli, Alejandro and Adaime, Iván and Binder, Inés},
  editor = {Alejandro Piscitelli and Iván Adaime and Inés Binder},
}

@incollection{cui2012,
  title = {Discover breaking events with popular hashtags in twitter},
  author = {Cui, Anqi and Zhang, Min and Liu, Yiqun and Ma, Shaoping and Zhang,
            Kuo},
  year = {2012},
  booktitle = {Proceedings of the 21st ACM international conference on
               Information and knowledge management},
  publisher = {Association for Computing Machinery},
  address = {New York},
  series = {Cikm '12},
  pages = {1794–1798},
  doi = {10.1145/2396761.2398519},
  isbn = {9781450311564},
  numpages = {5},
}

@incollection{lluch2012,
  title = {Conversaciones sobre lecturas en la Web 2.0: el caso de Laura
           Gallego. Análisis discursivo de conversaciones virtuales entre
           adolescentes},
  author = {Lluch, Gemma and Acosta, Marilú},
  year = {2012},
  booktitle = {LECTURAS para el nuevo siglo: reflexiones para la formación
               lectora y literaria},
  publisher = {Servicio de Publicaciones de la Universidad de La Laguna},
  address = {La Laguna},
  pages = {37--52},
  editor = {Díaz Armas, Jesús},
}

@article{ruescas2012,
  title = {Dicen que los Sueños ya no se Cumplen$\ldots$ Pero se Equivocan},
  author = {Ruescas, Javier},
  year = {2012},
  journal = {Primeras Noticias. Revista de Literatura},
  number = {269},
  pages = {27--32},
  url = {
         http://www.centrocp.com/revista-de-literatura-no-269-especial-lij-y-nuevas-tecnologias/
         },
  urldate = {2024-03-05},
  note = {Ejemplar LIJ y Nuevas Tecnologías},
}

@book{cordon2013,
  title = {Social Reading},
  author = {Jose Antonio Cordón-García and Julio Alonso-Arévalo and Raquel
            Gómez-Díaz and Daniel Linder},
  year = {2013},
  publisher = {Chandos Publishing},
  address = {Oxford},
  subtitle = {Platforms, Applications, Clouds and Tags},
}

@online{unesco2013,
  title = {Policy Guidelines for M-learning},
  author = {{Unesco}},
  year = {2013},
  publisher = {United Nations Educational, Scientific and Cultural Organization},
  address = {Paris},
  url = {https://unesdoc.unesco.org/ark:/48223/pf0000219662},
  urldate = {2024-03-05},
}

@book{vandijck2013,
  title = {The Culture of Connectivity: A Critical History of Social Media},
  author = {Van Dijck, José},
  year = {2013},
  publisher = {Oxford University Press},
  address = {New York},
}

@book{bateman2014,
  title = {Text and Image: A Critical Introduction to the Visual-Verbal Divide},
  author = {John A. Bateman},
  year = {2014},
  publisher = {Routledge},
  address = {New York},
}

@article{garcia2014,
  title = {Donde viven las etiquetas},
  author = {Araceli García Rodríguez and Raquel Gómez Díaz and José Antonio
            Cordón García and Julio Alonso Arévalo},
  year = {2014},
  month = {12},
  journal = {BiD: Textos Universitaris de Biblioteconomia i Documentació},
  number = {33},
  doi = {10.1344/BiD2014.33.12},
  url = {https://bid.ub.edu/es/33/garcia2.htm},
  subtitle = {el etiquetado en los blogs de literatura infantil y juvenil},
}

@incollection{sorensen2014,
  title = {Booktubers as a Networked Knowledge Community},
  author = {Sorensen, Karen and Mara, Andrew},
  year = {2014},
  booktitle = {Emerging Pedagogies in the Networked Knowledge Society: Practices
               Integrating Social Media and Globalization},
  publisher = {IGI Global},
  address = {Pensilvania},
  pages = {87--99},
  doi = {10.4018/978-1-4666-4757-2},
  editor = {Limbu, Marohang and Gurung, Binod},
}

@article{lluch2015,
  title = {Epitextos virtuales públicos como herramientas para la difusión del
           libro},
  author = {Lluch, Gemma and Tabernero-Sala, Rosa and Calvo-Valios, Virginia},
  year = {2015},
  month = {12},
  journal = {Profesional de la información},
  volume = {24},
  number = {6},
  pages = {797–804},
  doi = {10.3145/epi.2015.nov.11},
  url = {
         https://revista.profesionaldelainformacion.com/index.php/EPI/article/view/epi.2015.nov.11
         },
}

@incollection{moya-Guijarro,
  title = {Visual metonymy in children’s picture books},
  author = {Moya-Guijarro, Jesús Aresenio},
  year = {2015},
  booktitle = {Multimodality and Cognitive Linguistics},
  publisher = {John Benjamins},
  address = {Amstersdam},
  pages = {115--130},
  doi = {10.1075/bct.78.08moy},
  editor = {Pinar Sanz, María Jesús},
}

@online{soto2015,
  title = {Breve Diccionario de Nuevos Términos para Lectores Despistados},
  author = {Soto Helguera, Lorenzo A.},
  year = {2015},
  journal = {Revista Babar},
  url = {
         https://revistababar.com/wp/breve-diccionario-nuevos-terminos-lectores-despistados/
         },
  urldate = {2024-03-05},
}

@book{gomez2016,
  title = {La alfabetización multimodal. Nuevas formas de leer y escribir en el
           entorno digital},
  author = {Alejandro Gómez},
  year = {2016},
  publisher = {Síntesis},
  address = {Madrid},
}

@article{roviracollado2016,
  title = {Del blog de LIJ 2.0 al booktuber en la promoción del hábito lector},
  author = {Rovira Collado, José},
  year = {2016},
  month = {5},
  journal = {Revista de Estudios Socioeducativos. ReSed},
  volume = {1},
  number = {4},
  url = {https://revistas.uca.es/index.php/ReSed/article/view/7933},
  urldate = {2024-03-05},
}

@book{jewitt2017,
  title = {The Routledge Handbook of Multimodal Analysis},
  year = {2017},
  publisher = {Routledge},
  address = {Londres},
  editor = {Jewitt, Carey},
  edition = {2},
}

@article{roviracollado2017,
  title = {Booktrailer y Booktuber como herramientas LIJ 2.0 para el desarrollo
           del hábito lector},
  author = {Rovira-Collado, José},
  year = {2017},
  journal = {Investigaciones Sobre Lectura},
  number = {7},
  pages = {55--72},
  doi = {10.24310/revistaisl.vi7.10981},
}

@article{calvo2018,
  title = {Selfies, jóvenes y sexualidad en Instagram: representaciones del yo
           en formato imagen},
  author = {Calvo González, Soraya and San Fabián Maroto, José Luis},
  year = {2018},
  month = {1},
  journal = {Pixel-Bit. Revista de Medios y Educación},
  number = {52},
  pages = {167–181},
  doi = {10.12795/pixelbit.2018.i52.12},
  url = {https://recyt.fecyt.es/index.php/pixel/article/view/62530},
}

@book{sumpter2018,
  title = {Outnumbered},
  author = {Sumpter, David},
  year = {2018},
  publisher = {Bloomsbury},
  address = {London},
  subtitle = {From Facebook and Google to Fake News and Filter-Bubbles. The
              Algorithms that Control Our Lives},
}

@incollection{tabernero2018,
  title = {El Bibliotráiler en la Promoción del Libro y de la Lectura},
  author = {Tabernero-Sala, Rosa},
  year = {2018},
  booktitle = {Claves para Promocionar la Lectura en la Red},
  publisher = {Síntesis},
  address = {Madrid},
  pages = {64--78},
  editor = {Lluch, Gemma},
}

@book{cordon2019,
  title = {Lectura, sociedad y redes: Colaboración, visibilidad y recomendación
           en el ecosistema del libro},
  year = {2019},
  publisher = {Marcial Pons, Ediciones Jurídicas y Sociales},
  address = {Madrid},
  isbn = {9788491235774},
  url = {http://www.jstor.org/stable/j.ctv10rr9fm},
  urldate = {2024-09-02},
  editor = {Cordón-García, José-Antonio and Gómez-Díaz, Raquel},
  edition = {1},
}

@article{establés2019,
  title = {Jugadores, escritores e influencers en redes sociales: procesos de
           profesionalización entre adolescentes},
  author = {Establés, María-José and Guerrero-Pico, Mar and Contreras-Espinosa,
            Ruth S},
  year = {2019},
  month = {1},
  journal = {Revista Latina De Comunicación Social},
  address = {España},
  number = {74},
  pages = {214–236},
  doi = {10.4185/rlcs-2019-1328},
  url = {
         https://nuevaepoca.revistalatinacs.org/index.php/revista/article/view/278
         },
}

@article{fisher2019,
  title = {How algorithms see their audience: media epistemes and the changing
           conception of the individual},
  author = {Eran Fisher and Yoav Mehozay},
  year = {2019},
  journal = {Media, Culture \& Society},
  volume = {41},
  number = {8},
  pages = {1176--1191},
  doi = {10.1177/0163443719831598},
}

@article{garciaroca2019,
  title = {Jóvenes escritores en la red},
  author = {Anastasio García-Roca and José Manuel De-Amo},
  year = {2019},
  journal = {Ocnos. Revista de estudios sobre lectura},
  volume = {18},
  number = {3},
  pages = {18--28},
  doi = {10.18239/ocnos_2019.18.3.1968},
  subtitle = {un estudio exploratorio sobre perfiles de Wattpad},
}

@book{norris2019,
  title = {Systematically Working with Multimodal Data},
  author = {Norris, Sigrid},
  year = {2019},
  publisher = {Wiley Blackwell},
  address = {New Jersey},
}

@article{vizcaino2019,
  title = {Reading and Informal Learning Trends on YouTube: The Booktuber},
  author = {Vizcaíno-Verdú, Arantxa and Contreras-Pulido, Paloma and
            Guzmán-Franco, María Dolores},
  year = {2019},
  journal = {Comunicar},
  volume = {27},
  number = {59},
  pages = {95--104},
  doi = {10.3916/c59-2019-09},
}

@article{garcia-roca2020,
  title = {Spanish Reading Influencers in Goodreads},
  author = {García-Roca, A.},
  year = {2020},
  journal = {Journal of New Approaches in Educational Research},
  volume = {9},
  number = {2},
  pages = {153--166},
  doi = {10.7821/naer.2020.7.453},
  url = {https://naerjournal.com/article/view/453},
  subtitle = {Participation, Experience and Canon Proposed},
}

@book{hepp2020,
  title = {Deep mediatization},
  author = {Andreas Hepp},
  year = {2020},
  publisher = {Routledge},
  address = {Nueva York},
}

@article{menéndez2020,
  title = {Multimodalidad y estrategias discursivas: un abordaje metodológico},
  author = {Martín Menéndez, Salvio},
  year = {2020},
  month = {oct.},
  journal = {Revista Latinoamericana de Estudios del Discurso},
  volume = {12},
  number = {1},
  pages = {57–73},
  url = {https://periodicos.unb.br/index.php/raled/article/view/33491},
  urldate = {2024-05-18},
}

@online{penguin2020,
  title = {The Best TikTok Accounts to Follow for Book Lovers},
  author = {{Penguin}},
  year = {2020},
  url = {
         https://www.penguin.co.uk/articles/2020/08/tiktok-booktok-best-accounts-literature-books
         },
  urldate = {2024-03-05},
}

@article{quilescabrera2020,
  title = {Textos poéticos y jóvenes lectores en la era de internet: de "
           Booktubers", "bookstagrammers" y "followers"},
  author = {Quiles Cabrera, Maria del Carmen},
  year = {2020},
  month = {3},
  number = {25},
  pages = {9–24},
  doi = {10.18172/con.4260},
  url = {
         https://publicaciones.unirioja.es/ojs/index.php/contextos/article/view/4260
         },
}

@article{sánchezgarcía2020,
  title = {Los hijos de instagram. Marketing editorial. Poesía y construcción de
           nuevos lectores en la era digital},
  author = {Sánchez García, Remedios and Aparicio Durán, Pablo},
  year = {2020},
  month = {3},
  pages = {41–53},
  doi = {10.18172/con.4265},
  url = {
         https://publicaciones.unirioja.es/ojs/index.php/contextos/article/view/4265
         },
}

@article{abidin2020,
  title = {Mapping Internet Celebrity on TikTok: Exploring Attention Economies
           and Visibility Labours},
  author = {Crystal Abidin},
  year = {2020},
  journal = {Cultural Science},
  volume = {12},
  number = {1},
  pages = {77--103},
  doi = {doi:10.5334/csci.140},
  url = {https://doi.org/10.5334/csci.140},
}

@incollection{canamares2021,
  title = {Narrativas persuasivas: la función interpersonal en libros álbumes
           que retan estereotipos de género},
  author = {Cristina Cañamares-Torrijos},
  year = {2021},
  booktitle = {Lenguajes gráfico-narrativos: especificidades, intermedialidades
               y teorías gráficas},
  publisher = {Ediciones Trea},
  address = {Gijón},
  pages = {49--78},
  editor = {José Manuel Trabado-Cabado},
}

@article{coll2021,
  title = {Estrategias discursivas y recursos semióticos en la construcción de
           sistemas de significados compartidos entre profesor y alumnos},
  author = {Coll, César and Onrubia, Javier},
  year = {2021},
  month = {5},
  journal = {Investigación en la Escuela},
  number = {45},
  pages = {21–31},
  doi = {10.12795/IE.2001.i45.02},
  url = {https://revistascientificas.us.es/index.php/IE/article/view/7646},
  urldate = {2024-05-18},
}

@article{dezuanni2021,
  title = {Tiktok’s peer pedagogies},
  author = {Dezuanni, Michael Luigi},
  year = {2021},
  month = {9},
  journal = {AoIR Selected Papers of Internet Research},
  volume = {2021},
  doi = {10.5210/spir.v2021i0.11901},
  url = {https://spir.aoir.org/ojs/index.php/spir/article/view/11901},
  subtitle = {Learning about books through \#booktok videos},
}

@incollection{kozinets2021,
  title = {Netnography today},
  author = {Robert V. Kozinets},
  year = {2021},
  booktitle = {Netnography Unlimited},
  publisher = {Routledge},
  address = {Nueva York},
  pages = {3--23},
  doi = {10.4324/9781003001430},
  editor = {Robert V. Kozinets and Rossella Gambetti},
  subtitle = {a call to evolve, embrace, energize, and electrify},
  booksubtitle = {Understanding Technoculture Using Qualitative Social Media
                  Research},
  edition = {1st},
}

@incollection{lluch2021,
  title = {El canon lector creado entre iguales. Estudio de caso},
  author = {Lluch, Gemma},
  year = {2021},
  booktitle = {La lectura y la escritura como practicas sociales en la cultura
               digital},
  publisher = {Tirant Humanidades},
  address = {Valencia},
  pages = {51--73},
  subtitle = {la recomendación virtual},
  editor = {Amo Sanchez-Fortún, José Manuel de},
}

@article{merga2021,
  title = {How can Booktok on TikTok inform readers' advisory services for young
           people?},
  author = {Margaret K. Merga},
  year = {2021},
  journal = {Library \& Information Science Research},
  volume = {43},
  number = {2},
  pages = {101091},
  doi = {10.1016/j.lisr.2021.101091},
  issn = {0740-8188},
  url = {https://www.sciencedirect.com/science/article/pii/S0740818821000219},
}

@online{nielsen2021,
  title = {Examining The Booktok Potential},
  author = {{Nielsen Book UK}},
  year = {2021},
  url = {https://nielsenbook.co.uk/examining-the-booktok-potential/},
  urldate = {2024-03-05},
}

@article{paladines_Paredes_Aliagas_Marín_2021,
  title = {Booktubers},
  author = {Paladines Paredes, Lenin Vladimir and Aliagas Marín, Cristina},
  year = {2021},
  month = {1},
  journal = {Edmetic},
  volume = {10},
  number = {1},
  pages = {58–72},
  doi = {10.21071/edmetic.v10i1.12234},
  url = {https://journals.uco.es/edmetic/article/view/12234},
  subtitle = {lectura en red, nuevas literacidades y aplicaciones didácticas},
}

@article{tomasena2021,
  title = {¿Quiénes Son los BookTubers?: Características de los Video-Blogueros
           Literarios en Lengua Española},
  author = {Tomasena, Jose Miguel},
  year = {2021},
  journal = {Ocnos. Revista de Estudios sobre Lectura},
  volume = {20},
  number = {2},
  pages = {43--55},
  doi = {10.18239/ocnos_2021.20.2.2466},
}

@article{sanchez-garcia2021,
  title = {Leyendo al lector social: evolución de la literatura infantil y
           juvenil española en {Goodreads}},
  author = {Sánchez-García, Patricia and Hernández-Ortega, José and
            Rovira-Collado, José},
  year = {2021},
  month = feb,
  journal = {Ocnos. Revista de estudios sobre lectura},
  volume = {20},
  number = {1},
  pages = {7--22},
  doi = {10.18239/ocnos_2021.20.1.2446},
  url = {https://www.revistaocnos.com/index.php/ocnos/article/view/305},
  urldate = {2024-09-12},
}

@article{acevedo2022,
  title = {Recursos Digitales en Educación Superior: TikTok como herramienta
           didáctica},
  author = {Acevedo-Borrega, J. and Sosa Díaz, M. J. and Porras-Masero, I. and
            González-Fernández, A.},
  year = {2022},
  journal = {Reidocrea},
  volume = {11},
  number = {54},
  pages = {623--636},
  doi = {10.30827/Digibug.77646},
}

@article{dezuanni2022,
  title = {Selfies and shelfies on \#bookstagram and \#booktok – social media
           and the mediation of Australian teen reading},
  author = {Dezuanni, Michael and Reddan, Bronwyn and Rutherford, Leonie and
            Schoonens, Amy},
  year = {2022},
  journal = {Learning, Media and Technology},
  publisher = {Routledge},
  address = {London},
  volume = {47},
  number = {3},
  pages = {355--372},
  doi = {10.1080/17439884.2022.2068575},
}

@book{fisher2022,
  title = {Algorithms and subjectivity},
  author = {Eran Fisher},
  year = {2022},
  address = {Nueva York},
  subtitle = {The subversion of critical knowledge},
  editor = {Routledge},
}

@article{guinez-cabara2022,
  title = {Booktokers},
  author = {Nataly Guiñez-Cabrera and Katherine Mansilla-Obando},
  year = {2022},
  volume = {71},
  pages = {119--130},
  doi = {10.3916/c71-2022-09},
  issn = {1134-3478},
  subtitle = {Generar y compartir contenidos sobre libros a través de TikTok},
  e-issn = {1988-3293},
}

@misc{IABSpain2022,
  title = {Estudio anual redes sociales 2022},
  author = {IAB Spain},
  year = {2022},
  urldate = {2024-03-10},
  howpublished = {https://iabspain.es/estudio/estudio-de-redes-sociales-2022/},
}

@article{martens2022,
  title = {\#BookTokMadeMeReadIt},
  author = {Martens, Marianne and Balling, Gitte and Higgason, Kelsey A.},
  year = {2022},
  journal = {Information and Learning Sciences},
  volume = {123},
  number = {11/12},
  pages = {705--722},
  doi = {10.1108/ils-07-2022-0086},
  subtitle = {Young Adult Reading Communities Across an International,
              Sociotechnical Landscape},
}

@inproceedings{miras2022,
  title = {El proceso de redacci{\'o}n y las interacciones multimodales},
  author = {Miras, Sebasti{\'a}n},
  year = {2022},
  booktitle = {Multimodalidad y did{\'a}ctica de las literaturas},
  publisher = {Gra{\'o}},
  address = {Barcelona},
  pages = {65--76},
  coordenator = {Asiáin Ansorena, Alfredo and López-Pérez, María Victoria},
}

@incollection{roviracollado2022,
  title = {{BookTok como Nuevo Epitexto Virtual para la Formación Lectora y la
           Competencia Digital Docente}},
  author = {Rovira-Collado, José and Ruiz-Bañuls, Mónica},
  year = {2022},
  booktitle = {{Investigación e Innovación con TAC en Educación Mediática}},
  publisher = {Tirant Lo Blanch},
  address = {Valencia},
  pages = {142--151},
  booksubtitle = {Retos, Experiencias y Brecha Digital en Entornos Pedagógicos
                  Emergentes},
  editor = {Ortega-Sánchez, Daniel and Gómez Trigueros, Isabel María},
}

@article{siles2022,
  title = {Learning to like TikTok $\ldots$ and not},
  author = {Ignacio Siles and Luciana Valerio-Alfaro and Ariana Meléndez-Moran},
  year = {2022},
  journal = {New Media \& Society},
  volume = {0},
  number = {0},
  pages = {14614448221138973},
  doi = {10.1177/14614448221138973},
  subtitle = {: Algorithm awareness as process},
}

@article{calvo2022,
  title = {Desafíos del uso de TikTok como plataforma educativa: Una red
           multitemática donde el humor supera al debate},
  author = {Tejedor Calvo, Santiago and Cervi, Laura and Robledo-Dioses, Kelly
            and Pulido Rodríguez, Cristina},
  year = {2022},
  month = {6},
  journal = {Aula Abierta},
  volume = {51},
  number = {2},
  pages = {121–128},
  doi = {10.17811/rifie.51.2.2022.121-128},
  url = {https://reunido.uniovi.es/index.php/AA/article/view/17689},
}

@article{yélamosguerra2022,
  title = {The use of Tik Tok in higher education as a motivating source for
           students},
  author = {Yélamos-Guerra, María Salomé and García-Gámez, María and
            Moreno-Ortiz, Antonio Jesús},
  year = {2022},
  month = {6},
  journal = {Revista Interuniversitaria De Didáctica De Las Lenguas Extranjeras},
  address = {Granada},
  number = {38},
  pages = {83–98},
  doi = {10.30827/portalin.vi38.21684},
  url = {https://revistaseug.ugr.es/index.php/portalin/article/view/21684},
}

@article{tejedorcalvo2022,
  title = {Desaf{\'\i}os del uso de TikTok como plataforma educativa: Una red
           multitem{\'a}tica donde el humor supera al debate},
  author = {Tejedor Calvo, Santiago and Cervi, Laura and Robledo Dioses, Kelly
            and Pulido Rodr{\'\i}guez, Cristina Mar{\'\i}a and others},
  year = {2022},
  journal = {Aula abierta},
}

@article{allué2023,
  title = {Gravando vídeos: educação literária multimodal},
  author = {Allué, Consuelo and Cassany, Daniel},
  year = {2023},
  month = {1},
  journal = {Texto Livre},
  address = {Belo Horizonte-MG},
  volume = {16},
  pages = {e41797},
  doi = {10.1590/1983-3652.2023.41797},
  url = {https://periodicos.ufmg.br/index.php/textolivre/article/view/41797},
}

@article{caldeiro2023,
  title = {Usos de TikTok en educación: Revisión sistemática de la aplicabilidad
           didáctica de TikTok},
  author = {Caldeiro Pedreira, Mari Carmen and Yot Domínguez, Carmen},
  year = {2023},
  journal = {Anàlisi: Quaderns de comunicació i cultura},
  publisher = {Facultat de Ciencies de la Comunicació},
  address = {Bellaterra (Cerdanyola del Vallès)},
  volume = {69},
  pages = {53--73},
  doi = {10.5565/rev/analisi.3630},
  issn = {0211-2175},
}

@article{jones2023,
  title = {How to train your algorithm},
  author = {Corinne Jones},
  year = {2023},
  journal = {Media, Culture \& Society},
  volume = {45},
  number = {6},
  pages = {1192--1209},
  doi = {10.1177/01634437231159555},
  subtitle = {The struggle for public control over private audience commodities
              on Tiktok},
}

@incollection{roviracollado-hernandez-ortega-2023,
  title = {Qué buen tuitero habría sido Mario Benedetti},
  author = {Rovira Collado, José and Hernández Ortega, José},
  year = {2023},
  booktitle = {Desfronterizando lecturas},
  publisher = {Aula Magna McGraw Hill},
  address = {Sevilla},
  pages = {223--251},
  isbn = {978-84-19786-16-6},
  editor = {Ruiz-Bañuls, Mónica and Miras, Sebastián and Llorens García, Ramón
            Francisco},
  subtitle = {Didáctica de la Poesía Coloquial en redes sociales},
}

@article{martínez-carratala,
  title = {Las relaciones interpersonales y parasociales en las Frog Stories de
           Mercer Mayer},
  author = {Martínez-Carratalá, Francisco Antonio and Cañamares Torrijos,
            Cristina},
  year = {2024},
  journal = {Íkala, Revista de Lenguaje y Cultura},
  volume = {29},
  number = {1–17},
  pages = {1–17},
  doi = {10.17533/udea.ikala.353885},
  subtitle = {un análisis semiótico multimodal},
}

@article{sanztejeda,
  title = {Temas, métodos y resultados de investigación sobre TikTok/Instagram y
           lectura. Revisión sistemática bibliográfica},
  author = {Aránzazu Sanz-Tejeda and Gemma Lluch},
  year = {2024},
  month = {1},
  journal = {Tejuelo},
  volume = {39},
  pages = {131–164},
  doi = {10.17398/1988-8430.39.131},
  url = {https://tejuelo.unex.es/tejuelo/article/view/4796},
}
