
@article{almenara_ict_2016,
	title = {{ICT} teacher training: a view of the {TPACK} model / \textit{{Formación} del profesorado en {TIC}: una visión del modelo {TPACK}}},
	volume = {28},
	url = {https://www.tandfonline.com/doi/full/10.1080/11356405.2016.1203526},
	doi = {10.1080/11356405.2016.1203526},
	number = {3},
	urldate = {2022-07-18},
	journal = {Cultura y Educación},
	author = {Almenara, J. C. and Barroso, J.},
	month = jul,
	year = {2016},
	pages = {633--663},
}

@article{_almenara_tic_2019,
	title = {Las {TIC} y la formación inicial de los docentes. {Modelos} y competencias digitales},
	volume = {23},
	url = {https://revistaseug.ugr.es/index.php/profesorado/article/view/9421},
	doi = {10.30827/profesorado.v23i3.9421},
	number = {3},
	urldate = {2022-07-18},
	journal = {Profesorado, Revista de Currículum y Formación del Profesorado},
	author = {Almenara, J. C. and  Gimeno, A. M.},
	month = sep,
	year = {2019},
	pages = {247--268},
}

@article{andrade_digital_2020,
	title = {Digital {Competences} {Relationship} between {Gender} and {Generation} of {University} {Professors}},
	volume = {10},
	url = {http://ijaseit.insightsociety.org/index.php?option=com_content&view=article&id=9&Itemid=1&article_id=10806},
	doi = {10.18517/ijaseit.10.1.10806},
	number = {1},
	urldate = {2022-07-18},
	journal = {International Journal on Advanced Science, Engineering and Information Technology},
	author = {Andrade, A. B. and González, M. C. and Martín, S. C.},
	month = feb,
	year = {2020},
	pages = {205},
}

@article{ata_exploring_2019,
	title = {Exploring {Turkish} {Pre}-{Service} {Teachers}’ {Perceptions} and {Views} of {Digital} {Literacy}},
	volume = {9},
	url = {http://www.mdpi.com/2227-7102/9/1/40},
	doi = {10.3390/educsci9010040},
	number = {1},
	urldate = {2022-07-18},
	journal = {Education Sciences},
	author = {Ata, R. and Yıldırım, K.},
	month = feb,
	year = {2019},
	pages = {40},
}

@article{boudet_evaluacion_2017,
	title = {Evaluación de la competencia digital docente en la {Comunidad} {Autónoma} de {Aragón}},
	volume = {19},
	url = {https://redie.uabc.mx/redie/article/view/1359},
	doi = {10.24320/redie.2017.19.4.1359},
	number = {4},
	urldate = {2022-07-18},
	journal = {Revista Electrónica de Investigación Educativa},
	author = {Boudet, J. M. F.},
	month = oct,
	year = {2017},
	pages = {73},
}

@article{bravo_development_2019,
	title = {The development of the digital teaching competence from a sociocultural approach},
	volume = {27},
	url = {https://www.revistacomunicar.com/index.php?contenido=detalles&numero=61&articulo=61-2019-02},
	doi = {10.3916/C61-2019-02},
	language = {es},
	number = {61},
	urldate = {2022-07-18},
	journal = {Comunicar},
	author = {Bravo, P. C. and Jiménez, J. C. and Cózar, S. R. D.},
	month = oct,
	year = {2019},
	pages = {21--32},
}

@article{cabezas_university_2020,
	title = {University teachers’ training: {The} {Digital} {Competence}},
	volume = {58},
	journal = {Pixel-Bit, Revista de Medios y Educacion},
	author = {Cabezas, A. R. and Domínguez, M. D. C. M. and Navío, E. P. and Rivilla, A. M.},
	year = {2020},
	pages = {181--215},
}

@article{caena_aligning_2019,
	title = {Aligning teacher competence frameworks to 21st century challenges: The case for the European Digital Competence Framework for Educators (Digcompedu)},
	volume = {54},
	url = {https://onlinelibrary.wiley.com/doi/10.1111/ejed.12345},
	doi = {10.1111/ejed.12345},
	language = {en},
	number = {3},
	urldate = {2022-07-18},
	journal = {European Journal of Education},
	author = {Caena, F. and Redecker, C.},
	month = sep,
	year = {2019},
	pages = {356--369},
}

@article{coscollola_fomentando_2020,
	title = {Fomentando la competencia digital docente en la universidad: {Percepción} de estudiantes y docentes},
	volume = {38},
	url = {https://revistas.um.es/rie/article/view/340551},
	doi = {10.6018/rie.340551},
	number = {1},
	urldate = {2022-07-18},
	journal = {Revista de Investigación Educativa},
	author = {Coscollola, M. D. and Paniagua, A. B. and Segovia, S. C. and Valero, J. A. S.},
	month = dec,
	year = {2020},
	pages = {167--182},
}

@article{cuartero_certificacion_2019,
	title = {Certificación de la {Competencia} {Digital} {Docente}: propuesta para el profesorado universitario},
	volume = {22},
	url = {http://revistas.uned.es/index.php/ried/article/view/22069},
	doi = {10.5944/ried.22.1.22069},
	number = {1},
	urldate = {2022-07-18},
	journal = {RIED. Revista Iberoamericana de Educación a Distancia},
	author = {Cuartero, M. D. and Espinosa, M. P. P. and Porlán, I. G.},
	month = jan,
	year = {2019},
	pages = {187},
}

@article{cuartero_alisis_2016,
	title = {Análisis conceptual de modelos de competencia digital del profesorado universitario},
	volume = {15},
	url = {https://relatec.unex.es/article/view/2490},
	doi = {10.17398/1695-288X.15.1.97},
	number = {1},
	urldate = {2022-07-18},
	journal = {Relatec },
	author = {Cuartero, M. D. and Porlán, I.G. and Espinosa, M. P.  P.},
	year = {2016},
	pages = {97--114},
}

@article{de_carvalho_bibliometrics_2020,
	title = {Bibliometrics and systematic reviews: {A} comparison between the {Proknow}-{C} and the {Methodi} {Ordinatio}},
	volume = {14},
	url = {https://linkinghub.elsevier.com/retrieve/pii/S1751157719303682},
	doi = {10.1016/j.joi.2020.101043},
	language = {en},
	number = {3},
	urldate = {2022-07-18},
	journal = {Journal of Informetrics},
	author = {De Carvalho, G. D. G. and Sokulski, C. C. and da Silva, W. V. and de Carvalho, H. G. and De Moura, R. V. and De Francisco, A. C. and Da Veiga, C. P.},
	month = aug,
	year = {2020},
	pages = {101043},
}

@article{diaz_competencia_2019,
	title = {Competencia {Digital} {Docente} en los {Institutos} {Superiores} de {Formación} de {Maestros}: {Caso} de {República} {Dominicana}},
	url = {https://institucional.us.es/revistas/PixelBit/55/articulo5.pdf},
	doi = {10.12795/pixelbit.2019.i55.05},
	number = {55},
	urldate = {2022-07-18},
	journal = {Pixel-Bit, Revista de Medios y Educación},
	author = {Díaz, R. P.},
	year = {2019},
	pages = {75--97},
}

@article{engen_comprendiendo_2019,
	title = {Comprendiendo los aspectos culturales y sociales de las competencias digitales docentes},
	volume = {27},
	number = {61},
	journal = {Comunicar},
	author = {Engen, B. K.},
	year = {2019},
	pages = {9--19},
}

@article{ensslin_processo_2013,
	title = {Processo de investigação e análise bibliométrica: avaliação da qualidade dos serviços bancários},
	volume = {17},
	url = {http://www.scielo.br/scielo.php?script=sci_arttext&pid=S1415-65552013000300005&lng=pt&tlng=pt},
	doi = {10.1590/S1415-65552013000300005},
	number = {3},
	urldate = {2022-07-18},
	journal = {Revista de Administração Contemporânea},
	author = {Ensslin, L. and Ensslin, S. R. and Pinto, H. D. M.},
	month = jun,
	year = {2013},
	pages = {325--349},
}

@patent{ensslin_proknow-c_2010,
	title = {{ProKnow}-{C}, {Knowledge} {Development} {Process} - {Constructivist}},
	author = {Ensslin, L. and Ensslin, S. R. and Tasca, J.},
	year = {2010},
}

@article{escudero_alisis_2019,
	title = {Análisis de la autopercepción sobre el nivel de competencia digital docente en la formación inicial de maestros/as.: {Analysis} of self-perception on the level of teachers’ digital competence in teachers training.},
	volume = {22},
	url = {https://revistas.um.es/reifop/article/view/373421},
	doi = {10.6018/reifop.373421},
	number = {3},
	urldate = {2022-07-18},
	journal = {Revista Electrónica Interuniversitaria de Formación del Profesorado},
	author = {Escudero, V. G. and Gutiérrez, R. C. and Somoza, J. A. G. C.},
	month = sep,
	year = {2019},
	pages = {193--218},
}

@article{espinosa_competencias_2013,
	title = {Competencias tecnológicas del profesorado en las universidades españolas},
	volume = {361},
	journal = {Revista de Educación},
	author = {Espinosa, M. P. P. and Porlán, I. G.},
	year = {2013},
	pages = {196--222},
}

@article{espinosa__competencia_2018,
	title = {Competencia digital: una necesidad del profesorado universitario en el siglo {XXI}},
	url = {http://www.um.es/ead/red/56/prendes_et_al.pdf},
	doi = {10.6018/red/56/7},
	number = {56},
	urldate = {2022-07-18},
	journal = {Revista de Educación a Distancia (RED)},
	author = {Espinosa , M. P. P. and Porlán, I. G. and Sánchez, F. M.},
	month = jan,
	year = {2018},
}

@article{falloon_digital_2020,
	title = {From digital literacy to digital competence: the teacher digital competency ({TDC}) framework},
	volume = {68},
	url = {http://link.springer.com/10.1007/s11423-020-09767-4},
	doi = {10.1007/s11423-020-09767-4},
	number = {5},
	urldate = {2022-07-18},
	journal = {Educational Technology Research and Development},
	author = {Falloon, G.},
	month = oct,
	year = {2020},
	pages = {2449--2472},
}

@article{flores_practica_2020,
	title = {La práctica holística de las competencias digitales docentes: diagnóstico y prospectiva},
	volume = {57},
	url = {http://ojs.uc.cl/index.php/pel/article/view/25551},
	doi = {10.7764/PEL.57.1.2020.10},
	number = {1},
	urldate = {2022-07-18},
	journal = {Pensamiento Educativo},
	author = {Flores, A. Z. and Gurieva, N. and  Arredondo, V. H. J.},
	year = {2020},
	pages = {1--16},
}

@article{garcia_impacto_2019,
	title = {Impacto de la productividad científica sobre competencia digital de los futuros docentes: aproximación bibliométrica en {Scopus} y {Web} of {Science}},
	volume = {30},
	number = {2},
	journal = {Revista Complutense de Educación},
	author = {García, A. M. R. and Torres, J. M. T. and Rodríguez, J. S.},
	year = {2019},
	pages = {623--646},
}

@article{gutierrez_media_2012,
	title = {Media {Education}, {Media} {Literacy} and {Digital} {Competence}},
	volume = {19},
	url = {https://www.revistacomunicar.com/index.php?contenido=detalles&numero=38&articulo=38-2012-05},
	doi = {10.3916/C38-2012-02-03},
	number = {38},
	urldate = {2022-07-18},
	journal = {Comunicar},
	author = {Gutiérrez, A. and Tyner, K.},
	month = mar,
	year = {2012},
	pages = {31--39},
}

@article{hepp_teacher_2015,
	title = {Teacher training: technology helping to develop an innovative and reflective professional profile},
	volume = {12},
	url = {http://rusc.uoc.edu/rusc/ca/index.php/rusc/article/view/v12n2-hepp-prats-holgado.html},
	doi = {10.7238/rusc.v12i2.2458},
	number = {2},
	urldate = {2022-07-18},
	journal = {RUSC. Universities and Knowledge Society Journal},
	author = {Hepp, P. and Fernández, M. À. P.  and García, J. H.},
	month = apr,
	year = {2015},
	pages = {30},
}

@article{hernandez_evolucion_2020,
	title = {Evolución de la competencia digital docente del profesorado universitario: incidentes críticos a partir de relatos de vida},
	volume = {56},
	url = {https://educar.uab.cat/article/view/v56-n1-padilla-gamiz-romero},
	doi = {10.5565/rev/educar.1088},
	number = {1},
	urldate = {2022-07-18},
	journal = {Educar},
	author = {Hernández, A. L. P. and Sánchez, V. M. G. and López, M. A. R.},
	month = jan,
	year = {2020},
	pages = {109--127},
}

@article{instefjord_appropriation_2015,
	title = {Appropriation of {Digital} {Competence} in {Teacher} {Education}},
	volume = {10},
	journal = {Nordic Journal  of Digital Literacy},
	author = {Instefjord, E.},
	year = {2015},
	pages = {155--171},
}

@article{linhares_capacidade_2019,
	title = {Capacidade para o trabalho e envelhecimento funcional: análise {Sistêmica} da {Literatura} utilizando o {PROKNOW}-{C} ({Knowledge} {Development} {Process} - {Constructivist})},
	volume = {24},
	url = {http://www.scielo.br/scielo.php?script=sci_arttext&pid=S1413-81232019000100053&tlng=pt},
	doi = {10.1590/1413-81232018241.00112017},
	number = {1},
	urldate = {2022-07-18},
	journal = {Ciência \& Saúde Coletiva},
	author = {Linhares, J. E. and Pessa, S. L. R. and Bortoluzzi, S. C. and Luz, R. P. D.},
	month = jan,
	year = {2019},
	pages = {53--66},
}

@article{lucena_factors_2019,
	title = {Factors {Influencing} the {Development} of {Digital} {Competence} in {Teachers}: {Analysis} of the {Teaching} {Staff} of {Permanent} {Education} {Centres}},
	volume = {7},
	url = {https://ieeexplore.ieee.org/document/8920067/},
	doi = {10.1109/ACCESS.2019.2957438},
	urldate = {2022-07-18},
	journal = {IEEE Access},
	author = {Lucena, F. J. H. and Diaz, I. A. and Reche, M. P. C. and Torres, J. M. T. and Rodriguez, J. M. R.},
	year = {2019},
	pages = {178744--178752},
}

@book{lakatos_fundamentos_2003,
	address = {São Paulo},
	title = {Fundamentos de metodologia científica},
	publisher = {Atlas},
	author = {Lakatos, E. M. and Marconi, M. D. A.},
	year = {2003},
}

@article{marquez_competencias_2018,
	title = {Competencias {Digitales} en {Docentes} de {Educación} {Superior}},
	journal = {Revista Digital de Investigación en Docencia Universitaria},
	author = {Márquez, E. F. and Olivencia, J. J. L. and Meneses, E. L.},
	year = {2018},
	pages = {213--231},
}

@article{mishra_technological_2006,
	title = {Technological {Pedagogical} {Content} {Knowledge}: {A} {Framework} for {Teacher} {Knowledge}},
	volume = {108},
	url = {http://journals.sagepub.com/doi/10.1111/j.1467-9620.2006.00684.x},
	doi = {10.1111/j.1467-9620.2006.00684.x},
	number = {6},
	urldate = {2022-07-18},
	journal = {Teachers College Record: The Voice of Scholarship in Education},
	author = {Mishra, P. and Koehler, M. J.},
	month = jun,
	year = {2006},
	pages = {1017--1054},
}

@article{park_scientometric_2020,
	title = {A {Scientometric} {Study} of {Digital} {Literacy}, {ICT} {Literacy}, {Information} {Literacy}, and {Media} {Literacy}},
	volume = {6},
	url = {https://www.sciendo.com/article/10.2478/jdis-2021-0001},
	doi = {10.2478/jdis-2021-0001},
	number = {2},
	urldate = {2022-07-18},
	journal = {Journal of Data and Information Science},
	author = {Park, H. and Kim, H. S. and Park, H. W.},
	year = {2020},
	pages = {116--138},
}

@article{perez_competencia_2012,
	title = {De la competencia digital y audiovisual a la competencia mediática: dimensiones e indicadores},
	volume = {20},
	number = {39},
	journal = {Comunicar},
	author = {Pérez, M. A. and Delgado, A.},
	year = {2012},
	pages = {25--34},
}

@article{pettersson_issues_2018,
	title = {On the issues of digital competence in educational contexts – a review of literature},
	volume = {23},
	url = {http://link.springer.com/10.1007/s10639-017-9649-3},
	doi = {10.1007/s10639-017-9649-3},
	number = {3},
	urldate = {2022-07-19},
	journal = {Education and Information Technologies},
	author = {Pettersson, F.},
	month = may,
	year = {2018},
	pages = {1005--1021},
}

@article{quiroz_indicadores_2016,
	title = {Indicadores para evaluar la competencia digital docente en la formación inicial en el contexto {Chileno} – {Uruguayo}},
	volume = {15},
	number = {1},
	journal = {Relatec},
	author = {Quiroz, J. S. and Miranda, P. and Cervera, M. G. and Onetto, A.},
	year = {2016},
	pages = {56--69},
}

@article{reddy_digital_2020,
	title = {Digital {Literacy}: {A} {Review} of {Literature}},
	volume = {11},
	url = {https://services.igi-global.com/resolvedoi/resolve.aspx?doi=10.4018/IJT.20200701.oa1},
	doi = {10.4018/IJT.20200701.oa1},
	number = {2},
	urldate = {2022-07-19},
	journal = {International Journal of Technoethics},
	author = {Reddy, P. and Sharma, B. and Chaudhary, K.},
	month = jul,
	year = {2020},
	pages = {65--94},
}

@book{redecker_european_2017,
	address = {Luxemburgo},
	title = {European framework for the digital competence of educators: {DigCompEdu}},
	publisher = {Europeia Comissão},
	author = {Redecker, C. and Punie, Y.},
	year = {2017},
}

@article{repiso_alisis_2016,
	title = {Análisis de las competencias digitales de los graduados en titulaciones de maestro},
	volume = {15},
	number = {2},
	journal = {Relatec},
	author = {Repiso, A. G. V. M. and Pozo, M. M. D.},
	year = {2016},
	pages = {155--168},
}

@article{rosenblit_e-teaching_2018,
	title = {E-{Teaching} in {Higher} {Education}: {An} {Essential} {Prerequisite} for {E}-{Learning}},
	volume = {7},
	url = {https://naerjournal.ua.es/article/view/v7n2-3},
	doi = {10.7821/naer.2018.7.298},
	number = {2},
	urldate = {2022-07-19},
	journal = {Journal of New Approaches in Educational Research},
	author = {Rosenblit, S. G.},
	month = jul,
	year = {2018},
	pages = {93--97},
}

@article{ruiz_profesorado_2016,
	title = {El profesorado universitario y las {TIC}. {Análisis} de su competencia digital},
	volume = {31},
	number = {1},
	journal = {Ensayos - Revista de la Facultad de Educación de Albacete},
	author = {Ruiz, A. B. M.},
	year = {2016},
	pages = {133--147},
}

@article{sanchez_alisis_2020,
	title = {Análisis correlacional de los factores incidentes en el nivel de competencia digital del profesorado: {Correlational} analysis of the incident factors in the level of digital competence of teachers},
	volume = {23},
	url = {https://revistas.um.es/reifop/article/view/396741},
	doi = {10.6018/reifop.396741},
	number = {1},
	urldate = {2022-07-19},
	journal = {Revista Electrónica Interuniversitaria de Formación del Profesorado},
	author = {Sánchez, S. P. and Belmonte, J. L. and Cruz, M. F. and Núñez, J. A. L.},
	month = jan,
	year = {2020},
}

@article{spante_digital_2018,
	title = {Digital competence and digital literacy in higher education research: {Systematic} review of concept use},
	volume = {5},
	url = {https://www.tandfonline.com/doi/full/10.1080/2331186X.2018.1519143},
	doi = {10.1080/2331186X.2018.1519143},
	number = {1},
	urldate = {2022-07-19},
	journal = {Cogent Education},
	author = {Spante, M. and Hashemi, S. S. and Lundin, M. and Algers, A. and Wang, S.},
	month = jan,
	year = {2018},
	pages = {1519143},
}

@article{stordy_taxonomy_2015,
	title = {Taxonomy of literacies},
	volume = {71},
	url = {https://www.emerald.com/insight/content/doi/10.1108/JD-10-2013-0128/full/html},
	doi = {10.1108/JD-10-2013-0128},
	number = {3},
	urldate = {2022-07-19},
	journal = {Journal of Documentation},
	author = {Stordy, P.},
	month = may,
	year = {2015},
	pages = {456--476},
}

@article{trigueros_digital_2019,
	title = {Digital {Literacy} of {Teachers} in {Training}: {Moving} from {ICTs} ({Information} and {Communication} {Technologies}) to {LKTs} ({Learning} and {Knowledge} {Technologies})},
	volume = {9},
	url = {https://www.mdpi.com/2227-7102/9/4/274},
	doi = {10.3390/educsci9040274},
	number = {4},
	urldate = {2022-07-19},
	journal = {Education Sciences},
	author = {Trigueros, I. M. G. and Bañuls, M. R. and Sánchez, D. O.},
	month = nov,
	year = {2019},
	pages = {274},
}

@article{trindade_assessment_2020,
	title = {Assessment of university teachers on their digital competences},
	volume = {15},
	url = {http://www.ckbg.org/qwerty/index.php/qwerty/article/view/341/296},
	doi = {10.30557/QW000025},
	number = {1},
	urldate = {2022-07-19},
	journal = {Qwerty. Open and Interdisciplinary Journal of Technology, Culture and Education},
	author = {Trindade, S. D. and Moreira, J. A. and Ferreira, A. G.},
	month = jun,
	year = {2020},
}

@article{trindade_escala_2019,
	title = {Escala de autoavaliação de competências digitais de professores. {Procedimentos} de construção e validação},
	volume = {12},
	number = {2},
	journal = {Texto Livre: Linguagem e Tecnologia},
	author = {Trindade, S. D. and Moreira, J. A. and Nunes, C. S.},
	year = {2019},
	pages = {152--171},
	doi ={https://doi.org/10.17851/1983-3652.12.2.152-171},
	url = {https://periodicos.ufmg.br/index.php/textolivre/article/view/16848},
	urldate = {2022-07-19},
}

@article{tsankov_digital_2019,
	title = {The digital competence of future teachers: {Self}-assessment in the context of their development},
	volume = {13},
	number = {12},
	journal = {International Journal of Interactive Mobile Technologies},
	author = {Tsankov, N. and Damyanov, I.},
	year = {2019},
	pages = {4--18},
}

@article{viberg_validating_2020,
	title = {Validating an {Instrument} to {Measure} {Teachers}’{Preparedness} to {Use} {Digital} {Technology} in their {Teaching}},
	volume = {15},
	url = {http://www.idunn.no/doi/10.18261/issn.1891-943x-2020-01-04},
	doi = {10.18261/issn.1891-943x-2020-01-04},
	number = {1},
	urldate = {2022-07-19},
	journal = {Nordic Journal of Digital Literacy},
	author = {Viberg, O. and Mavroudi, A. and Khalil, M. and Bälter, O.},
	month = apr,
	year = {2020},
	pages = {38--54},
}

@article{villa_competencias_2019,
	title = {Competencias {Docentes} y {Transformaciones} en la {Educación} en la {Era} {Digital}},
	volume = {12},
	url = {http://www.scielo.cl/scielo.php?script=sci_arttext&pid=S0718-50062019000600003&lng=en&nrm=iso&tlng=en},
	doi = {10.4067/S0718-50062019000600003},
	number = {6},
	urldate = {2022-07-19},
	journal = {Formación universitaria},
	author = {Villa, S. V. and Guliany, J. G. and Palma, H. H. and Sanabria, E. S.},
	month = dec,
	year = {2019},
	pages = {3--14},
}

@book{yin_pesquisa_2016,
	address = {Porto Alegre},
	title = {Pesquisa qualitativa do início ao fim},
	publisher = {Penso},
	author = {Yin, R.},
	year = {2016},
}

@article{almenara_marco_2020,
	title = {Marco {Europeo} de {Competencia} {Digital} {Docente} {DigCompEdu}. {Traducción} y adaptación del cuestionario {DigCompEdu} {Check}-{In}},
	volume = {9},
	url = {https://www.uco.es/ucopress/ojs/index.php/edmetic/article/view/12462},
	doi = {10.21071/edmetic.v9i1.12462},
	number = {1},
	urldate = {2022-07-25},
	journal = {EDMETIC},
	author = {Almenara, J. C. and Rodríguez, A. P.},
	month = jan,
	year = {2020},
	pages = {213--234},
}

@article{botturi_digital_2019,
	title = {Digital and media literacy in pre-service teachereducation: {A} case study from {Switzerland}.},
	volume = {14},
	url = {http://www.idunn.no/doi/10.18261/issn.1891-943x-2019-03-04-05},
	doi = {10.18261/issn.1891-943x-2019-03-04-05},
	number = {3-04},
	urldate = {2022-07-25},
	journal = {Nordic Journal of Digital Literacy},
	author = {Botturi, L.},
	month = dec,
	year = {2019},
	pages = {147--163},
}

@article{cantabrana_evaluacion_2019,
	title = {La evaluación de la competencia digital docente: construcción de un instrumento para medir los conocimientos de futuros docentes},
	volume = {8},
	number = {1},
	journal = {Journal of New Approaches in Educational Research },
	author = {Cantabrana, J. L. L. and Rodríguez, M. U. and Cervera, M. G.},
	year = {2019},
	pages = {73--78},
}

@article{cebi_digital_2020,
	title = {Digital {Competence}: {A} {Study} from the {Perspective} of {Pre}-service {Teachers} in {Turkey}},
	volume = {9},
	url = {https://naerjournal.ua.es/article/view/v9n2-10},
	doi = {10.7821/naer.2020.7.583},
	number = {2},
	urldate = {2022-07-25},
	journal = {Journal of New Approaches in Educational Research},
	author = {Çebi, A. and Reisoğlu, İ.},
	month = jul,
	year = {2020},
	pages = {294},
}

@article{granados_competencias_2020,
	title = {Competencias digitales docentes: un acercamiento inicial},
	volume = {11},
	url = {https://revistas.uned.ac.cr/index.php/revistacalidad/article/view/2932},
	doi = {10.22458/caes.v11i1.2932},
	number = {1},
	urldate = {2022-07-25},
	journal = {Revista Electrónica Calidad en la Educación Superior},
	author = {Granados, A. C. and Díaz , K. Y. A.},
	month = may,
	year = {2020},
	pages = {47--80},
}

@article{gomez_formacion_2019,
	title = {La formación de la competencia digital en los docentes},
	volume = {23},
	url = {https://revistaseug.ugr.es/index.php/profesorado/article/view/11720},
	doi = {10.30827/profesorado.v23i4.11720},
	number = {4},
	urldate = {2022-07-25},
	journal = {Profesorado, Revista de Currículum y Formación del Profesorado},
	author = {Gómez, B. L. and Thevenet, P. S. and Bellido, M. R. G.},
	month = dec,
	year = {2019},
	pages = {234--260},
}

@article{revilla_assessing_2020,
	title = {Assessing the digital competence of educators in social studies: {An} analysis in initial teacher training using the {TPACK}-21 model},
	url = {https://ajet.org.au/index.php/AJET/article/view/5281},
	doi = {10.14742/ajet.5281},
	urldate = {2022-07-25},
	journal = {Australasian Journal of Educational Technology},
	author = {Revilla, D. R. and Ferreira, J. M. M. and Agustí, M. S.},
	month = jan,
	year = {2020},
}
