
@article{almenara_marco_2020,
	title = {Marco {Europeo} de {Competencia} {Digital} {Docente} «{DigCompEdu}». {Traducción} y adaptación del cuestionario «{DigCompEdu} {Check}-{In}»},
	volume = {9},
	issn = {2254-0059},
	url = {https://www.uco.es/ucopress/ojs/index.php/edmetic/article/view/12462},
	doi = {10.21071/edmetic.v9i1.12462},
	number = {1},
	urldate = {2022-07-25},
	journal = {EDMETIC},
	author = {Almenara, J. C. and Rodríguez, A. P.},
	month = jan,
	year = {2020},
	pages = {213--234},
}

@article{botturi_digital_2019,
	title = {Digital and media literacy in pre-service teachereducation: {A} case study from {Switzerland}.},
	volume = {14},
	issn = {0809-6724, 1891-943X},
	shorttitle = {Digital and media literacy in pre-service teachereducation},
	url = {http://www.idunn.no/doi/10.18261/issn.1891-943x-2019-03-04-05},
	doi = {10.18261/issn.1891-943x-2019-03-04-05},
	language = {no},
	number = {3-04},
	urldate = {2022-07-25},
	journal = {Nordic Journal of Digital Literacy},
	author = {Botturi, L.},
	month = dec,
	year = {2019},
	pages = {147--163},
}

@article{cantabrana_evaluacion_2019,
	title = {La evaluación de la competencia digital docente: construcción de un instrumento para medir los conocimientos de futuros docentes},
	volume = {8},
	number = {1},
	journal = {Journal of New Approaches in Educational Research },
	author = {Cantabrana, J. L. L. and Rodríguez, M. U. and Cervera, M. G.},
	year = {2019},
	pages = {73--78},
}

@article{cebi_digital_2020,
	title = {Digital {Competence}: {A} {Study} from the {Perspective} of {Pre}-service {Teachers} in {Turkey}},
	volume = {9},
	issn = {2254-7339},
	shorttitle = {Digital {Competence}},
	url = {https://naerjournal.ua.es/article/view/v9n2-10},
	doi = {10.7821/naer.2020.7.583},
	number = {2},
	urldate = {2022-07-25},
	journal = {Journal of New Approaches in Educational Research},
	author = {Çebi, A. and Reisoğlu, İ.},
	month = jul,
	year = {2020},
	pages = {294},
}

@article{granados_competencias_2020,
	title = {Competencias digitales docentes: un acercamiento inicial},
	volume = {11},
	issn = {1659-4703},
	shorttitle = {Competencias digitales docentes},
	url = {https://revistas.uned.ac.cr/index.php/revistacalidad/article/view/2932},
	doi = {10.22458/caes.v11i1.2932},
	number = {1},
	urldate = {2022-07-25},
	journal = {Revista Electrónica Calidad en la Educación Superior},
	author = {Granados, A. C. and Díaz , K. Y. A.},
	month = may,
	year = {2020},
	pages = {47--80},
}

@article{gomez_formacion_2019,
	title = {La formación de la competencia digital en los docentes},
	volume = {23},
	issn = {1989-6395, 1138-414X},
	url = {https://revistaseug.ugr.es/index.php/profesorado/article/view/11720},
	doi = {10.30827/profesorado.v23i4.11720},
	number = {4},
	urldate = {2022-07-25},
	journal = {Profesorado, Revista de Currículum y Formación del Profesorado},
	author = {Gómez, B. L. and Thevenet, P. S. and Bellido, M. R. G.},
	month = dec,
	year = {2019},
	pages = {234--260},
}

@article{revilla_assessing_2020,
	title = {Assessing the digital competence of educators in social studies: {An} analysis in initial teacher training using the {TPACK}-21 model},
	issn = {1449-5554, 1449-3098},
	shorttitle = {Assessing the digital competence of educators in social studies},
	url = {https://ajet.org.au/index.php/AJET/article/view/5281},
	doi = {10.14742/ajet.5281},
	urldate = {2022-07-25},
	journal = {Australasian Journal of Educational Technology},
	author = {Revilla, D. R. and Ferreira, J. M. M. and Agustí, M. S.},
	month = jan,
	year = {2020},
}
