@book{brians2003,
   title =     {Common Errors in English Usage},
   author =    {Paul Brians},
   publisher = {William James},
   isbn =      {1887902899},
   year =      {2003}
}

@article{mays1991,
  doi = {10.1016/0306-4573(91)90066-u},
  year = {1991},
  month = {1},
  publisher = {Elsevier {BV}},
  volume = {27},
  number = {5},
  pages = {517--522},
  author = {Eric Mays and Fred J. Damerau and Robert L. Mercer},
  title = {Context based spelling correction},
  journal = {Information Processing {\&} Management}
}

@mastersthesis{verberne2002,
  author = {Suzan Verberne}, 
  title = {Context-sensitive spell checking based on word trigram probabilities},
  school = {University of Nijmegen},
  year = {2002}
}

@article{damerau1964,
  year = {1964},
  month = {3},
  publisher = {Association for Computing Machinery ({ACM})},
  volume = {7},
  number = {3},
  pages = {171--176},
  author = {Fred J. Damerau},
  title = {A technique for computer detection and correction of spelling errors},
  journal = {Communications of the {ACM}}
}

@article{mitton1987,
  year = {1987},
  month = {jan},
  publisher = {Elsevier {BV}},
  volume = {23},
  number = {5},
  pages = {495--505},
  author = {Roger Mitton},
  title = {Spelling checkers, spelling correctors and the misspellings of poor spellers},
  journal = {Information Processing {\&} Management}
}

@book{mitton1995,
 author = {Roger Mitton},
 title = {English Spelling and the Computer (Studies in Language {\&} Linguistics)},
 publisher = {Addison-Wesley Longman Ltd},
 year = {1995},
 month = {dec},
 isbn = {0582234794}
}

@article{mitton2010,
  doi = {10.1093/wsr/wsq004},
  year = {2010},
  month = {jan},
  publisher = {Informa {UK} Limited},
  volume = {2},
  number = {1},
  pages = {1--7},
  author = {Roger Mitton},
  title = {Fifty years of spellchecking},
  journal = {Writing Systems Research}
}

@article{zamora1981,
  doi = {10.1016/0306-4573(81)90044-3},
  url = {https://doi.org/10.1016/0306-4573(81)90044-3},
  year = {1981},
  month = jan,
  publisher = {Elsevier {BV}},
  volume = {17},
  number = {6},
  pages = {305--316},
  author = {Elena M. Zamora and Joseph J. Pollock and Antonio Zamora},
  title = {The use of trigram analysis for spelling error detection},
  journal = {Information Processing {\&} Management}
}

@article{pollock1983,
  doi = {10.1002/asi.4630340108},
  year = {1983},
  month = {jan},
  publisher = {Wiley},
  volume = {34},
  number = {1},
  pages = {51--58},
  author = {Joseph J. Pollock and Antonio Zamora},
  title = {Collection and characterization of spelling errors in scientific and scholarly text},
  journal = {Journal of the American Society for Information Science}
}

@article{pollock1984,
  doi = {10.1145/358027.358048},
  year = {1984},
  month = {apr},
  publisher = {Association for Computing Machinery ({ACM})},
  volume = {27},
  number = {4},
  pages = {358--368},
  author = {Joseph J. Pollock and Antonio Zamora},
  title = {Automatic spelling correction in scientific and scholarly text},
  journal = {Communications of the {ACM}}
}

@article{kukich1992,
  doi = {10.1145/146370.146380},
  year = {1992},
  month = {dec},
  publisher = {Association for Computing Machinery ({ACM})},
  volume = {24},
  number = {4},
  pages = {377--439},
  author = {Karen Kukich},
  title = {Technique for automatically correcting words in text},
  journal = {{ACM} Computing Surveys}
}

@inproceedings{golding1996,
  doi = {10.3115/981863.981873},
  url = {https://doi.org/10.3115/981863.981873},
  year = {1996},
  publisher = {Association for Computational Linguistics},
  author = {Andrew R. Golding and Yves Schabes},
  title = {Combining Trigram-based and feature-based methods for context-sensitive spelling correction},
  booktitle = {Proceedings of the 34th annual meeting on Association for Computational Linguistics}
}

@inproceedings{gupta2020,
  doi = {10.1109/icsc.2020.00023},
  year = {2020},
  month = {2},
  publisher = {{IEEE}},
  author = {Prabhakar Gupta},
  title = {A Context-Sensitive Real-Time Spell Checker with Language Adaptability},
  booktitle = {2020 {IEEE} 14th International Conference on Semantic Computing ({ICSC})}
}

@inproceedings{boswell2004, 
  booktitle = {CSE 256 (Spring 2004)},
  title = {Language Models for Spelling Correction}, 
  author = {Dustin Boswell}, 
  year = {2004} 
}

@article{mohapatra2013,
  author = {Yogamaya Mohapatra and Ashis Mishra and Anil Mishra},
  title = {Spell Checker for OCR},
  journal = {International Journal of Computer Science and Information Technologies},
  volume = {4},
  number = {1},
  year = {2013},
  pages = {91--97}
}

@inproceedings{lizhuang2004,
  doi = {10.1109/icsmc.2004.1401278},
  url = {https://doi.org/10.1109/icsmc.2004.1401278},
  publisher = {{IEEE}},
  author = {Li Zhuang and  Ta Bao and  Xioyan Zhu and  Chunheng Wang and S. Naoi},
  title = {A Chinese {OCR} spelling check approach based on statistical language models},
  booktitle = {{IEEE} International Conference on Systems, Man and Cybernetics},
  year = {2004}
}

@book{jurafsky2008,
 Author = {Daniel Jurafsky and James H. Martin},
 title = {Speech and Language Processing: An introduction to Natural Language Processing},
 publisher = {Prentice Hall},
 year = {2008},
 month = {jan},
 isbn = {0131873210}
}

@article{davidson1962,
  doi = {10.1145/366862.366913},
  url = {https://doi.org/10.1145/366862.366913},
  year = {1962},
  month = {3},
  publisher = {Association for Computing Machinery ({ACM})},
  volume = {5},
  number = {3},
  pages = {169--171},
  author = {Leon Davidson},
  title = {Retrieval of misspelled names in an airlines passenger record system},
  journal = {Communications of the {ACM}}
}

@article{crowell2004,
  doi = {10.1197/jamia.m1474},
  url = {https://doi.org/10.1197/jamia.m1474},
  year = {2004},
  month = {may},
  publisher = {Oxford University Press ({OUP})},
  volume = {11},
  number = {3},
  pages = {179--185},
  author = {Jonathan Crowell and Qing Zeng and Long Ngo and Eve-Marie Lacroix},
  title = {A Frequency-based Technique to Improve the Spelling Suggestion Rank in Medical Queries},
  journal = {Journal of the American Medical Informatics Association}
}

@inproceedings{glantz1956,
  doi = {10.1145/800258.808966},
  url = {https://doi.org/10.1145/800258.808966},
  year = {1956},
  publisher = {{ACM} Press},
  author = {Herbert T. Glantz},
  title = {On the recognition of information with a digital computer},
  booktitle = {Proceedings of the 1956 11th {ACM} national meeting}
}

@article{gimenes2015,
  doi = {10.1162/coli_a_00216},
  year = {2015},
  month = {mar},
  publisher = {{MIT} Press - Journals},
  volume = {41},
  number = {1},
  pages = {175--183},
  author = {Priscila Azar Gimenes and Norton Trevisan Roman and Ariadne Maria Brito Rizzoni Carvalho},
  title = {Spelling Error Patterns in Brazilian Portuguese},
  journal = {Computational Linguistics}
}

@inproceedings{bustamante2006,
  title = {A Spell Checker for a World Language: The New {M}icrosoft{'}s {S}panish Spell Checker},
  author = {Flora Ram\'{i}rez Bustamante and Alfredo Arnaiz and Mar Gin\'{e}s},
  booktitle = {Proceedings of the Fifth International Conference on Language Resources and Evaluation ({LREC}{'}06)},
  month = {may},
  year = {2006},
  address = {Genoa, Italy},
  publisher = {European Language Resources Association (ELRA)},
  doi = {10.1162/coli_a_00216}
}

@mastersthesis{medeiros1995, 
  author = {Jos\'{e} Carlos Dinis Medeiros}, 
  title = {Processamento Morfola\'{o}gico e Correc\c{c}\~{a}o Ortogr\'{a}fica do Portugu\^{e}s},
  school = {Universidade T\'{e}cnica de Lisboa},
  address = {Lisboa},
  year = {1995}
}

@inproceedings{baba2012,
  title = {How Are Spelling Errors Generated and Corrected? A Study of Corrected and Uncorrected Spelling Errors Using Keystroke Logs},
  author = {Yukino Baba and Hisami Suzuki},
  booktitle = {Proceedings of the 50th Annual Meeting of the Association for Computational Linguistics (Volume 2: Short Papers)},
  month = {jul},
  year = {2012},
  address = {Jeju Island, Korea},
  publisher = {Association for Computational Linguistics},
  pages = {373--377}
}

@patent{russell18,
  author = {Robert C. Russell},
  title = {Index},
  holder = {Robert C. Russell},
  howpublished = {Dep처sito: 25 out. 1917. Concess찾o: 02 abr. 1918},
  number = {US 1261167A},
  url = {https://patents.google.com/patent/US1261167A/en},
  year = {1918}
}

@patent{russell22,
  author = {Robert C. Russell},
  title = {Index},
  holder = {Robert C. Russell},
  howpublished = {Dep처sito: 28 nov. 1921. Concess찾o: 14 nov. 1922},
  number = {US 1435663A},
  url = {https://patents.google.com/patent/US1435663A/en},
  year = {1922}
}

@article{odell1956,
  author = {Margaret  King Odell},  
  title = {The  profit  in  records  management},
  journal = {Systems},
  volume = {20},
  address = {New York}, 
  year = {1956}
}

@book{knuth1973,
  author = {Donald Ervin Knuth},
  title = {The Art of Computer Programming},
  volume = {3},
  publisher = {Addison-Wesley},
  year = {1973}
}

@article{mcilroy1982,
  doi = {10.1109/tcom.1982.1095395},
  url = {https://doi.org/10.1109/tcom.1982.1095395},
  year = {1982},
  month = {jan},
  publisher = {Institute of Electrical and Electronics Engineers ({IEEE})},
  volume = {30},
  number = {1},
  pages = {91--99},
  author = {Malcolm Douglas McIlroy},
  title = {Development of a Spelling List},
  journal = {{IEEE} Transactions on Communications}
}

@article{peterson80,
  doi = {10.1145/359038.359041},
  url = {https://doi.org/10.1145/359038.359041},
  year = {1980},
  month = {12},
  publisher = {Association for Computing Machinery ({ACM})},
  volume = {23},
  number = {12},
  pages = {676--687},
  author = {James L. Peterson},
  title = {Computer programs for detecting and correcting spelling errors},
  journal = {Communications of the {ACM}}
}

@book{kucera,
  author = {Henry Ku{\v{c}}era and Winthrop Nelson Francis},
  publisher = {Brown University Press},
  title = {Computational analysis of present-day American English},
  year = {1967}
}

@techreport{mcilory1987,
  author = {Malcolm Douglas McIlroy},
  title = {A Research UNIX Reader: Annotated Excerpts from the Programmer's Manual, 1971--1986},
  institution = {AT\&T Bell Laboratories},
  year = {1987}
}

@article{morris1975,
  doi = {10.1109/tpc.1975.6593963},
  year = {1975},
  month = {mar},
  publisher = {Institute of Electrical and Electronics Engineers ({IEEE})},
  volume = {{PC}-18},
  number = {1},
  pages = {54--56},
  author = {Robert Morris and Lorinda L. Cherry},
  title = {Computer detection of typographical errors},
  journal = {{IEEE} Transactions on Professional Communication}
}

@misc{gorin1974,
  author = {Ralph E. Gorin},
  title = {SPELL: Spelling Check and Correction Program},
  url = {https://www.saildart.org/allow/SPELL.REG\%5bUP,DOC\%5d},
  urldate = {2020-07-08},
  year = {1974}
}

@misc{ispell,
  author = {Ralph E. Gorin and Pace Willisson and Geoff Kuenning},
  title = {Ispell},
  url = {https://www.cs.hmc.edu/{\~}geoff/ispell.html},
  urldate = {2020-07-08},
  year = {1971}
}

@misc{myspell,
  author = {Kevin Hendricks},
  title = {My{S}pell},
  url = {https://code.google.com/a/apache-extras.org/p/ooo-myspell/},
  urldate = {2020-07-08},
  year = {2011}
}

@misc{aspell,
  author = {Kevin Atkinson},
  title = {Aspell},
  url = {http://aspell.net/},
  urldate = {2020-07-08},
  year = {1998}
}

@article{philips1990,
  title={Hanging on the metaphone},
  author={Lawrence Philips},
  journal={Computer Language},
  volume={7},
  number={12},
  pages={39--43},
  year={1990}
}

@article{philips2000,
  author = {Lawrence Philips},
  title = {The Double Metaphone Search Algorithm},
  year = {2000},
  publisher = {CMP Media, Inc.},
  address = {USA},
  volume = {18},
  number = {6},
  issn = {1075-2838},
  journal = {C/C++ Users J.},
  month = {6},
  pages = {38--43}
}

@misc{norvig2007,
  title = {How to write a spelling corrector},
  author = {Peter Norvig},
  howpublished = {\url{http://norvig.com/spell-correct.html}},
  year = {2007}
}

@Book{robbins2005,
  author = {Arnold Robbins and Nelson H. F. Beebe},
  title =  {Classic Shell Scripting},
  publisher = {O'Reilly Media},
  year = {2005},
  ISBN =  {0596555261}
}

@inproceedings{nagata1998,
  year = {1998},
  publisher = {Association for Computational Linguistics},
  author = {Masaaki Nagata},
  title = {Japanese {OCR} error correction using character shape similarity and statistical language model},
  booktitle = {Proceedings of the 36th annual meeting on Association for Computational Linguistics},
  pages = {922--928}
}

@inproceedings{tong1996,
  title = {A Statistical Approach to Automatic OCR Error Correction in Context},
  author = {Xiang Tong and David A. Evans},
  booktitle = {Proceedings of the Fourth Workshop on Very Large Corpora (WVLC-4)},
  pages = {88--100},
  year = {1996}
}

@inproceedings{liu1991,
  year = {1991},
  publisher = {{ACM} Press},
  author = {Lon-Mu Liu and Yair M. Babad and Wei Sun and Ki-Kan Chan},
  title = {Adaptive post-processing of {OCR} text via knowledge acquisition},
  booktitle = {Proceedings of the 19th annual conference on Computer Science  - {CSC} {\textquotesingle}91}
}

@article{taghva2001,
  doi = {10.1007/pl00013558},
  url = {https://doi.org/10.1007/pl00013558},
  year = {2001},
  month = mar,
  publisher = {Springer Science and Business Media {LLC}},
  volume = {3},
  number = {3},
  pages = {125--137},
  author = {Kazem Taghva and Eric Stofsky},
  title = {{OCRSpell}: an interactive spelling correction system for {OCR} errors in text},
  journal = {International Journal on Document Analysis and Recognition}
}

@phdthesis{jrcacho2012,
  author       = {Jorge Ramon Fonseca Cacho}, 
  title        = {Improving OCR Post Processing with Machine Learning Tools},
  school       = {University of Nevada},
  year         = {2012},
  address      = {Las Vegas},
  month        = {8}
}

@mastersthesis{samuelsson2017,
  author       = {Axel Samuelsson}, 
  title        = {Weighting Edit Distance to Improve Spelling Correction in Music Entity Search},
  school       = {KTH Royal Institute of Technology},
  year         = {2017},
  address      = {Stockholm},
  month        = {6}
}

@inproceedings{min1995,
  author = {Kyongho Min and William Wilson},
  year = {1995},
  month = {03},
  pages = {1--10},
  title = {Syntactic Recovery and Spelling Correction of Ill-formed Sentences},
  booktitle = {3rd Conference of the Australasian Cognitive Science (CogSci95)},
}

@article{church1991,
  doi = {10.1007/bf01889984},
  year = {1991},
  month = {12},
  publisher = {Springer Science and Business Media {LLC}},
  volume = {1},
  number = {2},
  pages = {93--103},
  author = {Kenneth W. Church and William A. Gale},
  title = {Probability scoring for spelling correction},
  journal = {Statistics and Computing}
}

@inproceedings{kernighan1990,
  doi = {10.3115/997939.997975},
  url = {https://doi.org/10.3115/997939.997975},
  year = {1990},
  publisher = {Association for Computational Linguistics},
  author = {Mark D. Kernighan and Kenneth W. Church and William A. Gale},
  title = {A spelling correction program based on a noisy channel model},
  booktitle = {Proceedings of the 13th conference on Computational linguistics}
}

@techreport{taylor1981,
  author = {W. D. Taylor},
  title = {Grope: A spelling error correction tool},
  institution = {AT\&T Bell Labs},
  year = {1981}
}

@techreport{elliott1988,
  author= {R. J. Elliott},
  title = "Annotating spelling list words with affixation classes",
  institution = {Bell Labs},
  month = {December},
  year = {1988}
}

@article{kukich1992b,
  doi = {10.1145/129875.129882},
  url = {https://doi.org/10.1145/129875.129882},
  year = {1992},
  month = {may},
  publisher = {Association for Computing Machinery ({ACM})},
  volume = {35},
  number = {5},
  pages = {80--90},
  author = {Karen Kukich},
  title = {Spelling correction for the telecommunications network for the deaf},
  journal = {Communications of the {ACM}}
}

@article{young1991,
  doi = {10.1016/0306-4573(91)90002-4},
  url = {https://doi.org/10.1016/0306-4573(91)90002-4},
  year = {1991},
  month = jan,
  publisher = {Elsevier {BV}},
  volume = {27},
  number = {6},
  pages = {615--622},
  author = {Charlene W. Young and Caroline M. Eastman and Robert L. Oakman},
  title = {An analysis of ill-formed input in natural language queries to document retrieval systems},
  journal = {Information Processing {\&} Management}
}

@article{wing2009,
  doi = {10.1080/02643290902823612},
  url = {https://doi.org/10.1080/02643290902823612},
  year = {2009},
  month = mar,
  publisher = {Informa {UK} Limited},
  volume = {26},
  number = {2},
  pages = {223--226},
  author = {Alan M. Wing and Alan D. Baddeley},
  title = {Righting errors in writing errors: The Wing and Baddeley (1980) spelling error corpus revisited},
  journal = {Cognitive Neuropsychology}
}


@incollection{wing1980,
  author = {Alan M. Wing and Alan D. Baddeley}, 
  title = {Spelling errors in handwriting: A corpus and distributional analysis}, 
  editor = {Uta Frith},
  booktitle = {Cognitive Processes in Spelling}, 
  publisher = {Academic Press},
  address = {London},
  year = {1980},
  pages = {251--285}
}

@inproceedings{angeles2015,
  doi = {10.1109/iciev.2015.7334028},
  url = {https://doi.org/10.1109/iciev.2015.7334028},
  year = {2015},
  month = {jun},
  publisher = {{IEEE}},
  author = {Maria del Pilar Angeles and Adrian Espino-Gamez and Jonathan Gil-Moncada},
  title = {Comparison of a Modified Spanish Phonetic,  Soundex,  and Phonex coding functions during data matching process},
  booktitle = {2015 International Conference on Informatics,  Electronics {\&} Vision ({ICIEV})}
}

@online{beider2010,
  author = {Alexander Beider and Stephen P. Morse},
  title = {Phonetic Matching: A Better Soundex},
  url = {http://stevemorse.org/phonetics/bmpm2.htm}, 
  urldate = {2020-07-08},
  year = {2010},
  keywords = {soundex}
}

@online{beider2008,
  author = {Alexander Beider and Stephen P. Morse},
  title = {An Alternative to Soundex with Fewer False Hits},
  url = {https://stevemorse.org/phonetics/bmpm.htm},
  urldate = {2020-07-08},
  year = {2008},
  keywords = {soundex}
}

@misc{leolcaspell,
  doi = {10.5281/ZENODO.3235670},
  url = {https://zenodo.org/record/3235670},
  urldate = {2020-11-27},
  author = {Araujo,  Leonardo},
  title = {leolca/spellcheck v0.1-alpha},
  publisher = {Zenodo},
  year = {2020},
  copyright = {Open Access}
}

%@misc{leolcaspell,
%  doi = {10.XXX/XXXXXXXXx},
%  url = {https://zenodo.org/record/XXXXX},
%  author = {XXXX,  XXXXXXXXXx},
%  title = {xxxxx/spellcheck v0.1-alpha},
%  publisher = {Zenodo},
%  year = {2020},
%  copyright = {Open Access}
%}

@article{shannon1948,
    author = {Claude E. Shannon},
    title = {A mathematical theory of communication.},
    journal = {Bell Syst. Tech. J.},
    number = 3,
    volume = 27,
    pages = {379--423},
    year = 1948
}


@phdthesis{castro2012,
  author = {Daniel Castro}, 
  title = {M\'{e}todos para la correcci\'{o}n ortogr\'{a}fica autom\'{a}tica del espa\~{n}ol},
  school = {Universidad de Oriente},
  year = {2012},
  address = {Santiago de Cuba},
  url = {http://www.cerpamid.co.cu/sitio/files/tesis_master_daniel.pdf}
}

@inproceedings{pilan2018,
  title={Exploring word embeddings and phonological similarity for the unsupervised correction of language learner errors},
  author={Ildik{\'o} Pil{\'a}n and Elena Volodina},
  booktitle={LaTeCH@COLING},
  year={2018}
}

@inproceedings{avanco2014,
  title={Towards a Phonetic Brazilian Portuguese Spell Checker},
  author={Lucas Vinicius Avan\c{c}o and Magali Sanches Duran},
  booktitle={Proceedings of ToRPorEsp Workshop PROPOR 2014},
  year={2014}
}


@article{mcmahon1978,
  author = {Lee E. McMahon and Lorinda L. Cherry and Robert Morris},
  title = {Statistical Text Processing},
  journal = {The {Bell System} Technical Journal},
  number = {6},
  volume = {57}, 
  pages = {2137--2154},
  year = {1978}
}

@book{mahoney,
  author = {Michael Sean Mahoney},
  title = {An Oral History of Unix (Version v1.0-site)},
  keywords = {Unix,  Interview},
  language = {en},
  title = {An Oral History of Unix},
  publisher = {Zenodo},
  year = {1998},
  doi = {10.5281/zenodo.2525530},
  copyright = {Open Access}
}

@article{oflazer96,
  author = {Kemal Oflazer},
  title = {Error-tolerant finite-state recognition with applications to morphological analysis and spelling correction},
  journal = {Computational Linguistics},
  number = {1},
  volume = {22},
  pages = {73--89},
  year = {1996}
}

@inproceedings{oflazer1994,
  doi = {10.3115/974358.974406},
  url = {https://doi.org/10.3115/974358.974406},
  year = {1994},
  publisher = {Association for Computational Linguistics},
  author = {Kemal Oflazer and Cemaleddin G\"{u}zey},
  title = {Spelling correction in agglutinative languages},
  booktitle = {Proceedings of the fourth conference on Applied natural language processing}
}

@article{lucchesi1993,
  doi = {10.1002/spe.4380230103},
  url = {https://doi.org/10.1002/spe.4380230103},
  year = {1993},
  month = jan,
  publisher = {Wiley},
  volume = {23},
  number = {1},
  pages = {15--30},
  author = {Cl{\'{a}}udio L. Lucchesi and Tomasz Kowaltowski},
  title = {Applications of finite automata representing large vocabularies},
  journal = {Software: Practice and Experience}
}

@Article{dunlavey1981,
  author = {Michael R. Dunlavey},
  title = {Letter to the {Editor}: On Spelling Correction and Beyond},
  journal = {ACM},
  volume = {24},
  number = {9},
  pages = {608--608},
  month = {sep},
  year = {1981}
}

@article{yannakoudakis1983,
  doi = {10.1016/0306-4573(83)90046-8},
  url = {https://doi.org/10.1016/0306-4573(83)90046-8},
  year = {1983},
  month = {jan},
  publisher = {Elsevier {BV}},
  volume = {19},
  number = {2},
  pages = {101--108},
  author = {Emmanuel J. Yannakoudakis and David Fawthrop},
  title = {An intelligent spelling error corrector},
  journal = {Information Processing {\&} Management}
}

@article{yannakoudakis1983b,
  doi = {10.1016/0306-4573(83)90045-6},
  url = {https://doi.org/10.1016/0306-4573(83)90045-6},
  year = {1983},
  month = {jan},
  publisher = {Elsevier {BV}},
  volume = {19},
  number = {2},
  pages = {87--99},
  author = {Emmanuel J. Yannakoudakis and David Fawthrop},
  title = {The rules of spelling errors},
  journal = {Information Processing {\&} Management}
}

@article{kim1992,
  doi = {10.1016/0304-3975(92)90138-6},
  url = {https://doi.org/10.1016/0304-3975(92)90138-6},
  year = {1992},
  month = {jan},
  publisher = {Elsevier {BV}},
  volume = {92},
  number = {1},
  pages = {107--117},
  author = {Jong Yong Kim and John Shawe-Taylor},
  title = {An approximate string-matching algorithm},
  journal = {Theoretical Computer Science}
}

@article{kim1994,
  doi = {10.1002/spe.4380240105},
  url = {https://doi.org/10.1002/spe.4380240105},
  year = {1994},
  month = {jan},
  publisher = {Wiley},
  volume = {24},
  number = {1},
  pages = {79--88},
  author = {Jong Yong Kim and John Shawe-Taylor},
  title = {Fast string matching using an n-gram algorithm},
  journal = {Software: Practice and Experience}
}

@article{ingels1996,
  author    = {Peter Ingels},
  title     = {Connected Text Recognition Using Layered HMMs and Token Passing},
  journal   = {CoRR},
  volume    = {cmp-lg/9607036},
  year      = {1996},
  url       = {http://arxiv.org/abs/cmp-lg/9607036}
}

@incollection{deffner1990,
  doi = {10.1007/978-3-642-76070-9_27},
  url = {https://doi.org/10.1007/978-3-642-76070-9_27},
  year = {1990},
  publisher = {Springer Berlin Heidelberg},
  pages = {221--225},
  author = {Renate Deffner and Klaus Eder and Hans Geiger},
  title = {Word Recognition as a First Step Towards Natural Language Processing with Artificial Neural Networks},
  booktitle = {Konnektionismus in Artificial Intelligence und Kognitionsforschung}
}

@article{hodge2003,
  doi = {10.1109/tkde.2003.1232265},
  url = {https://doi.org/10.1109/tkde.2003.1232265},
  year = {2003},
  month = {sep},
  publisher = {Institute of Electrical and Electronics Engineers ({IEEE})},
  volume = {15},
  number = {5},
  pages = {1073--1081},
  author = {Victoria J. Hodge and Jim Austin},
  title = {A comparison of standard spell checking algorithms and a novel binary neural approach},
  journal = {{IEEE} Transactions on Knowledge and Data Engineering}
}

@article{hodge2002,
  doi = {10.1016/s0031-3203(01)00174-1},
  url = {https://doi.org/10.1016/s0031-3203(01)00174-1},
  year = {2002},
  month = {nov},
  publisher = {Elsevier {BV}},
  volume = {35},
  number = {11},
  pages = {2571--2580},
  author = {Victoria J. Hodge and Jim Austin},
  title = {A comparison of a novel neural spell checker and standard spell checking algorithms},
  journal = {Pattern Recognition}
}

@Patent{brill2005,
 author = {Eric D. Brill and Silviu-Petru Cucerzan},
 title = {Systems and methods for spell checking},
 holder = {Microsoft Corporation},
 year = {2005},
 month = {9},
 day = {21},
 number = {EP1577793A2},
 howpublished = {Dep처sito: 14 mar. 2005. Concess찾o: 21 nov. 2005},
 type = {Patent},
 location = {EU},
 url = {https://patents.google.com/patent/EP1577793A2/en}
}

@article{yunus2020,
  doi = {10.5120/ijca2020920288},
  url = {https://doi.org/10.5120/ijca2020920288},
  year = {2020},
  month = jun,
  publisher = {Foundation of Computer Science},
  volume = {176},
  number = {27},
  pages = {36--41},
  author = {Ahmed Yunus and Md Masum},
  title = {A Context Free Spell Correction Method using Supervised Machine Learning Algorithms},
  journal = {International Journal of Computer Applications}
}

@Patent{cameron2013,
 author = {Michael Cameron and Hugh Williams},
 title = {Query suggestions for no result web searches},
 holder = {Microsoft Corporation},
 year = {2013},
 month = {9},
 day = {12},
 number = {US8583670B2},
 type = {Patent},
 location = {US},
 howpublished = {Dep처sito: 4 out. 2007. Concess찾o: 9 abr. 2009},
 url = {https://patents.google.com/patent/US8583670B2/en}
}

@Patent{shazeer2007,
 author = {Noam Shazeer},
 title = {Method of spell-checking search queries},
 holder = {Google Inc.},
 year = {2007},
 month = {3},
 day = {20},
 number = {US7194684B1},
 type = {Patent},
 location = {US},
 howpublished = {Dep처sito: 9 abr. 2002. Concess찾o: 20 mar. 2007},
 url = {https://patents.google.com/patent/US7194684B1/en}
}



