@misc{anuies,
	title = {Seminario: {Gestión} de la {Tecnología} {Educativa} – {Plataformas} y recursos digitales ante la contingencia de la {Covid}-19},
	url = {https://recursosdigitales.anuies.mx/seminario-gestion-de-la-tecnologia-educativa/},
	urldate = {2021-06-19},
	author = {{ANUIES} and {ANUIES-TIC} and {REDLATE} and {CUDI}},
}
@article{briztena2020,
	title = {Recomendaciones para abordar la dimensión socioafectiva en la enseñanza remota de emergencia},
	url = {https://www.revista.unam.mx/prensa/recomendaciones-para-abordar-la-dimension-socioafectiva-en-la-ensenanza-remota-de-emergencia/},
	urldate = {2021-06-19},
	journal = {Revista Digital Universitaria },
	author = {Briz Tena, Oliva and Escamilla de los Santos, osé Guadalupe and Galván Aguilar, Nancy Araceli and García Gómez, Angélica and García Sánchez, Rubén and Garrido Harfuch, Mariana and González Durán, Arely and Infanzón Talango, Héctor Manuel and Luna de la Luz, Verónica},
	month = jul,
	year = {2020}
}
@article{cejasmartinez2019,
	title = {Formación por competencias: {Reto} de la educación superior},
	volume = {25},
	url = {http://190.168.72.25/ojs3212/index.php/rcs/article/view/27298},
	doi = {10.31876/rcs.v25i1.27298},
	number = {1},
	urldate = {2021-06-19},
	journal = {Revista de Ciencias Sociales},
	author = {Cejas, Magda and Rueda, María José and Cayo, Luis Efraín and Villa Andrade, Luisa Carolina},
	month = aug,
	year = {2019},
	pages = {94-101}
}
@techreport{goodman2015,
	title = {American´s skills challenge: {Millennials} and the future, educational testing service},
	url = {https://www.ets.org/s/research/30079/asc-millennials-and-the-future.pdf},
	urldate = {2021-06-19},
	institution = {Educational Testing Service},
	author = {Goodman, Madeline J. and Sands, Anita M.  and Coley, Richard J. },
	year = {2015}
}
@misc{davis2015,
	title = {The {Class} of 2015: {Despite} an {Improving} {Economy}, {Young} {Grads} {Still} {Face} an {Uphill} {Climb}},
	url = {https://www.epi.org/publication/the-class-of-2015/},
	urldate = {2021-06-19},
	journal = {Economic Policy Institute},
	author = {Davis, Alyssa  and Kimball, Will  and Gould, Elise},
	year = {2015}
}
@misc{deurquijo2020,
	title = {Seminario: {Como} prepararse ante contingencias en instituciones educativas – {Plataformas} y recursos digitales ante la contingencia de la {Covid}-19},
	url = {https://recursosdigitales.anuies.mx/seminario-como-prepararse-ante-contingencias-en-instituciones-educativas/},
	urldate = {2021-06-19},
	author = {De Urquijo, Carmona},
	year = {2020}
}

@article{escuderonahon2021,
	title = {Metasíntesis sobre la narrativa educativa durante la pandemia por {COVID}-19},
	url = {http://dialogossobreeducacion.cucsh.udg.mx/index.php/DSE/article/view/849},
	doi = {10.32870/dse.v0i22.849},
	number = {22},
	urldate = {2021-06-19},
	journal = {Diálogos sobre educación},
	author = {Escudero-Nahón, Alexandro},
	month = dec,
	year = {2021}
}

@incollection{escuderohanon-ramirez2021,
	title = {El modelo y sus marcos},
	url = {https://repositorio.tec.mx/handle/11285/637144},
	urldate = {2021-06-19},
	booktitle = {Modelo de continuidad de servicios educativos ante un contexto de emergencia y sus etapas de crisis},
	publisher = {CUDI- ANUIES},
	author = {Escudero-Hanón, Alexandro and Ramírez Montoya, María Soledad},
	month = feb,
	year = {2021},
	pages = {19-29}
}
@misc{guerra2020,
	title = {Seminario: {Gestión} de la {Tecnología} {Educativa} – {Plataformas} y recursos digitales ante la contingencia de la {Covid}-19},
	url = {https://recursosdigitales.anuies.mx/seminario-gestion-de-la-tecnologia-educativa/},
	urldate = {2021-06-19},
	author = {Guerra, A. and Saldivar, B. A. and Palacios, B. and Enriquez, F.},
	year = {2020}
}
@inproceedings{huertacuervo2020,
	title = {Competencias socioafectivas e innovación en ambientes virtuales},
	url = {https://dialnet.unirioja.es/servlet/articulo?codigo=7842398},
	urldate = {2021-06-19},
	booktitle = {Conference proceedings {CIVINEDU} 2020: 4th {International} {Virtual} {Conference} on {Educational} {Research} and {Innovation} {September} 23-24, 2020, 2020, {ISBN} 978-84-09-22966-6, págs. 360-361},
	publisher = {REDINE (Red de Investigación e Innovación Educativa)},
	author = {Huerta Cuervo, Rocío  and Jostal, Emanuel},
	year = {2020},
	pages = {360-361}
}
@article{asuninostroza2013,
	title = {La formación por competencias y los estudiantes: confluencias y divergencias en la construcción del docente ideal.},
	url = {https://www.calidadenlaeducacion.cl/index.php/rce/article/view/112},
	doi = {10.31619/caledu.n38.112},
	number = {38},
	urldate = {2021-06-19},
	journal = {Calidad en la Educación},
	author = {Inostroza, Rodrigo and Zuñiga Rivas, Claudia and Ayala Reyes, María Constanza},
	month = mar,
	year = {2013},
	pages = {277}
}
@misc{lopez2021,
	title = {Experiencias internacionales de apoyo a la educación durante la emergencia sanitaria por covid-19. {Balance} y aportaciones para {México} {\textbar} {SITEAL}},
	url = {https://siteal.iiep.unesco.org/investigacion/3588/experiencias-internacionales-apoyo-educacion-durante-emergencia-sanitaria-covid},
	urldate = {2021-06-19},
	author = {López , Francisco Miranda  and Melgar, Giulianna Mendieta },
	year = {2021},
	note = {publisher: Comisión Nacional para la Mejora Continua de la Educación},
}
@article{mikulic2015,
	title = {Construcción y validación del {Inventario} de {Competencias} {Socioemocionales} para {Adultos} ({ICSE})},
	volume = {32},
	url = {http://www.redalyc.org/articulo.oa?id=18043528007},
	doi = {10.16888/interd.2015.32.2.7},
	number = {2},
	urldate = {2021-06-19},
	journal = {Interdisciplinaria: Revista de Psicología y Ciencias Afines},
	author = {Mikulic, Isabel María and Crespi, Melina and Radusky, Pablo},
	month = dec,
	year = {2015}
}
@online{mosquedaallegri2016,
	title = {Método {SCAMPER}: cómo se aplica, verbos y ejemplos},
	url = {https://www.lifeder.com/metodo-scamper/},
	urldate = {2021-06-19},
	journal = {Lifeder},
	author = {Mosqueda Allegri, Victor },
	month = nov,
	year = {2016}
}
@article{oliveri2017,
	title = {Continuing a {Culture} of {Evidence}: {Expanding} {Skills} in {Higher} {Education}: {Expanding} {Skills} in {Higher} {Education}},
	volume = {2017},
	url = {http://doi.wiley.com/10.1002/ets2.12137},
	doi = {10.1002/ets2.12137},
	number = {1},
	urldate = {2021-06-19},
	journal = {ETS Research Report Series},
	author = {Oliveri, María Elena and Markle, Ross},
	month = dec,
	year = {2017},
	pages = {1-8}
}
@misc{romagnoli2007,
	title = {¿{Qué} son las habilidades socioafectivas y éticas?},
	url = {http://valoras.uc.cl/images/centro-recursos/equipo/ValoresEticaYDesarrolloSocioemocional/Documentos/Que-son-las-habilidades-socioafectivas-y-eticas.pdf},
	urldate = {2021-06-19},
	publisher = {Revista Valoras},
	author = {Romagnoli, Claudia and Mena, Isidora and Valdés, Ana María },
	year = {2007}
}
@online{secretaria2018,
	title = {Las habilidades socioemocionales en el nuevo modelo educativo},
	url = {https://www.gob.mx/cms/uploads/attachment/file/264246/Las_HSE_en_en_nuevo_modelo_educativo.pdf},
	urldate = {2021-06-19},
	author = {{Secretaría de Educación Pública}},
	year = {2018}
}
@book{plattner2012,
	title = {Guía del proceso creativo. {Mini} guía: una introducción al {Design} {Thinking} + {Bootcamp} bootleg},
	url = {https://repositorio.uesiglo21.edu.ar/handle/ues21/14439},
	urldate = {2021-06-19},
	publisher = {Instituto de Diseño de Stanford},
	author = {Plattner, Hasso},
	year = {2012}
}
@article{correa2002,
	title = {Educación socioafectiva y prevención de conflictos interpersonales en los centros escolares},
	url = {https://dialnet.unirioja.es/servlet/articulo?codigo=249640},
	number = {44},
	urldate = {2021-06-19},
	journal = {Revista interuniversitaria de formación del profesorado: RIFOP},
	author = {Correa, Antonio García and Torres, María Victoria Trianes},
	year = {2002},
	pages = {175-189}
}
@article{ramirez2021,
	title = {Modelo de continuidad de servicios educativos ante un contexto de emergencia y sus etapas de crisis},
	url = {https://repositorio.tec.mx/handle/11285/637197},
	urldate = {2021-06-19},
	author = {Ramírez Montoya, María Soledad and Escudero Nahón, Alexandro and Vicario Solórzano, Claudia Marina and Huerta Cuervo, Rocío},
	month = may,
	year = {2021}
}
@article{zurbriggen2020,
	title = {Innovación y co-creación: nuevos desafíos para las políticas públicas},
	volume = {3},
	url = {https://revistas.uv.cl/index.php/rgp/article/view/2245},
	doi = {10.22370/rgp.2014.3.2.2245},
	number = {2},
	urldate = {2021-06-19},
	journal = {Revista de Gestión Pública},
	author = {Zurbriggen, Cristina and González Lago, Mariana},
	month = jun,
	year = {2020},
	pages = {329}
}
%COLEY, R.J.; GOODMAN, M. J.; SANDS, A. M. American ́s skills challenge: Millennials and the future, educational testing service, Disponible en: <https://www.ets.org/research30079/ask-millenials-and- the- future. pdf>.
@misc{coley,
	title = {American ́s skills challenge: Millennials and the future, educational testing service},
	url = {https://www.ets.org/research30079/ask-millenials-and-the-future.pdf},
	urldate = {2021-06-19},
	author = {Coley, R. J. and Goodman, M. J. and Sands, A. M.},
	year = {2015}
}
%TORRES, M. V.; ANTONIO, G. C. Educación socioafectiva y prevención de conflictos interpersonales en los centros escolaes. Revista Interuniversitaria de Formación del Profesorado, p. 175-189, 2012.
@article{torres2012,
	title = {Educación socioafectiva y prevención de conflictos interpersonales en los centros escolaes},
	journal = {Revista Interuniversitaria de Formación del Profesorado},
	author = {Torres, M. V. and Antonio, G. C.},
	year = {2012},
	pages = {175-189}
}

%VICARIO S., C.M., (Coord.). Modelo de continuidad de servicios educativos ante contextos de emergencia y de crisis: ANUIES-CUDI. 2021. p. 19-30.
@misc{vicario,
	title = { Modelo de continuidad de servicios educativos ante contextos de emergencia y de crisis: {ANUIES-CUDI}},
	author = {Vicario, S.},
	year = {2021},
	pages = {19-30}
}

%FERNÁNDEZ, O.; LUQUEZ, P.; LEAL, E. Procesos socioafectivos asociados al aprendizaje y práctica de valores en el ámbito escolar. Revista de Estudios Interdisciplinarios en Ciencias Sociales, p. 63-78. 2010.
@article{fernandez2010,
	title = {Procesos socioafectivos asociados al aprendizaje y práctica de valores en el ámbito escolar},
	journal = {Revista de Estudios Interdisciplinarios en Ciencias Sociales},
	author = {Fernández, O. and Luquez, P. and Leal, E.},
	year = {2010},
	pages = {63-78}
}

%MOSQUEDA, V. M. Método SCAMPER: cómo se aplica, verbos y ejemplos. Lifeder.com. Disponible en: <https://www.lifeder.com/metodo-scamper/>. Consultado el 20 feb 2021.
@misc{mosqueda,
	title = {Método {SCAMPER}: cómo se aplica, verbos y ejemplos},
	author = {Mosqueda, V. M.},
	year = {2021},
	url = {https://www.lifeder.com/metodo-scamper/},
	urldate = {2021-02-20}
}
