@PhdThesis{barbosa2016,
author = {{Fernando da Costa} Barbosa},
title = {Rede de Aprendizagem em Robótica: uma perspectiva educativa de trabalho com jovens},
school = {Curso de Doutorado em Educação, Universidade Federal de Uberlândia},
year = {2016},
address = {Uberlândia}
}

@Article{ben2019,
author = {{Marina de Souza Dal} Ben and Cristina Paludo Santos},
title = {Tecendo espaços e experiências no campo da robótica educacional},
journal = {Vivências},
year = {2019},
volume = {16},
number = {30},
pages = {173--191},
url = {http://revistas.uri.br/index.php/vivencias/issue/view/6},
urldate = {2020-09-28}
}

@book{brasil2000,
  title={Sociedade da informa{\c{c}}{\~a}o no Brasil: livro verde},
  author={Tadao Takahashi and Brasil. Minist{\'e}rio da Ci{\^e}ncia e Tecnologia and Programa Sociedade da Informa{\c{c}}{\~a}o (Brazil)},
  isbn={9788588063013},
  lccn={2005340445},
  year={2000},
  publisher={Minist{\'e}rio da Ci{\^e}ncia e Tecnologia}
}

@online{brasil2018,
author = {Brasil},
title = {Base Nacional Comum Curricular},
note = {Ministério da Educação e Cultura},
url = {http://basenacionalcomum.mec.gov.br/images/BNCC_EI_EF_110518_versaofinal_site.pdf},
urldate = {2020-09-28},
year = {2018}
}

@MastersThesis{campos2005,
author = {F. R. Campos},
title = {Robótica pedagógica e inovação educacional: uma experiência no uso de novas tecnologias na sala de aula},
school = {Universidade Presbiteriana Mackenzie},
year = {2005},
address = {São Paulo}
}

@article{carvalho2019,
 author = {Letícia Carvalho},
 title = {Pesquisa da UnB mostra que 30 milhões de empregos serão substituídospor robôs até 2026},
 journal = {G1},
 url = {https://g1.globo.com/df/distrito-federal/noticia/2019/02/03/pesquisa-da-unb-mostra-que-30-milhoes-de-empregos-serao-substituidos-por-robos-ate-2026.ghtml},
 urldate = {2020-08-09},
 year = {2019},
}

@misc{thenorio,
title = {Como fazer um Robô que dirige sozinho},
url = {https://www.youtube.com/watch?v=5KwH-bQYOEc},
urldate = {2020-07-04},
author = {THENÓRIO, I},
collaborator = {SOUZA, F. A.},
}

@PhdThesis{lopes2008,
author = {D. Q. Lopes},
title = {Exploração de modelos e o nível de abstração nas construções criativas com Robótica Educacional},
school = {Curso de doutorado em Informática na Educação), Universidade Federal do Rio Grande do Sul},
year = {2008},
address = {Porto Alegre}
}

@Book{pazos2002,
author = {Fernando Pazos},
editor = {},
title = {Automação de Sistemas \& Robótica},
publisher = {Axcel Books},
year = {2002}
}

@Article{silva2016,
author = {{Carolina Cajazeira de Melo} Silva and Josualdo Junior Dias da Silva and Eduardo Manuel de Freitas Jorge and Débora Abdalla Santos and Hugo Saba},
title = {A revolução da robótica utilizando lixo eletrônico no ensino básico: formação ampliada e menor vulnerabilidade de jovens à violência nas escolas públicas},
journal = {Revista do Laboratório de Estudos da Violência da Unesp/Marília},
year = {2016},
volume = {1},
number = {17},
pages = {75--89},
}

@misc{papert1980,
title = {The {Future} of {School}},
url = {http://www.papert.org/articles/freire/freirePart1.html},
urldate = {2018-10-25},
author = {Papert, Seymour and Freire, Paulo},
year = {1980},
}

@Article{mill2009,
author = {Daniel Mill and Danilo César},
title = {Robótica pedagógica livre: sobre inclusão sócio-digital e democratização do conhecimento},
journal = {Perspectiva},
year = {2009},
volume = {27},
number = {1},
address = {Florianópolis},
pages = {217--248},
}

@InBook{santos2019,
author = {Paulo Gabriel Franco dos Santos},
editor = {Deise Aparecida Peralta},
title = {Robótica e Processos Formativos: da epistemologia aos kits},
chapter = {Reflexões filosóficas em tecnologia para um pensar dialético: do encantamento à profanação},
publisher = {Editora Fi},
year = {2019},
address = {Porto Alegre},
pages = {15--29},
url = {https://www.researchgate.net/profile/Deise_Peralta/publication/337473511_Robotica_e_Processos_Formativos_da_epistemologia_aos_kits_Org/links/5e6690d692851c7ce05519a0/Robotica-e-Processos-Formativos-da-epistemologia-aos-kits-Org.pdf},
urldate = {2020-09-28}
}


