@incollection{mendoza_fillola_funcion_1999,
	address = {Castilla la Mancha},
	title = {Función de la {Literatura} infantil y juvenil en la formación de la competencia literaria},
	booktitle = {Literatura infantil y su didáctica},
	publisher = {Ediciones de la Universidad de Castilla-La Mancha},
	author = {Mendoza Fillola, Antonio and Cerrillo Torremocha, Pedro César and García Padrino, Jaime},
	year = {1999},
	pages = {11--54},
}

@incollection{arizpe_critical_2008,
	address = {New York, NY},
	title = {A critical review of research into children’s responses to multimodal texts},
	booktitle = {Handbook of teaching literacy through the communicative and visual arts: {Volume} {II}},
	publisher = {Lawrence Erlbaum Associates},
	author = {Arizpe, Evelyn and Styles, Morag},
	editor = {Flood, James and Heath, Shirley Brice and Lapp, Diane},
	year = {2008},
	pages = {363--373},
}

@article{avgerinou_review_1997,
	title = {A {Review} of the {Concept} of {Visual} {Literacy}},
	volume = {28},
	issn = {0007-1013, 1467-8535},
	url = {https://onlinelibrary.wiley.com/doi/10.1111/1467-8535.00035},
	doi = {10.1111/1467-8535.00035},
	number = {4},
	urldate = {2023-01-12},
	journal = {British Journal of Educational Technology},
	author = {Avgerinou, Maria and Ericson, John},
	month = oct,
	year = {1997},
	pages = {280--291},
}

@incollection{arizpe_picturebooks_2017,
	address = {Londres},
	title = {Picturebooks and literacy studies},
	booktitle = {The {Routledge} {Companion} to {Picturebooks}},
	publisher = {Routledge},
	author = {Arizpe, Evelyn and Farrar, Jennifer and Mcadam, Julie},
	editor = {Kümmerling-Meibauer, Bettina},
	year = {2017},
	pages = {371--380},
}

@phdthesis{badenas_roig_cuento_2015,
	address = {Valencia (Spain)},
	title = {El {Cuento} en la enseñanza del francés como lengua extranjera.},
	url = {https://riunet.upv.es/handle/10251/59064},
	urldate = {2023-01-12},
	school = {Universitat Politècnica de València},
	author = {Badenas Roig, Sonia Rut},
	month = dec,
	year = {2015},
	doi = {10.4995/Thesis/10251/59064},
}

@article{birketveit_picture_2015,
	title = {Picture books in {EFL}; vehicles of culture and visual literacy},
	volume = {3},
	issn = {1894-2245},
	url = {https://journal.uia.no/index.php/NJLTL/article/view/108},
	doi = {10.46364/njmlm.v3i1.108},
	number = {1},
	urldate = {2023-01-12},
	journal = {Nordic Journal of Modern Language Methodology},
	author = {Birketveit, Anna},
	month = jan,
	year = {2015},
}

@book{byram_teaching_1997,
	address = {Clevedon: Philadelphia},
	series = {Multilingual matters},
	title = {Teaching and assessing intercultural communicative competence},
	isbn = {9781853593789 9781853593772},
	publisher = {Multilingual Matters},
	author = {Byram, Michael},
	year = {1997},
}

@book{byram_teaching_2021,
	title = {Teaching and {Assessing} {Intercultural} {Communicative} {Competence}: {Revisited}},
	isbn = {9781800410251},
	url = {https://www.degruyter.com/document/doi/10.21832/9781800410251/html},
	urldate = {2023-01-12},
	publisher = {Multilingual Matters},
	author = {Byram, Michael},
	month = dec,
	year = {2021},
	doi = {10.21832/9781800410251},
}

@article{canagarajah_translanguaging_2011,
	title = {Translanguaging in the classroom: {Emerging} issues for research and pedagogy},
	volume = {2},
	issn = {1868-6311, 1868-6303},
	shorttitle = {Translanguaging in the classroom},
	url = {https://www.degruyter.com/document/doi/10.1515/9783110239331.1/html},
	doi = {10.1515/9783110239331.1},
	number = {2011},
	urldate = {2023-01-12},
	journal = {Applied Linguistics Review},
	author = {Canagarajah, Suresh},
	month = may,
	year = {2011},
	pages = {1--28},
}

@article{cardenas_curiel_imagining_2021,
	title = {Imagining {Multimodal} and {Translanguaging} {Possibilities} for {Authentic} {Cultural} {Writing} {Experiences}},
	volume = {11},
	issn = {21534799},
	url = {https://research.library.fordham.edu/jmer/vol11/iss1/6},
	doi = {10.5422/jmer.2021.v11.79-102},
	urldate = {2023-01-12},
	journal = {Journal of Multilingual Education Research},
	author = {Cárdenas Curiel, Lucía  and Ponzio, Christina M.},
	month = nov,
	year = {2021},
	pages = {79--102},
}

@phdthesis{carrascal_martin_fabula_2015,
	address = {Facultad de Educación y Trabajo Social},
	type = {Trabajo fin de {Grado}},
	title = {La fábula como instrumento didáctico y su trabajo a partir de la dramatización},
	copyright = {info:eu-repo/semantics/openAccess},
	url = {https://uvadoc.uva.es/handle/10324/14647},
	urldate = {2023-01-12},
	school = {Universidad de Valladolid},
	author = {Carrascal Martín, María},
	year = {2015},
}

@article{cassany_aproximacion_2010,
	title = {Aproximación a la literacidad crítica literacidad},
	volume = {28},
	issn = {2175-795X, 0102-5473},
	url = {https://periodicos.ufsc.br/index.php/perspectiva/article/view/2175-795X.2010v28n2p353},
	doi = {10.5007/2175-795X.2010v28n2p353},
	number = {2},
	urldate = {2023-01-12},
	journal = {Perspectiva},
	author = {Cassany, Daniel and Castellà, Josep},
	month = jul,
	year = {2010},
	pages = {353--374},
}

@article{cenoz_minority_2017,
	title = {Minority languages and sustainable translanguaging: threat or opportunity?},
	volume = {38},
	issn = {0143-4632, 1747-7557},
	url = {https://www.tandfonline.com/doi/full/10.1080/01434632.2017.1284855},
	doi = {10.1080/01434632.2017.1284855},
	number = {10},
	urldate = {2023-01-12},
	journal = {Journal of Multilingual and Multicultural Development},
	author = {Cenoz, Jasone and Gorter, Durk},
	month = nov,
	year = {2017},
	pages = {901--912},
}

@article{chen_reconstructing_2017,
	title = {Reconstructing classical {Chinese} fables through modern adaptations: a functional comparative study},
	volume = {27},
	issn = {1035-0330, 1470-1219},
	shorttitle = {Reconstructing classical {Chinese} fables through modern adaptations},
	url = {https://www.tandfonline.com/doi/full/10.1080/10350330.2016.1169610},
	doi = {10.1080/10350330.2016.1169610},
	number = {2},
	urldate = {2023-01-12},
	journal = {Social Semiotics},
	author = {Chen, Yumin},
	month = mar,
	year = {2017},
	pages = {145--157},
}

@incollection{coyle_exploring_2020,
	address = {Cambridge},
	title = {Exploring the {Potential} of a {Pluriliteracies} {Approach}},
	booktitle = {Curriculum {Integrated} {Language} {Teaching}: {CLIL} in {Practice}},
	publisher = {Cambridge University Press},
	author = {Coyle, Do},
	editor = {Coyle, Do and Cross, Russel and Chambers, Gary N.},
	year = {2020},
	pages = {187--204},
}

@book{coyle_beyond_2021,
	edition = {1},
	title = {Beyond {CLIL}: {Pluriliteracies} {Teaching} for {Deeper} {Learning}},
	isbn = {9781108914505 9781108830904 9781108823722},
	shorttitle = {Beyond {CLIL}},
	url = {https://www.cambridge.org/core/product/identifier/9781108914505/type/book},
	urldate = {2023-01-12},
	publisher = {Cambridge University Press},
	author = {Coyle, Do and Meyer, Oliver},
	month = jul,
	year = {2021},
	doi = {10.1017/9781108914505},
}

@misc{currriculo_de_educacion_artistica_competencias_2022,
	title = {Competencias específicas y criterios de evaluación del currículo de {Educación} artística de {Primaria}},
	url = {https://docs.google.com/document/d/1xJsoGtnQeeTR4Oi6xsb3ywEMbj-s0Ezm4OOQAU-406E/edit?usp=embed_facebook},
	urldate = {2023-01-12},
	journal = {Material complementario que desarrolla el currículo de las enseñanzas de la etapa de Educación Primaria en la Comunidad Foral de Navarra (BON 130, de 1 de julio de 2022)},
	author = {{Currriculo de Educación Artística}},
	year = {2022},
}

@book{de_saint-exupery_principito_2008,
	address = {Barcelona},
	title = {El principito},
	publisher = {Salamandra},
	author = {De Saint-Exupéry, Antoine},
	year = {2008},
}

@article{dido_fabula_2008,
	title = {La fábula en la educación de adultos},
	volume = {47},
	issn = {1681-5653, 1022-6508},
	url = {https://dialnet.unirioja.es/servlet/articulo?codigo=2730290},
	number = {Extra 2},
	urldate = {2023-01-12},
	journal = {Revista Iberoamericana de Educación},
	author = {Dido, Juan Carlos},
	year = {2008},
	pages = {5},
}

@book{estebanez_calderon_breve_2015,
	address = {Madrid},
	edition = {Segunda edición},
	title = {Breve diccionario de términos literarios},
	isbn = {9788491041832},
	publisher = {Alianza},
	author = {Estébanez Calderón, Demetrio and Estébanez, Cristina},
	year = {2015},
}

@incollection{ommundsen_challenging_2021,
	address = {London},
	edition = {1},
	title = {Challenging picturebooks and literacy studies},
	isbn = {9781003013952},
	shorttitle = {Exploring {Challenging} {Picturebooks} in {Education}},
	url = {https://www.taylorfrancis.com/books/9781003013952},
	urldate = {2023-01-12},
	booktitle = {Exploring {Challenging} {Picturebooks} in {Education}: {International} {Perspectives} on {Language} and {Literature} {Learning}},
	publisher = {Routledge},
	author = {Farrar, Jennifer and Arizpe, Evelyn and Mcadam, Julie},
	editor = {Ommundsen, Åse Marie and Haaland, Gunnar and Kümmerling-Meibauer, Bettina},
	month = jun,
	year = {2021},
	doi = {10.4324/9781003013952},
	pages = {43--56},
}

@article{garcia_translanguaging_2020,
	title = {Translanguaging and {Literacies}},
	volume = {55},
	issn = {0034-0553, 1936-2722},
	url = {https://onlinelibrary.wiley.com/doi/10.1002/rrq.286},
	doi = {10.1002/rrq.286},
	number = {4},
	urldate = {2023-01-12},
	journal = {Reading Research Quarterly},
	author = {García, Ofelia and Kleifgen, Jo Anne},
	month = oct,
	year = {2020},
	pages = {553--571},
}

@article{gonzalez_garcia_enfoque_2018,
	title = {El enfoque multimodal del proceso de alfabetización},
	volume = {34},
	issn = {1982-6621, 0102-4698},
	url = {http://www.scielo.br/scielo.php?script=sci_arttext&pid=S0102-46982018000100148&lng=es&tlng=es},
	doi = {10.1590/0102-4698177266},
	number = {0},
	urldate = {2023-01-12},
	journal = {Educação em Revista},
	author = {González García, Javier},
	month = jul,
	year = {2018},
}

@misc{greenwood_boy_2020,
	title = {The {Boy}, the {Mole}, the {Fox}, and the {Horse} by {Charlie} {Mackesy}: {A} {Review} and the {Need} for {Connection}},
	shorttitle = {The {Boy}, the {Mole}, the {Fox}, and the {Horse} by {Charlie} {Mackesy}},
	url = {https://www.janicegreenwood.com/2020/11/the-boy-the-mole-the-fox-and-the-horse-by-charlie-mackesy-a-review-and-the-need-for-connection/},
	urldate = {2023-01-12},
	journal = {Janice Greenwood},
	author = {Greenwood, Janice},
	month = nov,
	year = {2020},
}

@book{mackesy2019boy,
  title={The boy, the mole, the fox and the horse},
  author={Mackesy, Charlie},
  year={2019},
  publisher={Random House}
}

@book{mackesy2020,
  title={El ni{\~n}o, el topo, el zorro y el caballo},
  author={Mackesy, C. and Sanz, L.V.},
  isbn={9788491295105},
  year = {2020b},
  publisher={Penguin Random House Grupo Editorial Espa{\~n}a}
}


@article{guijarro_zabalegui_valor_1998,
	title = {Valor literario-pedagógico de la fábula. {Estudio} comparativo de {Leonardo} da {Vinci} y {Félix} {María} {Samaniego}.},
	volume = {9},
	issn = {1988-2793},
	url = {https://revistas.ucm.es/index.php/RCED/article/view/RCED9898220327A},
	number = {2},
	urldate = {2023-01-12},
	journal = {Revista Complutense de Educación},
	author = {Guijarro Zabalegui, Mónica  and Sáez, Gloria López},
	month = jan,
	year = {1998},
	pages = {327--327},
}

@article{harper_using_2016,
	title = {Using picture books to promote social-emotional literacy},
	volume = {71},
	url = {https://www.jstor.org/stable/ycyoungchildren.71.3.80 },
	number = {3},
	urldate = {2023-01-12},
	journal = {YC Young Children},
	author = {Harper, Laurie J.},
	year = {2016},
	pages = {80--86},
}

@article{hassett_theories_2009,
	title = {Theories and {Practices} of {Multimodal} {Education}: {The} {Instructional} {Dynamics} of {Picture} {Books} and {Primary} {Classrooms}},
	volume = {63},
	issn = {0034-0561},
	shorttitle = {Theories and {Practices} of {Multimodal} {Education}},
	url = {https://www.jstor.org/stable/30249377},
	number = {4},
	urldate = {2023-01-12},
	journal = {The Reading Teacher},
	author = {Hassett, Dawnene D. and Curwood, Jen Scott},
	year = {2009},
	pages = {270--282},
}

@book{hoff_tao_1982,
	address = {New York, N.Y},
	title = {The {Tao} of {Pooh}},
	publisher = {Penguin Books},
	author = {Hoff, Benjamin},
	year = {1982},
	keywords = {Milne, A. A, Alan Alexander, Characters Winnie the Pooh, Milne, A. A, Alan Alexander, Religion, Winnie-the-Pooh, Children, Books and reading History, 20th century, Great Britain, Children's stories, English, History and criticism, Teddy bears in literature, Taoism in literature, Taoism},
}

@book{jalongo_young_2004,
	address = {Washington, DC},
	edition = {2nd ed},
	title = {Young children and picture books},
	isbn = {9781928896159},
	publisher = {National Association for the Education of Young Children},
	author = {Jalongo, Mary Renck},
	year = {2004},
	keywords = {Children, Books and reading, Picture books for children, Reading (Preschool)},
}

@article{jenkins_transmedia_2010,
	title = {Transmedia {Storytelling} and {Entertainment}: {An} annotated syllabus},
	volume = {24},
	issn = {1030-4312, 1469-3666},
	shorttitle = {Transmedia {Storytelling} and {Entertainment}},
	url = {https://www.tandfonline.com/doi/full/10.1080/10304312.2010.510599},
	doi = {10.1080/10304312.2010.510599},
	number = {6},
	urldate = {2023-01-12},
	journal = {Continuum},
	author = {Jenkins, Henry},
	month = dec,
	year = {2010},
	pages = {943--958},
}

@incollection{jewitt_introduction_2009,
	address = {London, UK},
	title = {An introduction to multimodality},
	booktitle = {The {Routledge} handbook of multimodal analysis},
	publisher = {Routledge},
	author = {Jewitt, Carey},
	editor = {Jewitt, Carey},
	year = {2009},
	pages = {14--27},
}

@article{kobierski_reality_2021,
	title = {The reality of living in a pandemic world. {Analyzing} reading preferences and language usage},
	volume = {7\&8},
	url = {http://www.currents.umk.pl/files/issues/7/kobierski-reality.pdf},
	urldate = {2023-01-12},
	journal = {Currents. A Journal of Young English Philology Thought and Review},
	author = {Kobierski, Miriam},
	year = {2021},
}

@article{korda_learning_2016,
	title = {Learning from “good pictures”: {Walter} {Crane}’s picture books and visual literacy},
	volume = {32},
	issn = {0266-6286, 1943-2178},
	shorttitle = {Learning from “good pictures”},
	url = {https://www.tandfonline.com/doi/full/10.1080/02666286.2016.1204131},
	doi = {10.1080/02666286.2016.1204131},
	number = {4},
	urldate = {2023-01-12},
	journal = {Word \& Image},
	author = {Korda, Andrea},
	month = oct,
	year = {2016},
	pages = {327--339},
}

@article{kress_partnerships_2011,
	title = {‘{Partnerships} in research’: multimodality and ethnography},
	volume = {11},
	issn = {1468-7941, 1741-3109},
	shorttitle = {‘{Partnerships} in research’},
	url = {http://journals.sagepub.com/doi/10.1177/1468794111399836},
	doi = {10.1177/1468794111399836},
	number = {3},
	urldate = {2023-01-12},
	journal = {Qualitative Research},
	author = {Kress, Gunther},
	month = jun,
	year = {2011},
	pages = {239--260},
}

@article{krug_how_2020,
	title = {How a surprise bestseller about kindness and vulnerability is bringing people together},
	issn = {0190-8286},
	url = {https://www.washingtonpost.com/entertainment/books/how-charlie-mackesys-the-boy-the-mole-the-fox-and-the-horse-became-a-surprise-bestseller/2020/01/14/1b85eade-3623-11ea-bf30-ad313e4ec754_story.html},
	urldate = {2023-01-12},
	journal = {Washington Post},
	author = {Krug, Nora},
	month = jan,
	year = {2020},
}

@incollection{kummerling-meibauer_picturebooks_2015,
	address = {London},
	title = {Picturebooks and early literacy: {How} do picturebooks support early conceptual and narrative development?},
	booktitle = {Learning from {Picturebooks}},
	publisher = {Routledge},
	author = {Kümmerling-Meibauer, Bettina and Meibauer, Jörg},
	editor = {Kümmerling-Meibauer, Bettina and Meibauer, Jörg},
	year = {2015},
	pages = {27--46},
}

@article{lopez_pena_propuesta_2022,
	title = {Una propuesta multimodal para la lectura de textos digitales en el contexto de la asignatura {Lengua} {Castellana} y {Literatura} en {Enseñanza} {Secundaria}},
	issn = {2340-8685, 2340-8685},
	url = {https://revistas.uma.es/index.php/revistaISL/article/view/14475},
	doi = {10.24310/isl.vi17.14475},
	number = {17},
	urldate = {2023-01-12},
	journal = {Investigaciones Sobre Lectura},
	author = {López Pena, Zósimo},
	month = jun,
	year = {2022},
	pages = {21--39},
}

@book{mackesy_nino_2020,
	title = {El niño, el topo, el zorro y el caballo},
	publisher = {Salani},
	author = {Mackesy, Charlie},
    isbn = {9788491294788},
	year = {2020b},
}


@book{dominguez_chillon_proyectos_2003,
	address = {Madrid},
	title = {Proyectos de trabajo: una escuela diferente},
	publisher = {La Muralla},
	author = {Domínguez Chillón, Gloria},
	year = {2003},
}

@incollection{martinez_etxarri_translanguaging_2022,
	address = {Batcelona},
	title = {Translanguaging and multimodality in the language classroom: {Expanding} teachers’ horizons},
	booktitle = {Didáctica de la lengua, multimodalidad y nuevos entornos de aprendizaje},
	publisher = {Graó },
	author = {Martínez Etxarri, Arantza and Martínez Arbelaiz, Asunción},
	editor = {Romera-Ciria, Magdalena and Bueno-Alastuey, Mª Camino},
	year = {2022},
	pages = {149--172},
}

@article{merida_serrano_aprender_2011,
	title = {Aprender investigando en la escuela y en la {Universidad}. {Una} experiencia de investigación-acción a partir del {Trabajo} por {Proyectos}},
	issn = {0213-7771, 2443-9991},
	url = {https://dialnet.unirioja.es/servlet/articulo?codigo=3651156},
	number = {73},
	urldate = {2023-01-12},
	journal = {Investigación en la escuela},
	author = {Mérida Serrano, Rosario  and Barranco, Bernardo and Criado, Enrrique and Fernández, N. and López, Raquel María and Pérez, I.},
	year = {2011},
	pages = {65--76},
}

@article{meyer_pluriliteracies_2015,
	title = {A pluriliteracies approach to content and language integrated learning – mapping learner progressions in knowledge construction and meaning-making},
	volume = {28},
	issn = {0790-8318, 1747-7573},
	url = {http://www.tandfonline.com/doi/abs/10.1080/07908318.2014.1000924},
	doi = {10.1080/07908318.2014.1000924},
	number = {1},
	urldate = {2023-01-12},
	journal = {Language, Culture and Curriculum},
	author = {Meyer, Oliver and Coyle, Do and Halbach, Ana and Schuck, Kevin and Ting, Teresa},
	month = jan,
	year = {2015},
	pages = {41--57},
}

@article{montaner_bueno_seleccion_2013,
	title = {Una selección de fábulas de {Esopo} y de la posterior tradición española: análisis y posibilidades didácticas de las mismas en las aulas de educación primaria},
	issn = {0213-1382},
	shorttitle = {Una selección de fábulas de {Esopo} y de la posterior tradición española},
	url = {https://dialnet.unirioja.es/servlet/articulo?codigo=4526666},
	number = {35},
	urldate = {2023-01-12},
	journal = {Estudios humanísticos. Filología},
	author = {Montaner Bueno, Andrés },
	year = {2013},
	pages = {63--73},
}

@article{pantaleo_language_2015a,
	title = {Language, literacy and visual texts},
	volume = {49},
	issn = {0425-0494, 1754-8845},
	url = {https://www.tandfonline.com/doi/full/10.1111/eie.12053},
	doi = {10.1111/eie.12053},
	number = {2},
	urldate = {2023-01-12},
	journal = {English in Education},
	author = {Pantaleo, Sylvia},
	month = jun,
	year = {2015a},
	pages = {113--129},
}

@article{pantaleo_primary_2015b,
	title = {Primary students’ understanding and appreciation of the artwork in picturebooks},
	volume = {16},
	issn = {1468-7984, 1741-2919},
	url = {http://journals.sagepub.com/doi/10.1177/1468798415569816},
	doi = {10.1177/1468798415569816},
	number = {2},
	urldate = {2023-01-12},
	journal = {Journal of Early Childhood Literacy},
	author = {Pantaleo, Sylvia},
	month = jun,
	year = {2015b},
	pages = {228--255},
}

@article{pantaleo_primary_2016-1,
	title = {Primary {Students} {Transgress} {Story} {World} {Boundaries} in {Their} {Multimodal} {Compositions}},
	volume = {30},
	issn = {0256-8543, 2150-2641},
	url = {https://www.tandfonline.com/doi/full/10.1080/02568543.2016.1143897},
	doi = {10.1080/02568543.2016.1143897},
	number = {2},
	urldate = {2023-01-12},
	journal = {Journal of Research in Childhood Education},
	author = {Pantaleo, Sylvia},
	month = apr,
	year = {2016},
	pages = {237--251},
}

@book{prinz_cuentos_2021,
	address = {Múnich},
	title = {Cuentos, leyendas y fábulas en la clase de {Español} como {Lengua} {Extranjera}},
	publisher = {GRIN Verlag},
	author = {Prinz, Dominik},
	year = {2021},
}

@misc{ministerio_de_educacion_y_formacion_profesional_real_2022,
	chapter = {1},
	title = {Real {Decreto} 157/2022, de 1 de marzo, por el que se establecen la ordenación y las enseñanzas mínimas de la {Educación} {Primaria}},
	url = {https://www.boe.es/eli/es/rd/2022/03/01/157},
	urldate = {2023-01-12},
	author = {{Ministerio de Educación y Formación Profesional}},
	month = mar,
	year = {2022},
	pages = {24386--24504},
}

@article{rodriguez_fabula_2010,
	title = {La fábula en la educación primaria},
	issn = {2171-9551},
	url = {https://dialnet.unirioja.es/servlet/articulo?codigo=3391385},
	number = {5},
	urldate = {2023-01-12},
	journal = {Pedagogía Magna},
	author = {Rodríguez Ruiz, Ana Belén},
	year = {2010},
	pages = {19--26},
}

@article{santana_henriquez_fabula_1993,
	title = {La fábula como instrumento didáctico},
	issn = {0213-0610, 2386-3374},
	url = {https://dialnet.unirioja.es/servlet/articulo?codigo=103400},
	number = {4},
	urldate = {2023-01-12},
	journal = {El Guiniguada},
	author = {Santana Henríquez, Germán},
	year = {1993},
	pages = {61--70},
}

@book{mackesy_boy_2020a,
	address = {London},
	title = {The boy, the mole, the fox and the horse},
	isbn = {9781529105100},
	publisher = {Ebury Press},
	author = {Mackesy, Charlie},
	year = {2020a},
	keywords = {Animals, Comic books, strips, etc, Conduct of life, Comic books, strips, etc, Fables, English, Graphic novels},
}

@book{mackesy_junge_2020d,
	address = {Berlin},
	title = {Der {Junge}, der {Maulwurf}, der {Fuchs} und das {Pferd}},
	isbn = {9783471360217},
	publisher = {List},
	author = {Mackesy, Charlie},
	year = {2020d},
}

@book{mackesy_enfant_2020c,
	address = {Paris},
	title = {L'enfant, la taupe, le renard et le cheval},
	isbn = {9791037501271},
	publisher = {les Arènes},
	author = {Mackesy, Charlie},
	year = {2020c},
}

@article{scolari_narrativas_2014,
	title = {Narrativas transmedia: nuevas formas de comunicar en la era digital},
	volume = {1},
	url = {https://www.accioncultural.es/media/Default\%20Files/activ/2014/Adj/Anuario_ACE_2014/6Transmedia_CScolari.pdf},
	urldate = {2023-01-12},
	journal = {Anuario AC/E de cultura digital},
	author = {Scolari, Carlos},
	year = {2014},
	pages = {71--81},
}

@book{scolari_narrativas_2013,
	address = {Barcelona},
	title = {Narrativas transmedia: cuando todos los medios cuentan},
	publisher = {Deusto},
	author = {Scolari, Carlos},
	year = {2013},
}

@book{vygotsky_mind_1978,
	address = {Cambridge},
	title = {Mind in society: the development of higher psychological processes},
	isbn = {9780674576285},
	publisher = {Harvard University Press},
	author = {Vygotsky, Lev Semiónovich},
	year = {1978},
	keywords = {Cognition, Cognition in children},
}

@article{serafini_reading_2012,
	title = {Reading {Multimodal} {Texts} in the 21st {Century}.},
	url = {https://www.scinapse.io/papers/239709717},
	urldate = {2023-01-12},
	journal = {Research in the Schools},
	author = {Serafini, Frank},
	month = jan,
	year = {2012},
}

@article{serafini_multimodal_2015,
	title = {Multimodal literacy: {From} theories to practices},
	volume = {92},
	url = {https://www.jstor.org/stable/24577533},
	number = {6},
	urldate = {2023-01-12},
	journal = {Language Arts},
	author = {Serafini, Frank},
	year = {2015},
	pages = {412--423},
}

@article{siegel_rereading_2006,
	title = {Rereading the {Signs}: {Multimodal} {Transformations} in the {Field} of {Literacy} {Education} - {ProQuest}},
	volume = {84},
	shorttitle = {Rereading the {Signs}},
	url = {https://www.proquest.com/openview/97096bd05cd0a4c6b4974b07b8672ade/1?pq-origsite=gscholar&cbl=41436},
	number = {1},
	urldate = {2023-01-12},
	journal = {Language Arts},
	author = {Siegel, Marjorie},
	year = {2006},
	pages = {65},
}

@article{unsworth_towards_2006,
	title = {Towards a {Metalanguage} for {Multiliteracies} {Education}: {Describing} the {Meaning}-{Making} {Resources} of {Language}-{Image} {Interaction}},
	volume = {5},
	issn = {1175-8708},
	url = {https://eric.ed.gov/?id=EJ843820},
	number = {1},
	urldate = {2023-01-12},
	journal = {English Teaching: Practice and Critique},
	author = {Unsworth, Len},
	month = may,
	year = {2006},
	pages = {55--76},
}

@article{callow_talking_2003,
	title = {Talking about {Visual} {Texts} {With} {Students}},
	volume = {6},
	issn = {1096-1232},
	number = {8},
	urldate = {2023-01-17},
	journal = {Reading Online},
	author = {Callow, Jon},
	year = {2003},
	keywords = {Classroom Environment, Elementary Education, Multimedia Materials, Teaching Methods, Technology Uses in Education, Visual Literacy},
}

@article{walsh_reading_2007,
	title = {Reading digital texts},
	volume = {30},
	number = {1},
	journal = {Journal of Language and Literacy},
	author = {Walsh, Maureen and Asha, Jenifer and Sprainger, Nicole},
	year = {2007},
	pages = {40--52},
}