
@book{freire_pedagogia_2004,
	address = {São Paulo (SP)},
	title = {Pedagogia da autonomia: saberes necessários à prática educativa},
	publisher = {Paz e Terra},
	author = {Freire, Paulo},
	year = {2004},
}

@book{freire_pedagogia_1981,
	address = {Rio de Janeiro},
	title = {Pedagogia do oprimido},
	publisher = {Paz e Terra},
	author = {Freire, Paulo},
	year = {1981},
}

@book{freire_importancia_1991,
	address = {São Paulo },
	title = {A importancia do ato de ler: em tres artigos que se completam},
	publisher = {Cortez Editora \& Autores Associados },
	author = {Freire, Paulo},
	year = {1991},
}

@article{mussi_pressupostos_2021,
	title = {Pressupostos para a elaboração de relato de experiência como conhecimento científico},
	volume = {17},
	doi = {10.22481/praxisedu.v17i48.9010},
	number = {48},
	journal = {Revista Práxis Educacional},
	author = {Mussi, Ricardo Fraklin De Freitas and Flores, Fabio Fernandes and Almeida, Cláudio Bispo De},
	year = {2021},
	pages = {61--77},
}

@article{ramme_tandem:_2015,
	title = {{TANDEM}: {Pedalando} juntos em espanhol e português/{TÁNDEM}: {Pedaleando} juntos en español y português},
	volume = {1},
	doi = {10.5902/18014},
	number = {1},
	journal = {Experiência. Revista Científica de Extensão},
	author = {Rammé, Valdilena},
	year = {2015},
}

@article{takaki_repensando_2019,
	title = {Repensando a educação linguística com contribuições de {Ricoeur} e {Monte} {Mór}},
	doi = {10.12957/pr.2019.38462},
	number = {15},
	journal = {Pensares em Revista},
	author = {Takaki, Nara Hiroko and Ferraz, Daniel De Mello and Mizan, Souzana},
	year = {2019},
	pages = {22--46},
}

@article{tirloni_tandem_2015,
	title = {{TANDEM}, {AUTOAVALIAÇÃO} {E} {A} {AUTONOMIA} {NA} {APRENDIZAGEM} {DE} {LÍNGUAS} {ESTRANGEIRAS}},
	volume = {54},
	doi = {10.1590/010318134802171941},
	journal = {Trabalhos em Linguística Aplicada},
	author = {Tirloni, Larissa Paula and Rammé, Valdilena},
	year = {2015},
	keywords = {tandem, (auto) avaliação, autonomia na aprendizagem.},
	pages = {457--482},
}
