
@incollection{araujo_curadoria_2019,
	address = {Campinas},
	title = {Curadoria digital: o importante papel do professor como curador de recursos educacionais digitais},
	booktitle = {Transitando e transpondo n(a) {Linguística} {Aplicada}},
	publisher = {Editora Pontes},
	author = {Araújo, Nukácia Meyre Silva},
	editor = {Finardi, Kyria Rebeca and Tilio, Rogerio and Borges, Vládia Maria Cabral and Dellagnelo, Adriana Kuerten and Filho, Etelvo Ramos},
	year = {2019},
	pages = {211--239},
}

@article{bevilaqua_principios_2021,
	title = {Princípios de curadoria de recursos digitais em {Inglês} como {Segunda} {Língua} no {ELO} em {Nuvem}},
	volume = {74},
	issn = {2175-8026, 0101-4846},
	url = {https://periodicos.ufsc.br/index.php/desterro/article/view/80087},
	doi = {10.5007/2175-8026.2021.e80087},
	number = {3},
	urldate = {2023-12-30},
	journal = {Ilha do Desterro A Journal of English Language, Literatures in English and Cultural Studies},
	author = {Beviláqua, André Firpo and Costa, Alan Ricardo and Fialho, Vanessa Ribas and Leffa, Vilson J.},
	month = sep,
	year = {2021},
}

@article{deschaine_five_2015,
	title = {The {Five} {Cs} of {Digital} {Curation}: {Supporting} {Twenty}-{First}-{Century} {Teaching} and {Learning}},
	volume = {10},
	issn = {1933-4850},
	url = {https://eric.ed.gov/?id=EJ1074044},
	urldate = {2023-12-30},
	journal = {InSight: A Journal of Scholarly Teaching},
	author = {Deschaine, Mark E. and Sharma, Sue Ann},
	year = {2015},
	keywords = {Media Literacy, Multimedia Instruction, Multimedia Materials, Instructional Innovation, Educational Practices, College Faculty, Relevance (Education), Educational Theories, Educational Resources, Electronic Publishing, Information Management, Instructional Materials, Material Development},
	pages = {19--24},
}

@article{grilli_por_2021,
	title = {Por uma educação linguística {Translíngue} e {Decolonial}: questões para o ensino de alemão},
	volume = {7},
	issn = {2359-1064},
	url = {http://seer.uftm.edu.br/revistaeletronica/index.php/revistagepadle/article/view/5200},
	doi = {10.18554/ifd.v7i4.5200},
	number = {4},
	urldate = {2023-12-30},
	journal = {Iniciação \& Formação Docente},
	author = {Grilli, Marina},
	month = jan,
	year = {2021},
	pages = {904},
}

@book{kalantzis_letramentos_2020,
	address = {Campinas-SP},
	title = {Letramentos},
	isbn = {978-6586253177},
	publisher = {Fundação de Desenvolvimento da Unicamp - Funcamp},
	author = {Kalantzis, Mary},
	collaborator = {Cope, Bill and Pinheiro, Petrilson},
	month = apr,
	year = {2020},
	keywords = {Linguagem e línguas, Letramentos, Línguas, Linguagem},
}

@incollection{kleiman_agenda_2013,
	address = {São Paulo},
	title = {Agenda de pesquisa e ação em {Linguística} {Aplicada}: problematizações},
	booktitle = {Linguística {Aplicada} na {Modernidade} {Recente}},
	publisher = {Parábola Editorial},
	author = {Kleiman, Ângela},
	editor = {Moita Lopes, Luiz P.},
	year = {2013},
	pages = {39--58},
}

@article{ribeiro_educacao_2021,
	title = {Educação e tecnologias digitais na pandemia: ciclos da precariedade},
	volume = {2},
	issn = {26754916},
	url = {https://cadernos.abralin.org/index.php/cadernos/article/view/270},
	doi = {10.25189/2675-4916.2021.v2.n1.id270},
	number = {1},
	urldate = {2023-12-30},
	journal = {Cadernos de Linguística},
	author = {Ribeiro, Ana Elisa},
	month = jan,
	year = {2021},
	pages = {01--16},
}

@article{ribeiro_ciclos_2023,
	title = {Ciclos da precariedade: revisitando experiências de ensino pandêmicas e além},
	volume = {4},
	issn = {2675-4916},
	url = {https://cadernos.abralin.org/index.php/cadernos/article/view/682},
	doi = {10.25189/2675-4916.2023.v4.n1.id682},
	number = {1},
	urldate = {2023-12-30},
	journal = {Cadernos de Linguística},
	author = {Ribeiro, Ana Elisa},
	month = jul,
	year = {2023},
}

@incollection{rocha_moocs_2019,
	address = {Campinas},
	title = {{MOOCs} em língua estrangeira: desafios para a construção de ecologias de aprendizagens situadas e transgressivas},
	booktitle = {Transitando e transpondo n(a) {Linguística} {Aplicada}},
	publisher = {Editora Pontes},
	author = {Rocha, Claudia},
	editor = {Finardi, Kyria Rebeca and Tilio, Rogerio and Borges, Vládia Maria Cabral and Dellagnelo, Adriana Kuerten and Filho, Etelvo Ramos},
	year = {2019},
	pages = {139--178},
}

@article{tzirides_generative_2023,
	title = {Generative {AI}: {Implications} and {Applications} for {Education}},
	copyright = {Creative Commons Attribution 4.0 International},
	url = {https://arxiv.org/abs/2305.07605},
	doi = {10.48550/ARXIV.2305.07605},
	urldate = {2023-12-30},
	journal = {arXiv},
	author = {Tzirides, Anastasia Olga and Saini, Akash and Zapata, Gabriela and Searsmith, Duane and Cope, Bill and Kalantzis, Mary and Castro, Vania and Kourkoulou, Theodora and Jones, John and da Silva, Rodrigo Abrantes and Whiting, Jen and Kastania, Nikoleta Polyxeni},
	year = {2023},
	keywords = {Computers and Society (cs.CY), Artificial Intelligence (cs.AI), FOS: Computer and information sciences, FOS: Computer and information sciences},
}

@article{veronelli_sobre_2021,
	title = {Sobre a colonialidade da linguagem},
	volume = {16},
	issn = {1980-0614, 1980-0614},
	url = {https://revistas.ufpr.br/revistax/article/view/78169},
	doi = {10.5380/rvx.v16i1.78169},
	number = {1},
	urldate = {2023-12-30},
	journal = {Revista X},
	author = {Veronelli, Gabriela Alejandra and Daitch, Silvana Leticia},
	month = feb,
	year = {2021},
	pages = {80},
}
