@article{Lamport,
    title         = {Time, clocks, and the ordering of events in a distributed system},
    author        = {Leslie Lamport},
    year          = {1978},
    journal       = {Communications of the ACM},
    volume        = {21},
    pages         = {558–565},
    url           = {https://doi.org/10.1007/s10623-018-0461-x},
}

@article{lamport2019byzantine,
    title         = {The weak Byzantine generals problem},
    author        = {Lamport, Leslie},
    year          = {1983},
    journal       = {Journal of the ACM (JACM)},
    publisher     = {ACM New York, NY, USA},
    volume        = {30},
    number        = {3},
    pages         = {668--676},
}

@article{dwork,
    title         = {Pricing via Processing or Combatting Junk Mail},
    author        = {Cynthia Dwork and Moni Naor},
    year          = {1993},
    journal       = {Advances in Cryptology - CRYPT0 '92},
    pages         = {139--147},
    url           = {https://doi.org/10.1007/3-540-48071-4\_10},
}

@article{rivest1996time,
    title         = {Time-lock puzzles and timed-release crypto},
    author        = {Rivest, Ronald L and Shamir, Adi and Wagner, David A},
    year          = {1996},
    publisher     = {Massachusetts Institute of Technology. Laboratory for Computer Science},
}

@inproceedings{liskov,
    title         = {Practical byzantine fault tolerance},
    author        = {Castro, Miguel and Liskov, Barbara and others},
    year          = {1999},
    booktitle     = {OSDI},
    volume        = {99},
    number        = {1999},
    pages         = {173--186},
}

@article{timedcommitments,
    title         = {Timed Commitments},
    author        = {Dan Boneh and Moni Naor},
    year          = {2000},
    journal       = {Advances in Cryptology -- CRYPTO 2000},
    pages         = {236--254},
    url           = {https://doi.org/10.1007/3-540-44598-6\_15},
}

@article{Phillips,
    title         = {Gauging the Risks of Internet Elections},
    author        = {Deborah M. Phillips and Hans A. von Spakovsky},
    year          = {2001},
    journal       = {Communications of the ACM},
    publisher     = {ACM},
    volume        = {44},
    pages         = {73--85},
    url           = {https://dl.acm.org/doi/10.1145/357489.357512},
}

@article{Kerckhoffs,
    title         = {Chaos and cryptography},
    author        = {Dachselt, F. and Schwarz, W.},
    year          = {2001},
    journal       = {IEEE Transactions on Circuits and Systems I: Fundamental Theory and Applications},
    volume        = {48},
    number        = {12},
    pages         = {1498--1509},
    doi           = {10.1109/TCSI.2001.972857},
}

@article{Gritzalis,
    title         = {Principles and requirements for a secure e-voting system},
    author        = {Dimitris A. Gritzalis},
    year          = {2002},
    journal       = {Computers \& Security},
    publisher     = {Elsevier},
    volume        = {21},
    pages         = {539--556},
    url           = {https://doi.org/10.1016/S0167-4048(02)01014-3},
}

@article{lauer2004risk,
    title         = {The risk of e-voting},
    author        = {Lauer, Thomas W},
    year          = {2004},
    journal       = {Electronic Journal of E-government},
    publisher     = {Citeseer},
    volume        = {2},
    number        = {3},
    pages         = {177--186},
}

@inproceedings{boneh2005hierarchical,
    title         = {Hierarchical identity based encryption with constant size ciphertext},
    author        = {Boneh, Dan and Boyen, Xavier and Goh, Eu-Jin},
    year          = {2005},
    booktitle     = {Annual International Conference on the Theory and Applications of Cryptographic Techniques},
    pages         = {440--456},
    organization  = {Springer},
}

@article{Sampigethaya,
    title         = {A framework and taxonomy for comparison of electronic voting schemes},
    author        = {Krishna Sampigethaya and Radha Poovendran},
    year          = {2006},
    journal       = {Computers \& Security},
    publisher     = {Elsevier},
    volume        = {25},
    pages         = {137--153},
}

@book{Kshemkalyani,
    title         = {Distributed Computing: Principles, Algorithms, and Systems},
    author        = {Kshemkalyani, Ajay D. and Singhal, Mukesh},
    year          = {2008},
    publisher     = {Cambridge University Press},
    address       = {USA},
    isbn          = {0521876346},
    edition       = {1},
}

@article{palestrinha,
    title         = {Provably Secure Timed-Release Public Key Encryption},
    author        = {Cheon, Jung Hee and Hopper, Nicholas and Kim, Yongdae and Osipkov, Ivan},
    year          = {2008},
    month         = may,
    journal       = {ACM Trans. Inf. Syst. Secur.},
    publisher     = {Association for Computing Machinery},
    address       = {New York, NY, USA},
    volume        = {11},
    number        = {2},
    doi           = {10.1145/1330332.1330336},
    issn          = {1094-9224},
    url           = {https://doi.org/10.1145/1330332.1330336},
    issue_date    = {March 2008},
    articleno     = {4},
    numpages      = {44},
    keywords      = {key-insulated encryption, authenticated encryption, timed-release},
}

@article{nakamoto,
    title         = {Bitcoin: A Peer-to-Peer Electronic Cash System},
    author        = {Satoshi Nakamoto},
    year          = {2008},
    url           = {https://bitcoin.org/bitcoin.pdf},
}

@article{Lekkas,
    title         = {Securing e-Government and e-Voting with an open cloud computing architecture},
    author        = {Dimitrios Zissis and Dimitrios Lekkas},
    year          = {2011},
    journal       = {Government Information Quarterly},
    publisher     = {Elsevier},
    volume        = {28},
    pages         = {239--251},
    url           = {https://doi.org/10.1016/j.giq.2010.05.010},
}

@inproceedings{garg2013witness,
    title         = {Witness encryption and its applications},
    author        = {Garg, Sanjam and Gentry, Craig and Sahai, Amit and Waters, Brent},
    year          = {2013},
    booktitle     = {Proceedings of the forty-fifth annual ACM symposium on Theory of computing},
    pages         = {467--476},
}

@inproceedings{estonia,
    title         = {Security Analysis of the Estonian Internet Voting System},
    author        = {Springall, Drew and Finkenauer, Travis and Durumeric, Zakir and Kitcat, Jason and Hursti, Harri and MacAlpine, Margaret and Halderman, J. Alex},
    year          = {2014},
    booktitle     = {Proceedings of the 2014 ACM SIGSAC Conference on Computer and Communications Security},
    location      = {Scottsdale, Arizona, USA},
    publisher     = {Association for Computing Machinery},
    address       = {New York, NY, USA},
    series        = {CCS '14},
    pages         = {703–715},
    doi           = {10.1145/2660267.2660315},
    isbn          = {9781450329576},
    url           = {https://doi.org/10.1145/2660267.2660315},
    numpages      = {13},
    keywords      = {security analysis, attacks, case studies, vulnerabilities, estonia, security, internet voting, voting},
}

@inproceedings{dziembowski2015proofs,
    title         = {Proofs of space},
    author        = {Dziembowski, Stefan and Faust, Sebastian and Kolmogorov, Vladimir and Pietrzak, Krzysztof},
    year          = {2015},
    booktitle     = {Annual Cryptology Conference},
    pages         = {585--605},
    organization  = {Springer},
}

@article{unruh2015revocable,
    title         = {Revocable quantum timed-release encryption},
    author        = {Unruh, Dominique},
    year          = {2015},
    journal       = {Journal of the ACM (JACM)},
    publisher     = {ACM New York, NY, USA},
    volume        = {62},
    number        = {6},
    pages         = {1--76},
}

@book{stallings,
    title         = {Cryptography and Network Security: Principles and Practice},
    author        = {Willian Stallings},
    year          = {2017},
    publisher     = {Pearson},
    address       = {Edinburgh Gate, Harlow, Essex CM20 2JE, England},
    edition       = {Global Edition},
}

@article{zheng,
    title         = {An Overview of Blockchain Technology: Architecture, Consensus, and Future Trends},
    author        = {Zibin Zheng and S. Xie and H. Dai and X. Chen and H. Wang},
    year          = {2017},
    journal       = {IEEE International Congress on Big Data (BigData Congress)},
    pages         = {557--564},
    url           = {https://doi.org/10.1109/BigDataCongress.2017.85},
}

@article{aranha,
    title         = {The Good, the Bad, and the Ugly: Two Decades of E-Voting in Brazil},
    author        = {Aranha, Diego F. and van de Graaf, Jeroen},
    year          = {2018},
    journal       = {IEEE Security   Privacy},
    volume        = {16},
    number        = {6},
    pages         = {22--30},
    doi           = {10.1109/MSEC.2018.2875318},
}

@article{Liu,
    title         = {How to build time-lock encryption},
    author        = {Jia Liu and Tibor Jager and Saqib A. Kakvi and Bogdan Warinschi},
    year          = {2018},
    journal       = {Designs, Codes and Cryptography},
    volume        = {86},
    pages         = {2549–2586},
    url           = {https://doi.org/10.1007/s10623-018-0461-x},
}

@inproceedings{Hardwick,
    title         = {E-Voting With Blockchain: An E-Voting Protocol with Decentralisation and Voter Privacy},
    author        = {Freya Sheer Hardwick and Apostolos Gioulis and Raja Naeem Akram and Konstantinos Markantonakis},
    year          = {2018},
    booktitle     = {2018 IEEE International Conference on Internet of Things (iThings) and IEEE Green Computing and Communications (GreenCom) and IEEE Cyber, Physical and Social Computing (CPSCom) and IEEE Smart Data (SmartData)},
    publisher     = {IEEE},
    url           = {https://doi.org/10.1109/Cybermatics\_2018.2018.00262},
}

@inproceedings{hjal,
    title         = {Blockchain-Based E-Voting System},
    author        = {Friorik Hj\'{a}lmarsson and G. K. Hreioarsson and Mohammad Hamdaqa and G\'{\i}sli Hj\'{a}lmt\'{y}sson},
    year          = {2018},
    booktitle     = {IEEE 11th International Conference on Cloud Computing(CLOUD)},
    publisher     = {IEE},
    url           = {https://doi.org/10.1109/CLOUD.2018.00151},
}

@inproceedings{gavzi2019proof,
    title         = {Proof-of-stake sidechains},
    author        = {Ga{\v{z}}i, Peter and Kiayias, Aggelos and Zindros, Dionysis},
    year          = {2019},
    booktitle     = {2019 IEEE Symposium on Security and Privacy (SP)},
    pages         = {139--156},
    organization  = {IEEE},
}

@inproceedings{garg,
    title         = {A Comparitive Analysis on E-Voting System Using Blockchain},
    author        = {Kenika Garg and Pavi Saraswat and Sachin Bisht and Sahil Aggarwal and Sai Krishna Kothuri and Sahil Gupta},
    year          = {2019},
    booktitle     = {2019 4th International Conference on Internet of Things: Smart Innovation and Usages (IoT-SIU)},
    publisher     = {IEE},
    url           = {https://doi.org/10.1109/IoT-SIU.2019.8777471},
}

@article{khan,
    title         = {Investigating performance constraints for blockchain based secure e-voting system},
    author        = {Kashif Mehboob Khan and Junaid Arshad and Muhammad Mubashir Khan},
    year          = {2020},
    journal       = {Future Generation Computer Systems},
    publisher     = {Elsevier},
    pages         = {13--26},
    url           = {Investigatingperformanceconstraintsforblockchainbasedsecuree-votingsystem},
}

@article{motta,
    title         = {Blockchain Applications in the Agri-Food Domain: The First Wave},
    author        = {Giorgio Alessandro Motta and Bedir Tekinerdogan and Ioannis N. Athanasiadis},
    year          = {2020},
    journal       = {Frontiers in Blockchain},
    publisher     = {Frontiers},
    url           = {https://doi.org/10.3389/fbloc.2020.00006},
}

@misc{tse,
    title         = {Seguran\c{c}a do Processo Eeitoral},
    author        = {TSE},
    year          = {2020},
    url           = {https://www.justicaeleitoral.jus.br/spe/},
    date-added    = {2013-03-23 21:39:21 +0000},
    date-modified = {2015-04-27 22:43:06 +0000},
    urlaccessdate = {14 jan 2021},
}

@misc{lemire,
    title         = {Biden defeats Trump for White House},
    author        = {Jonathan Lemire and Zeke Miller and Will Weissert},
    year          = {2020},
    url           = {https://apnews.com/article/joe-biden-wins-white-house-ap-fd58df73aa677acb74fce2a69adb71f9},
    date-added    = {2020-11-8},
    howpublished  = {American Press News},
    urlaccessdate = {3 jan 2021},
}

@book{araujo2020,
    title         = {LaTeX: Elabora\c{c}\~{a}o de Documentos Digitais},
    author        = {Alessandro Vivas and Leonardo Ara\'{u}jo and Luciana Assis},
    year          = {2020},
    isbn          = {9786500076141},
}

@book{katz2020introduction,
    title         = {Introduction to modern cryptography},
    author        = {Katz, Jonathan and Lindell, Yehuda},
    year          = {2020},
    publisher     = {CRC press},
}

@misc{ukparliament,
    title         = {Voting systems in the UK},
    author        = {United Kingdom Parliament},
    year          = {2021},
    url           = {https://www.parliament.uk/about/how/elections-and-voting/voting-systems/},
    urlaccessdate = {28 jan 2021},
}
