@incollection{alban2013,
	author = {Albán Achinte, Adolfo},
	title = {Pedagogías de la reexistencia. Artistas indígenas y afrocolombianos},
	booktitle = {Pedagogías decoloniales: prácticas insurgentes de resistir, (re) existir y (re) vivir. TOMO I},
	editor = {Walsh, Catherine},
	year = {2013},
	pages = {443-468},
address={Qui to-Ecuador},
publisher={Edi ciones Abya-Ya la},
}

@incollection{alban2008,
	author = {Albán Achinte, Adolfo},
	title = {¿Interculturalidad sin decolonialidad? Colonialidades circulantes y prácticas de reexistencia},
	booktitle = {Diversidad, interculturalidad y construcción de ciudad},
	editor = {Grueso Bonilla, Arturo and Villa, Wilmer},
	year = {2008},
	publisher = {Alcaldía Mayor de Bogota y la Universidad Pedagógica Nacional},
	address = {Bogotá},
}

@book{alban2017,
	author = {Albán Achinte, Adolfo},
	title = {Prácticas creativas de reexistencia: más allá del arte … el mundo de lo sensible},
	year = {2017},
	publisher = {Ediciones el signo},
	address = {Buenos Aires},
	url = {https://traficantes.net/libros/pr\%C3\%A1cticas-creativas-de-re-existencia},
	urldate = {2023-07-07}
}

@article{apple1990,
	author = {Apple, Michael},
	title = {Is there a curriculum voice to reclaim?},
	journal = {The Phi Delta Kappan},
	year = {1990},
	volume = {71},
	number = {7},
	pages = {526-530},
	url = {https://www.jstor.org/stable/20404202},
	urldate = {2023-01-24}
}

@incollection{cammarota2010,
	author = {Cammarota, Julio and Fine, Michelle},
	title = {Youth participatory action research: A pedagogy for transformational resistance},
	booktitle = {Revolutionizing education},
editor={Cammarota, Julio and Fine, Michelle},
	year = {2010},
	pages = {9-20},
publisher={Routledge},
address={New York},
}

@book{herman2002,
	author = {Herman, Edward and Chomsky},
	title = {Manufacturing consent: The political economy of the mass media},
	year = {2002},
	publisher = {Pantheon Books},
	address = {New York}
}

@book{couldry2012,
	author = {Couldry, Nick},
	title = {Media, society, world: Social theory and digital media practice},
	year = {2012},
	publisher = {Polity},
}

@book{dahlgren2013,
	author = {Dahlgren, Peter},
	title = {The political web: Media, participation and alternative democracy},
	year = {2013},
	publisher = {Springer},
}

@book{davis1983,
	author = {Davis, Angela Y.},
	title = {Women, race \& class},
	year = {1983},
	publisher = {Vintage},
address={New York},
}

@book{denzin2005,
	editor = {Denzin, Norman and Lincoln, Yvonna},
	title = {The Sage handbook of qualitative research},
	year = {2005},
	publisher = {Sage Publications},
}

@book{fanon1963,
	author = {Fanon, Frantz},
	title = {The wretched of the earth},
	year = {1963},
	publisher = {Grove Press},
}

@book{foucault1991,
	author = {Foucault, Michel},
	title = {El sujeto y el poder},
	year = {1991},
	edition = {1st},
	translator = {Gómez, Cecilia and Ochoa, Camilo},
	publisher = {Carpe Diem},
	address = {Bogotá},
}

@book{freire1970,
	author = {Freire, Paulo},
	title = {Pedagogia do oprimido},
	year = {1970},
	edition = {1st},
	publisher = {SA Primera edición},
	address = {Mexico},
}

@article{freire1985,
	author = {Freire, Paulo},
	title = {Reading the world and reading the word: An interview with Paulo Freire},
	journal = {Language arts},
	year = {1985},
	volume = {62},
	number = {1},
	pages = {15-21},
}

@article{garcia2023,
	author = {García, Verónica Mas and Méndez, Vicente Gabarda and Chacon, José Peirats},
	title = {Formación y competencia digital del profesorado de Educación Secundaria en España},
	journal = {Texto Livre},
	year = {2023},
	volume = {16},
	pages = {e44851-e44851},
	doi = {10.1590/1983-3652.2023.44851},
	url = {https://periodicos.ufmg.br/index.php/textolivre/article/view/44851},
	urldate = {2023-07-07}
}

@book{giroux2011,
	author = {Giroux, Henry},
	title = {On critical pedagogy},
	year = {2011},
	publisher = {Continuum},
	url = {https://www.bloomsbury.com/us/on-critical-pedagogy-9781350144989/},
	urldate = {2023-07-9}
}

@article{giroux1983,
	author = {Giroux, Henry},
	title = {Theories of reproduction and resistance in the new sociology of education: A critical analysis},
	journal = {Harvard Educational Review},
	year = {1983},
	volume = {53},
	number = {3},
	pages = {257-293},
}

@book{gramsci1999,
	author = {Gramsci, Antonio},
	title = {Cuadernos de la cárcel},
	year = {1999},
	publisher = {Ediciones Era},
	url = {https://ses.unam.mx/docencia/2018I/Gramsci1975_CuadernosDeLaCarcel.pdf},
	urldate = {2023-08-10}
}

@book{hooks1996,
	author = {Hooks, Bell},
	title = {Reel to Real: Race. Sex and Class At The Movies},
	year = {1996},
	publisher = {London},
}

@incollection{kleiman2016,
	author = {Kleiman, Angela and Sito, Luanda},
	title = {Multiletramentos, interdições e marginalidades},
	booktitle = {Significados e ressignificações do letramento: desdobramentos de uma perspectiva sociocultural sobre a escrita},
editor={Kleiman, Angela and Assis, Juliana Alves},
	year = {2016},
	pages = {169-198},
	publisher = {Mercado de Letras},
	address = {Campinas},
}

@book{koshy2010,
	author = {Koshy, Elizabeth and Koshy, Valsa and Waterman, Heather},
	title = {Action research in healthcare},
	year = {2010},
	publisher = {Sage},
}

@online{larepublica2022,
	title = {El Palenque, el primer pueblo libre de América: la comunidad donde no hay Policía y tiene idioma propio},
	year = {2022},
author={{La República}},
	url = {https://larepublica.pe/mundo/colombia/2022/08/08/el-palenque-el-primer-pueblo-libre-de-america-la-comunidad-donde-no-hay-policia-y-tienen-idioma-propio-colombia-ntlr},
	urldate = {2023-08-10}
}

@book{mcchesney2004problem,
	title={The problem of the media: US communication politics in the twenty-first century},
	author={McChesney, Robert},
	year={2004},
	publisher={NYU Press},
}

@book{mclaren2007critical,
	title={Critical pedagogy: Where are we now?},
	editor={McLaren, Peter and Kincheloe, Joe},
	year={2007},
	publisher={Peter Lang},
	url={https://www.peterlang.com/document/1143755},
urldate = {2023-08-10}
}

@book{miles1994qualitative,
	title={Qualitative data analysis: An expanded sourcebook},
	author={Miles, Matthew and Huberman, Michael},
	year={1994},
	publisher={Sage},
}

@book{mirra2015doing,
	title={Doing youth participatory action research: Transforming inquiry with researchers, educators, and students},
	author={Mirra, Nicole and Garcia, Antero and Morrell, Ernest},
	year={2015},
	publisher={Routledge},
}

@online{opendemocracy2022resistencia,
	title={La resistencia Munduruku en Brasil evidencia la perversidad del sistema},
	year={2022},
author={Opendemocracy},
	url={https://www.opendemocracy.net/es/lucha-munduruku-evidencia-perversidad-sistema-brasil/},
urldate = {2023-08-10}
}

@book{silva-souza2011letramentos,
	title={Letramentos de reexistência: poesia, grafite, música, dança: hip-hop},
	author={Silva-Souza, Ana Lucia},
	year={2011},
	publisher={Parábola},
address={São Paulo}
}

@phdthesis{silva-souza2009letramentos,
	title={Letramentos de reexistência= culturas e identidades no movimento hip hop},
	author={Silva-Souza, Ana L{\'u}cia},
	year={2009},
	school={Universidade Estadual de Campinas},
	type={Doutorado em Ling{\"u}{\'i}stica Aplicada},
	url={https://repositorio.unicamp.br/acervo/detalhe/769115},
urldate = {2023-08-10}
}

@article{walsh2009interculturalidad,
	title={Interculturalidad crítica y pedagogía de-colonial: apuestas (des) de el in-surgir, re-existir y re-vivir},
	author={Walsh, Catherine},
	journal={Revista (entre palabras)},
	year={2009},
	volume={3},
	number={30},
	pages={1-29},
}

	
