@book{youngblood_expanded_1970,
  title     = {Expanded cinema},
  author    = {Youngblood, Gene},
  year     = {1970},
  publisher   = {P. Dutton \& Co., Inc.},
  address    = {New York},
}

@book{jolles_formas_1976,
  title     = {Formas simples},
  author    = {Jolles, Andre},
  year     = {1976},
  publisher   = {Cultrix},
  address    = {S\~{a}o Paulo},
  translator  = {Cabral, \'{A}lvaro},
}

@incollection{iser_o_1979,
  title     = {O jogo do texto},
  author    = {Iser, Wolfgang},
  year     = {1979},
  booktitle   = {A literatura e o leitor: textos de est\'{e}tica da recep\c{c}\~{a}o},
  publisher   = {Paz e Terra},
  address    = {Rio de Janeiro},
  pages     = {105--118},
  editor    = {Lima, Luiz Costa},
}

@book{zilberman_como_2005,
  title     = {Como e por que ler a literatura infantil brasileira},
  author    = {Zilberman, Regina},
  year     = {2005},
  publisher   = {Objetiva},
  address    = {Rio de Janeiro},
}

@book{hissa_mobilidade_2006,
  title     = {A mobilidade das fronteiras: inser\c{c}\~{o}es da geografia na crise da modernidade},
  author    = {Hissa, Cassio Eduardo Viana},
  year     = {2006},
  publisher   = {Editora UFMG},
  address    = {Belo Horizonte},
}

@article{krauss_escultura_2008,
  title     = {A escultura no campo ampliado},
  author    = {Krauss, Rosalind},
  year     = {2008},
  journal    = {Arte \& Ensaios},
  volume    = {17},
  number    = {17},
  pages     = {128--137},
  doi      = {10.60001/ae.n17.p128},
  issn     = {2448-3338},
}

@article{ludmer2010literaturas,
  title     = {Literaturas p{\'o}s-aut{\^o}nomas. Tradu{\c{c}}{\~a}o de Fl{\'a}via Cera},
  author    = {Ludmer, Josefina},
  year     = {2010},
  journal    = {Sopro Panfleto Pol{\'i}tico Cultural},
  number    = {20},
  pages     = {1--4},
}

@book{hunt_critica_2010,
  title     = {Cr\'{\i}tica, teoria e literatura infantil},
  author    = {Hunt, Peter},
  year     = {2010},
  publisher   = {Cosac Naify},
  address    = {S\~{a}o Paulo},
  translator  = {Knipel, Cid},
}

@book{page_new_2010,
  title     = {New Perspectives on Narrative and Multimodality},
  author    = {Page, Ruth},
  year     = {2010},
  publisher   = {Routledge},
  address    = {New York},
}

@incollection{gibbons_i_2010,
  title     = {``I Contain Multitudes'': Narrative Multimodality and the Book that Bleeds},
  author    = {Gibbons, Alison},
  year     = {2010},
  booktitle   = {New Perspectives on Narrative and Multimodality},
  publisher   = {Routledge},
  address    = {New York},
  pages     = {99--114},
  editor    = {Page, Ruth},
}

@book{linden_para_2011,
  title     = {Para ler o livro ilustrado},
  author    = {Linden, Sophie Van der},
  year     = {2011},
  publisher   = {Cosac Naify},
  address    = {S\~{a}o Paulo},
  translator  = {Bruchard, Doroth\'{e}e de},
}

@article{cluver_intermidialidade_2011,
  title     = {Intermidialidade},
  author    = {Cl\"{u}ver, Claus},
  year     = {2011},
  journal    = {P\'{O}S: Revista do Programa de P\'{o}s-gradua\c{c}\~{a}o em Artes da EBA/UFMG},
  volume    = {1},
  number    = {2},
  pages     = {8--23},
  issn     = {2238-2046},
  url      = {https://periodicos.ufmg.br/index.php/revistapos},
  urldate    = {2024-07-28},
}

@book{costa_dicionario_2012,
  title     = {Dicion\'{a}rio de g\^{e}neros textuais},
  author    = {Costa, Sergio Roberto},
  year     = {2012},
  publisher   = {Aut\^{e}ntica},
  address    = {Belo Horizonte},
}

@incollection{lund_historia_2012,
  title     = {A ``hist\'{o}ria da cegonha'', de Karen Blixen, e a no\c{c}\~{a}o de ilustra\c{c}\~{a}o},
  author    = {Lund, Hans},
  year     = {2012},
  booktitle   = {Intermidialidade e estudos interartes: desafios da arte contempor\^{a}nea},
  publisher   = {Rona Editora: FALE/UFMG},
  address    = {Belo Horizonte},
  pages     = {171--188},
  editor    = {Diniz, Tha\"{\i}s Flores Nogueira and Vieira, Andr\'{e} Soares},
}

@book{garramuno_frutos_2014,
  title     = {Frutos estranhos: sobre a inespecificidade na est\'{e}tica contempor\^{a}nea},
  author    = {Garramu\~{n}o, Florencia},
  year     = {2014},
  publisher   = {Rocco},
  address    = {Rio de Janeiro},
}

@incollection{kiffer_2014,
  title     = {A escrita e o fora de si},
  author    = {Kiffer, Ana},
  year     = {2014},
  booktitle   = {Expans\~{o}es contempor\^{a}neas: literatura e outras formas},
  publisher   = {Editora UFMG},
  address    = {Belo Horizonte},
  pages     = {47--68},
  editor    = {Kiffer, Ana and Garramu\~{n}o, Florencia},
}

@incollection{kiffer_Garramuno_2014,
  title     = {Apresenta\c{c}\~{a}o},
  author    = {Kiffer, Ana and Garramu\~{n}o, Florencia},
  year     = {2014},
  booktitle   = {Expans\~{o}es contempor\^{a}neas: literatura e outras formas},
  publisher   = {Editora UFMG},
  address    = {Belo Horizonte},
  pages     = {7--15},
  editor    = {Kiffer, Ana and Garramu\~{n}o, Florencia},
}

@incollection{vieira_multimodalidade_2015,
  title     = {A multimodalidade nos eventos de letramento},
  author    = {Vieira, Josenia},
  year     = {2015},
  booktitle   = {Introdu\c{c}\~{a}o \`{a} Multimodalidade: Contribui\c{c}\~{o}es da Gram\'{a}tica Sist\^{e}mico-Funcional, An\'{a}lise de Discurso Cr\'{\i}tica, Semi\'{o}tica Social},
  publisher   = {J Antunes Vieira},
  address    = {Bras\'{\i}lia, DF},
  pages     = {43--72},
  editor    = {Josenia Antunes Vieira and Carminda Silvestre},
}

@book{franco_queda_2018,
  title     = {A queda dos moais},
  author    = {Franco, Blandina and Auerbach, Patricia and Lollo, Jos\'{e} Carlos},
  year     = {2018},
  publisher   = {Escarlate},
  address    = {S\~{a}o Paulo},
}

@article{lajolo_resenha_2019,
  title     = {Resenha do livro ``A Queda dos Moais''},
  author    = {Lajolo, Marisa},
  year     = {2019},
  journal    = {Patricia Auerbach},
  url      = {https://www.patriciaauerbach.com.br/mdias/marisa-lajolo-resenha-do-livro-a-queda-dos-moais},
  urldate    = {2024-07-28},
}

@book{brown_sinfonia_2020,
  title     = {Sinfonia dos animais},
  author    = {Brown, Dan},
  year     = {2020},
  publisher   = {Arqueiro},
  address    = {S\~{a}o Paulo},
  translator  = {Lemos, Rafaella},
}

@incollection{ellestrom_modalities_2021,
  title     = {The Modalities of Media II: An Expanded Model for Understanding Intermedial Relations},
  author    = {Ellestr\"{o}m, Lars},
  year     = {2021},
  booktitle   = {Beyond Media Borders: Intermedial Relations among Multimodal Media},
  publisher   = {Palgrave Macmillan},
  address    = {Switzerland},
  volume    = {1},
  pages     = {3--91},
  editor    = {Ellestr\"{o}m, Lars},
}

@article{flores_literatura_2021,
  title     = {Literatura Eletr\^{o}nica de Terceira Gera\c{c}\~{a}o},
  author    = {Flores, Leonardo},
  year     = {2021},
  journal    = {DAT Journal},
  volume    = {6},
  number    = {1},
  pages     = {355--371},
  doi      = {10.29147/dat.v6i1.346},
  issn     = {2526-1789},
}

@article{mobeybou_india_2023,
  title     = {Mobeybou in India},
  author    = {Mobeybou},
  year     = {2023},
  journal    = {Android App},
}

@article{mobeybou_cabo_2023,
  title     = {Mobeybou em Cabo Verde},
  author    = {Mobeybou},
  year     = {2023},
  journal    = {Google Play},
  note     = {Android App},
}

@article{mobeybou_brasil_2023-3,
  title     = {Mobeybou in Brazil},
  author    = {Mobeybou},
  year     = {2023},
  journal    = {Google Play},
  note     = {Android App},
}

@article{mobeybou_portugal_2023,
  title     = {Mobeybou in Portugal},
  author    = {Mobeybou},
  year     = {2023},
  journal    = {Google Play},
  note     = {Android App},
}

@article{antunes_literatura_2024,
  title     = {Literatura Digital {\textbar} Literatura eletr\^{o}nica},
  author    = {Antunes, Jo\~{a}o Roberto},
  year     = {2024},
  journal    = {Observat\'{o}rio da Literatura Digital Brasileira},
  url      = {https://www.observatorioldigital.ufscar.br/vocabulario/literatura-digital/},
  urldate    = {2024-07-28},
}
