@incollection{hymes1968ethnography,
    title         = {The Ethnography of Speaking},
    author        = {Dell Hymes},
    year          = {1968},
    booktitle     = {Readings in the Sociology of Language},
    publisher     = {Moulton},
    address       = {The Hague},
    pages         = {99--138},
    editor        = {Joshua Fishman},
}

@incollection{gumperz1972sociolinguistics,
    title         = {Sociolinguistics and Communication in Small Groups},
    author        = {John Gumperz},
    year          = {1972},
    booktitle     = {Sociolinguistics},
    publisher     = {Penguin},
    address       = {Harmondsworth},
    pages         = {203--224},
    editor        = {John Pride and Janet Holmes},
}

@book{hammersley1983ethnography,
    title         = {Ethnography},
    author        = {Martyn Hammersley and Paul Atkinson},
    year          = {1983},
    publisher     = {Tavistock},
    address       = {London},
    subtitle      = {Principles in Practice},
}

@incollection{kozinets1998,
    title         = {On Netnography},
    author        = {Robert V. Kozinets},
    year          = {1998},
    booktitle     = {Advances in Consumer Research},
    publisher     = {Association for Consumer Research},
    address       = {Provo, UT},
    volume        = {25},
    pages         = {366--371},
    subtitle      = {Initial Reflections on Consumer Research Investigations of Cyberculture},
    editor        = {Joseph Alba and Wesley Hutchinson},
}

@book{hine2000virtual,
    title         = {Virtual Ethnography},
    author        = {Christine Hine},
    year          = {2000},
    publisher     = {Sage},
    address       = {Thousand Oaks, CA},
}

@inproceedings{turrini2000,
    title         = {{A}ddizionario: an Interactive Hypermedia Tool for Language Learning},
    author        = {Turrini, Giovanna  and Cignoni, Laura  and Paccosi, Alessandro},
    year          = {2000},
    month         = {5},
    booktitle     = {Proceedings of the Second International Conference on Language Resources and Evaluation ({LREC}`00)},
    publisher     = {European Language Resources Association (ELRA)},
    address       = {Athens, Greece},
    url           = {https://aclanthology.org/L00-1279/},
    editor        = {Gavrilidou, M.  and Carayannis, G.  and Markantonatou, S.  and Piperidis, S.  and Stainhauer, G.},
}

@article{kozinets2002,
    title         = {The Field behind the Screen: Using Netnography for Marketing Research in Online Communities},
    author        = {Robert V. Kozinets},
    year          = {2002},
    journal       = {Journal of Marketing Research},
    volume        = {39},
    number        = {1},
    pages         = {61--72},
    doi           = {10.1509/jmkr.39.1.61.18935},
    url           = {https://doi.org/10.1509/jmkr.39.1.61.18935},
}

@article{ardevol2003,
    title         = {Etnografía virtualizada: la observación participante y la entrevista semiestructurada en línea},
    author        = {Ardèvol, Elisenda and Bertrán, Marta and Callén, Blanca and Pérez, Carmen},
    year          = {2003},
    journal       = {Athenea Digital. Revista de Pensamiento e Investigación Social},
    pages         = {72--92},
    url           = {https://www.redalyc.org/articulo.oa?id=53700305},
}

@inbook{herring_2004,
    title         = {Computer-Mediated Discourse Analysis},
    author        = {Herring, Susan C.},
    year          = {2004},
    booktitle     = {Designing for Virtual Communities in the Service of Learning},
    publisher     = {Cambridge University Press},
    series        = {Learning in Doing: Social, Cognitive and Computational Perspectives},
    pages         = {338–376},
    place         = {Cambridge},
    subtitle      = {An Approach to Researching Online Behavior},
    editor        = {Barab, Sasha and Kling, Rob and Gray, James H.Editors},
    collection    = {Learning in Doing: Social, Cognitive and Computational Perspectives},
}

@book{bloome2005discourse,
    title         = {Discourse Analysis and the Study of Classroom Language and Literacy Events},
    author        = {David Bloome and Stephanie Carter and Beth Christian and Sheila Otto and Nora Shuart-Faris},
    year          = {2005},
    publisher     = {Lawrence Erlbaum Associates},
    address       = {Mahwah, NJ},
    subtitle      = {A Microethnographic Perspective},
}

@incollection{markham2005methods,
    title         = {The Methods, Politics, and Ethics of Representation in Online Ethnography},
    author        = {Annette Markham},
    year          = {2005},
    booktitle     = {The SAGE Handbook of Qualitative Research},
    publisher     = {Sage},
    address       = {Thousand Oaks, CA},
    pages         = {793--820},
    editor        = {Norman Denzin and Yvonna Lincoln},
}

@article{campbell2006,
    title         = {The search for authenticity},
    author        = {Alex Campbell},
    year          = {2006},
    journal       = {New Media \& Society},
    volume        = {8},
    number        = {2},
    pages         = {269--294},
    doi           = {10.1177/1461444806059875},
    url           = {https://doi.org/10.1177/1461444806059875},
    subtitle      = {An exploration of an online skinhead newsgroup},
}

@article{dominguiez2007,
    title         = {Sobre la intención de la etnografía virtual},
    author        = {Domínguez Figaredo, Daniel},
    year          = {2007},
    journal       = {Teoría de la Educación. Educación y Cultura en la Sociedad de la Información},
    volume        = {8},
    number        = {1},
    pages         = {42--63},
    url           = {https://www.redalyc.org/articulo.oa?id=201017309004},
}

@article{murthy2008,
    title         = {Digital Ethnography: An Examination of the Use of New Technologies for Social Research},
    author        = {Dhiraj Murthy},
    year          = {2008},
    journal       = {Sociology},
    volume        = {42},
    number        = {5},
    pages         = {837--855},
    doi           = {10.1177/0038038508094565},
    url           = {https://doi.org/10.1177/0038038508094565},
}

@article{turpo2008,
    title         = {La netnografía: un método de investigación en Internet},
    author        = {Turpo Gebera, Osbaldo Washington},
    year          = {2008},
    month         = {10},
    journal       = {Revista Iberoamericana de Educación},
    volume        = {47},
    number        = {2},
    pages         = {1–10},
    doi           = {10.35362/rie4722372},
    url           = {https://rieoei.org/RIE/article/view/2372},
}

@article{leppanen2009,
    title         = {Young People's Translocal New Media Uses: A Multiperspective Analysis Of Language Choice And Heteroglossia},
    author        = {Leppänen, Sirpa and Pitkänen-Huhta, Anne and Piirainen-Marsh, Arja and Nikula, Tarja and Peuronen, Saija},
    year          = {2009},
    journal       = {Journal of Computer-Mediated Communication},
    volume        = {14},
    number        = {4},
    pages         = {1080--1107},
    doi           = {https://doi.org/10.1111/j.1083-6101.2009.01482.x},
    url           = {https://onlinelibrary.wiley.com/doi/abs/10.1111/j.1083-6101.2009.01482.x},
}

@book{kozinets2010,
    title         = {Netnography},
    author        = {Robert Kozinets},
    year          = {2010},
    publisher     = {Sage},
    subtitle      = {Doing Ethnographic Research Online},
}

@article{noveli2010,
    title         = {Do Off-line para o Online},
    author        = {Márcio Noveli},
    year          = {2010},
    month         = {12},
    journal       = {Revista Organizações em Contexto},
    publisher     = {Universidade Metodista de São Paulo},
    address       = {São Bernardo do Campo, Brasil},
    volume        = {6},
    number        = {12},
    pages         = {107--133},
    issn          = {1809-1040},
    url           = {http://www.redalyc.org/articulo.oa?id=534256505005},
    subtitle      = {A Netnografia como um Método de Pesquisa ou o que Pode Acontecer Quando Tentamos Levar a Etnografia para a Internet?},
}

@article{xun2010netnography,
    title         = {Applying Netnography to Market Research: The Case of the Online Forum},
    author        = {Jiyao Xun and Jonathan Reynolds},
    year          = {2010},
    journal       = {Journal of Targeting, Measurement and Analysis for Marketing},
    volume        = {18},
    number        = {1},
    pages         = {17--31},
    doi           = {10.1057/jt.2009.29},
    issn          = {1479-1862},
}

@book{Blommaert2010,
    title         = {Ethnographic Fieldwork: A Beginner’s Guide},
    author        = {Blommaert,  Jan and Jie,  Dong},
    year          = {2010},
    month         = {12},
    publisher     = {Multilingual Matters},
    doi           = {10.21832/9781847692962},
    isbn          = {9781847692962},
    url           = {http://dx.doi.org/10.21832/9781847692962},
}

@article{ramajo2011etnografico,
    title         = {La Utilización del Método Etnográfico en el Estudio de un Acto de Habla},
    author        = {Ramajo Cuesta, Ana},
    year          = {2011},
    journal       = {Revista Nebrija de Lingüística Aplicada},
    number        = {10},
    url           = {https://www.nebrija.com/revista-linguistica/la-utilizacion-del-metodo-etnografico-en-el-estudio-de-un-acto-de-habla.html},
    subtitle      = {Las Respuestas a Cumplidos en Dialecto Libanés y en Español Peninsular},
}

@article{freitas2012netnografia,
    title         = {Concepção da netnografia da comunicação: uma abordagem aplicada à pesquisa em Administração},
    author        = {Grayci Alexandre de Freitas and André de Souza Leão},
    year          = {2012},
    journal       = {Gestão.Org.},
    volume        = {10},
    number        = {2},
    pages         = {211--228},
}

@book{boellstorff2012ethnography,
    title         = {Ethnography and Virtual Worlds},
    author        = {Tom Boellstorff and Bonnie Nardi and Celia Pearce and Tiffany Taylor},
    year          = {2012},
    publisher     = {Princeton University Press},
    subtitle      = {A Handbook of Method},
}

@article{londoñopalacio2012,
    title         = {La etnografía desde las narrativas digitales},
    author        = {Olga Lucía Londoño Palacio},
    year          = {2012},
    journal       = {ItInerarIo educatIvo},
    volume        = {26},
    number        = {59},
    pages         = {143--166},
}

@phdthesis{kulavuz-onal2013,
    title         = {English Language Teachers' Learning to Teach with Technology through Participation in an Online Community of Practice},
    author        = {Derya Kulavuz-Onal},
    year          = {2013},
    address       = {Tampa, FL},
    school        = {University of South Florida, Department of Secondary Education College of Education},
    subtitle      = {A Netnography of Webheads in Action},
    type          = {Ph.D. in Philosophy},
}

@article{kulavuz-onalvásquez2013,
    title         = {Reconceptualising fieldwork in a netnography of an online community of English language teachers},
    author        = {Derya Kulavuz-Onal and Camilla Vásquez},
    year          = {2013},
    journal       = {Ethnography and Education},
    publisher     = {Routledge},
    volume        = {8},
    number        = {2},
    pages         = {224--238},
    doi           = {10.1080/17457823.2013.792511},
    url           = {https://doi.org/10.1080/17457823.2013.792511},
}

@book{tannen2013,
    title         = {Discourse 2.0: Language and New Media},
    author        = {Deborah Tannen and Anna Marie Trester},
    year          = {2013},
    publisher     = {Georgetown University Press},
    isbn          = {9781589019546},
    url           = {http://www.jstor.org/stable/j.ctt4cg8wd},
    urldate       = {2025-01-10},
}

@inbook{west2013,
    title         = {Facework on Facebook: Conversations on Social Media},
    author        = {Laura West and Anna Marie Trester},
    year          = {2013},
    booktitle     = {Discourse 2.0: Language and New Media},
    publisher     = {Georgetown University Press},
    pages         = {133--154},
    isbn          = {9781589019546},
    url           = {http://www.jstor.org/stable/j.ctt4cg8wd.12},
    urldate       = {2025-01-10},
}

@article{Ardèvol_Lanzeni_2014,
    title         = {Visualidades y materialidades de lo digital: caminos desde la antropología},
    author        = {Ardèvol, Elisenda and Lanzeni, Débora},
    year          = {2014},
    month         = {1},
    journal       = {Anthropologica},
    volume        = {32},
    number        = {33},
    pages         = {11--38},
    doi           = {10.18800/anthropologica.201402.002},
    url           = {https://revistas.pucp.edu.pe/index.php/anthropologica/article/view/11324},
}

@artic{casas-romeo2014,
    title         = {La netnografía como herramienta de investigación en contextos on-line},
    author        = {Casas-Romeo, Agustí and Gázquez-Abad, Juan Carlos and Forgas-Coll, Santiago and Huertas-García, Rubén},
    year          = {2014},
    month         = {4},
    journal       = {Innovar},
    volume        = {24},
    number        = {52},
    pages         = {89–101},
    doi           = {10.15446/innovar.v24n52.42525},
    url           = {https://revistas.unal.edu.co/index.php/innovar/article/view/42525},
    subtitle      = {una aplicación al análisis de la imagen de los servicios públicos de transporte},
}

@book{berry2015postdigital,
    title         = {Postdigital Aesthetics},
    author        = {David Berry and Michael Dieter},
    year          = {2015},
    publisher     = {Palgrave},
    address       = {London},
    subtitle      = {Art, Computation and Design},
}

@book{copland2015linguistic,
    title         = {Linguistic Ethnography},
    author        = {Fiona Copland and Angela Creese},
    year          = {2015},
    publisher     = {Sage},
    address       = {London},
    subtitle      = {Collecting, Analysing and Presenting Data},
}

@article{jimenez2015,
    title         = {Literacidad y etnografía: La escritura generada en los mercados comerciales},
    author        = {Jiménez Lizama, Pamela Amalia and Lovón Cueva, Marco Antonio},
    year          = {2015},
    month         = {12},
    journal       = {Lengua y Sociedad},
    volume        = {15},
    number        = {2},
    pages         = {92–106},
    doi           = {10.15381/lengsoc.v15i2.22583},
    url           = {https://revistasinvestigacion.unmsm.edu.pe/index.php/lenguaysociedad/article/view/22583},
}

@article{kulavuz-onal2015,
    title         = {Using Netnography to Explore the Culture of Online Language Teaching Communities},
    author        = {Derya Kulavuz-Onal},
    year          = {2015},
    journal       = {CALICO Journal},
    publisher     = {Equinox Publishing Ltd.},
    volume        = {32},
    number        = {3},
    pages         = {426--448},
    issn          = {07427778, 20569017},
    url           = {https://www.jstor.org/stable/calicojournal.32.3.426},
}

@article{ruiz2015etnografia,
    title         = {Etnografía virtual, un acercamiento al método y a sus aplicaciones},
    author        = {María del Rocío {Ruiz Méndez} and Genaro {Aguirre Aguilar}},
    year          = {2015},
    journal       = {Estudios sobre las Culturas Contemporáneas},
    publisher     = {Universidad de Colima},
    address       = {Colima, México},
    volume        = {21},
    number        = {41},
    pages         = {67--96},
    issn          = {1405-2210},
    url           = {https://www.redalyc.org/articulo.oa?id=31639397004},
}

@inbook{coker2016,
    title         = {Analyzing Language and Humor in Online Communication},
    author        = {Wincharles Coker and  Stephen Kwame Dadugblor},
    year          = {2016},
    publisher     = {IGI Global},
    pages         = {101--113},
    doi           = {10.4018/978-1-5225-0338-5.ch006},
    chapter       = {A Rhetoric of Visual Humor on Facebook},
    editor        = {Rotimi Taiwo and Akinola Odebunmi and Akin Adetunji},
}

@book{georgakopoulou2016,
    title         = {The Routledge Handbook of Language and Digital Communication},
    author        = {Alexandra Georgakopoulou and Tereza Spilioti},
    year          = {2016},
    publisher     = {Routledge, Taylor \& Francis Group},
}

@article{putrikusama2016,
    title         = {Netnopragmatics},
    author        = {Yuliani Kusuma Putri},
    year          = {2016},
    journal       = {urnal Sora. Pernik Studi Bahsa Asing},
    volume        = {1},
    number        = {1},
    pages         = {39--51},
    subtitle      = {An Approach to Analyzing the Use of Language in Online Communities},
}

@book{taiwo2016analyzing,
    title         = {Analyzing Language and Humor in Online Communication},
    author        = {Rotimi Taiwo and Akinola Odebunmi and Akin Adetunji},
    year          = {2016},
    publisher     = {IGI Global},
    address       = {Hershey, PA},
    doi           = {10.4018/978-1-5225-0338-5},
    editor        = {Rotimi Taiwo and Akinola Odebunmi and Akin Adetunji},
}

@article{azman2017hypermedia,
    title         = {Hypermedia Literacy},
    author        = {Hazita Azman and Sepideh Mirzaeifard and Zaini Amir},
    year          = {2017},
    month         = {4},
    journal       = {Akademika},
    volume        = {87},
    number        = {1},
    pages         = {207--220},
    doi           = {10.17576/akad-2017-8701-15},
    subtitle      = {An Insight into English as a Foreign Language Online Reading Processes},
}

@article{costello2017,
    title         = {Netnography: Range of Practices, Misperceptions, and Missed Opportunities},
    author        = {Leesa Costello and Marie-Louise McDermott and Ruth Wallace},
    year          = {2017},
    journal       = {International Journal of Qualitative Methods},
    volume        = {16},
    number        = {1},
    pages         = {1609406917700647},
    doi           = {10.1177/1609406917700647},
    url           = {https://doi.org/10.1177/1609406917700647},
}

@book{martinez2017etnografia,
    title         = {La Etnografía Virtual},
    author        = {Luis Manuel Martínez Hernández and Paula Elvira Ceceñas Torrero and Diana Elizabeth Martínez Leyva},
    year          = {2017},
    publisher     = {Universidad Juárez del Estado de Durango},
    address       = {Durango, México},
}

@article{sanchez2017,
    title         = {La Netnografía},
    author        = {William Sánchez and Paola Ortiz},
    year          = {2017},
    journal       = {Espacios},
    volume        = {38},
    number        = {13},
    pages         = {1--14},
    url           = {https://www.revistaespacios.com/a17v38n13/a17v38n13p28.pdf},
    subtitle      = {un modelo etnográfico en la era digital},
}

@article{Tagg2017,
    title         = {The ethics of digital ethnography in a team project},
    author        = {Caroline Tagg and Agnieszka Lyons and Rachel Hu and Frances Rock},
    year          = {2017},
    journal       = {Applied Linguistics Review},
    volume        = {8},
    number        = {2-3},
    pages         = {271--292},
    doi           = {doi:10.1515/applirev-2016-1040},
}

@incollection{chanona2018,
    title         = {Sobre la Etnografía virtual},
    author        = {Oscar Gustavo Chanona Pérez and Rodrigo Franco Herrera},
    year          = {2018},
    booktitle     = {Las ciencias sociales y la agenda nacional: Reflexiones y propuestas desde las ciencias sociales},
    publisher     = {Comecso},
    address       = {México},
    volume        = {17},
    pages         = {396--413},
    coordinator   = {Galindo, Jorge y Alejandro Monsiváis},
    subtitle      = {recurso para entender los nuevos procesos de investigación requeridos en el mundo actual},
}

@article{isbell2018online,
    title         = {Online Informal Language Learning},
    author        = {Daniel Isbell},
    year          = {2018},
    journal       = {Language Learning \& Technology},
    volume        = {22},
    number        = {3},
    pages         = {82--102},
    doi           = {10.1125/44658},
    subtitle      = {Insights from a Korean Learning Community},
}

@article{kulavuzonal2018,
    title         = {“Thanks, Shokran, Gracias”},
    author        = {Derya Kulavuz-Onal and Camilla Vásquez},
    year          = {2018},
    journal       = {Language Learning \& Technology},
    volume        = {22},
    number        = {1},
    pages         = {240--255},
    doi           = {10.125/44589},
    url           = {https://www.lltjournal.org/item/10125-44589/},
    subtitle      = {Translingual Practices in a Facebook Group},
}

@article{broullón-lonzano2019,
    title         = {Prácticas de Lectoescritura en el texto urbano: Técnicas Etno/Cartográficas y Análisis Semiótico. Estudio de caso},
    author        = {Manuel Antonio Broullón-Lozano},
    year          = {2019},
    month         = {7},
    journal       = {Alabe Revista de Investigación sobre Lectura y Escritura},
    number        = {20},
    doi           = {10.15645/Alabe2019.20.8},
    url           = {https://ojs.ual.es/ojs/index.php/alabe/article/view/7622},
    subtitle      = {el Parque de María Luisa, ¿biblioteca pública al aire libre?},
}

@article{ortizocana2019,
    title         = {Hacer decolonial},
    author        = {Ortiz Ocaña, Alexander and Arias López, María Isabel},
    year          = {2019},
    month         = {1},
    journal       = {Hallazgos},
    volume        = {16},
    number        = {31},
    pages         = {147–166},
    doi           = {10.15332/s1794-3841.2019.0031.06},
    url           = {https://revistas.usantotomas.edu.co/index.php/hallazgos/article/view/4991},
    subtitle      = {desobedecer a la metodología de investigación},
}

@book{tusting2019,
    title         = {The Routledge Handbook of Linguistic Ethnography},
    author        = {Karin Tusting},
    year          = {2019},
    publisher     = {Routledge},
}

@article{urzua2019,
    title         = {Aportes a una etnografía de los movimientos feministas: recursos expresivos en las marchas \#Ni una menos y \#8M en Santiago de Chile},
    author        = {Urzúa Martínez, Sergio},
    year          = {2019},
    month         = {4},
    journal       = {Antípoda. Revista de Antropología y Arqueología},
    number        = {35},
    pages         = {115–124},
    doi           = {10.7440/antipoda35.2019.06},
    url           = {https://revistas.uniandes.edu.co/index.php/antipoda/article/view/2086},
}

@incollection{varis2019digital,
    title         = {Digital approaches in linguistic ethnography},
    author        = {Piia Varis and Mingyi Hou},
    year          = {2019},
    booktitle     = {The Routledge Handbook of Linguistic Ethnography},
    publisher     = {Routledge},
    pages         = {229--240},
    editor        = {Karin Tusting},
}

@article{addeo2020netnography,
    title         = {Doing Social Research on Online Communities: The Benefits of Netnography},
    author        = {Felice Addeo and Angela Delli Paoli and Maria Esposito and Maria Ylenia Bolcato},
    year          = {2020},
    journal       = {Athens Journal of Social Sciences},
    volume        = {7},
    number        = {1},
    pages         = {9--38},
    doi           = {10.30958/ajss.7-1-1},
    url           = {https://doi.org/10.30958/ajss.7-1-1},
}

@article{moralesvasquez2020,
    title         = {Identificación de la percepción del turista hacia el destino Cuenca-Ecuador, mediante la “Netnografía”},
    author        = {Morales Vásquez, Nicolás E. and Gómez Ceballos, Gliceria P.},
    year          = {2020},
    journal       = {RETOS. Revista de Ciencias de la Administración y Economía},
    volume        = {10},
    number        = {19},
    pages         = {81--97},
    issn          = {1390-6291},
    url           = {https://www.redalyc.org/articulo.oa?id=504562644005},
}

@article{kesller2021,
    title         = {Conducting a Netnography in Second Language Acquisition Research},
    author        = {Kessler, Matt and De Costa, Peter and Isbell, Daniel R. and Gajasinghe, Kasun},
    year          = {2021},
    journal       = {Language Learning},
    volume        = {71},
    number        = {4},
    pages         = {1122--1148},
    doi           = {https://doi.org/10.1111/lang.12456},
    url           = {https://onlinelibrary.wiley.com/doi/abs/10.1111/lang.12456},
    eprint        = {https://onlinelibrary.wiley.com/doi/pdf/10.1111/lang.12456},
}

@article{maine2021,
    title         = {Using linguistic ethnography as a tool to analyse dialogic teaching in upper primary classrooms},
    author        = {Fiona Maine and Anna Čermáková},
    year          = {2021},
    journal       = {Learning, Culture and Social Interaction},
    volume        = {29},
    pages         = {100500},
    doi           = {https://doi.org/10.1016/j.lcsi.2021.100500},
    issn          = {2210-6561},
    url           = {https://www.sciencedirect.com/science/article/pii/S2210656121000118},
}

@article{ramirez-cruz2021,
    title         = {Introducción},
    author        = {Héctor Ramírez-Cruz and John Freddy {Chaparro Rojas}},
    year          = {2021},
    month         = {12},
    journal       = {Forma y Función},
    publisher     = {scieloco},
    volume        = {34},
    issn          = {0120-338x},
    url           = {http://www.scielo.org.co/scielo.php?script=sci_arttext&pid=S0120-338X2021000200001&nrm=iso},
    subtitle      = {la diversidad lingüística y la investigación de lenguas en peligro},
    language      = {es},
    doi           = {10.15446/fyf.v34n2.96558},
}

@article{septianasari2021,
    title         = {Language of Persuasion in Online Marketing of Cosmetic Products},
    author        = {Lina Septianasari and Yasmika Baihaqi and Fourus Abqoriyyah and Wuri Syaputri},
    year          = {2021},
    journal       = {PRASASTI: Journal of Linguistics},
    volume        = {6},
    number        = {1},
    pages         = {74--85},
    doi           = {10.20961/prasasti.v6i1.44323},
    issn          = {2527-2969},
    url           = {https://jurnal.uns.ac.id/pjl/article/view/44323},
    subtitle      = {A Glance of Netnography in Pragmatics},
    keywords      = {Pragmatics, Persuasion, Speech Acts, Language Use, Online Marketing},
}

@article{Bonilla_2022,
    title         = {Keys for Analyzing Data on Twitter. Corpus Collection and Processing},
    author        = {Bonilla, Laura},
    year          = {2022},
    month         = {7},
    journal       = {Cuadernos de Lingüística Hispánica},
    number        = {39},
    pages         = {1–21},
    doi           = {10.19053/0121053X.n39.2022.14283},
    url           = {https://revistas.uptc.edu.co/index.php/linguistica_hispanica/article/view/14283},
}

@article{lovón-lóvon2022,
    title         = {Lesbian lexicon},
    author        = {Lovón-Cueva, Carolina Mirian and Lovón-Cueva, Marco},
    year          = {2022},
    month         = {8},
    journal       = {Whatever. A Transdisciplinary Journal of Queer Theories and Studies},
    volume        = {5},
    pages         = {43–70},
    doi           = {10.13131/2611-657X.whatever.v5i1.156},
    url           = {https://whatever.cirque.unipi.it/index.php/journal/article/view/156},
    subtitle      = {The construction of a repertoire of hate in Peruvian cyberforums},
}

@article{lovón2023,
    title         = {Ciberdiscursos en twitter sobre el delivery realizado por migrantes venezolanos en tiempos de la covid-19},
    author        = {Lovón , Marco and Cabel García, Andrea},
    year          = {2023},
    month         = {7},
    journal       = {Política y Sociedad},
    volume        = {60},
    number        = {2},
    pages         = {e83354},
    doi           = {10.5209/poso.83354},
    url           = {https://revistas.ucm.es/index.php/POSO/article/view/83354},
}
