@book{hills_fan_2002,
    title         = {Fan {Cultures}},
    author        = {Hills, Matthew},
    year          = {2002},
    publisher     = {Routledge},
    address       = {London ; New York},
    isbn          = {9780415240253},
    edition       = {1\textordfeminine{} edi\c{c}\~{a}o},
}

@article{lebart_strategies_2004,
    title         = {Strat\'{e}gies identitaires de fans},
    author        = {Le~Bart, Christian},
    year          = {2004},
    journal       = {Revue francaise de sociologie},
    volume        = {45},
    number        = {2},
    pages         = {283--306},
    issn          = {0035-2969},
    url           = {https://www.cairn.info/revue-francaise-de-sociologie-1-2004-2-page-283.htm},
    urldate       = {2022-10-26},
}

@article{shefrin_lord_2004,
    title         = {Lord of the {Rings}, {Star} {Wars}, and participatory fandom: mapping new congruencies between the internet and media entertainment culture},
    author        = {Shefrin, Elana},
    year          = {2004},
    month         = sep,
    journal       = {Critical Studies in Media Communication},
    volume        = {21},
    number        = {3},
    pages         = {261--281},
    doi           = {10.1080/0739318042000212729},
    issn          = {1529-5036},
    url           = {https://doi.org/10.1080/0739318042000212729},
    urldate       = {2022-10-26},
}

@book{booth_digital_2010,
    title         = {Digital {Fandom} 2.0: {New} {Media} {Studies}: 114},
    author        = {Booth, Paul},
    year          = {2010},
    publisher     = {Peter Lang Inc., International Academic Publishers},
    address       = {New York},
    isbn          = {9781433131509},
}

@book{gray_show_2010,
    title         = {Show {Sold} {Separately}: {Promos}, {Spoilers}, and {Other} {Media} {Paratexts}},
    author        = {Gray, Jonathan},
    year          = {2010},
    month         = jan,
    publisher     = {New York University Press},
    address       = {New York},
    isbn          = {9780814731956},
}

@misc{stein_taxonomy_2010,
    title         = {A {Taxonomy} of {Social} {Reading}: a proposal. {Institute} for the {Future} of the {Book}},
    author        = {Stein, Bob},
    year          = {2010},
    url           = {http://futureofthebook.org/social-reading/categories-1-2-3/index.html},
    urldate       = {2022-10-26},
    language      = {en-U},
}

@book{zaid_demasiados_2010,
    title         = {Los demasiados libros},
    author        = {Zaid, Gabriel},
    year          = {2010},
    publisher     = {Anagrama},
    address       = {Barcelona},
    isbn          = {9786074299502},
}

@book{zizek_acoso_2011,
    title         = {El acoso de las fantas\'{\i}as},
    author        = {Zizek, Slajov},
    year          = {2011},
    publisher     = {Akal},
    address       = {Madrid},
}

@book{cassany_en_linea._2012,
    title         = {En\_l\'{\i}nea. {Leer} y escribir en la red},
    author        = {Cassany, Daniel},
    year          = {2012},
    publisher     = {Editorial Anagrama},
    edition       = {1\textordfeminine{} edi\c{c}\~{a}o},
}

@book{duhigg_power_2012,
    title         = {The {Power} of {Habit}: {Why} {We} {Do} {What} {We} {Do}, and {How} to {Change}},
    author        = {Duhigg, Charles},
    year          = {2012},
    publisher     = {Cornerstone},
    address       = {New York},
    isbn          = {9781847946249},
}

@article{morrison_fiction_2013,
    title         = {Fiction in 2043: {Looking} back from the future},
    author        = {Morrison, Ewan},
    year          = {2013},
    month         = aug,
    journal       = {The Guardian},
    issn          = {0261-3077},
    url           = {https://www.theguardian.com/books/2013/aug/12/fiction-2043-time-travel-war-and-peace},
    urldate       = {2022-10-26},
    chapter       = {Books},
    keywords      = {Edinburgh international book festival, Edinburgh festival, Festivals, Books, Culture, Fiction, Publishing, Ebooks, Technology, Apps},
}

@book{scolari_narrativas_2013,
    title         = {Narrativas transmedia: {Cuando} todos los medios cuentan},
    author        = {Scolari, Carlos Alberto},
    year          = {2013},
    publisher     = {Centro Libros PAPF},
    address       = {Barcelona},
}

@article{tappuni_are_2013,
    title         = {Are online communities the future of bookselling?},
    author        = {Tappuni, Jane},
    year          = {2013},
    month         = oct,
    journal       = {Learned Publishing},
    volume        = {26},
    number        = {4},
    pages         = {269--271},
    doi           = {10.1087/20130407},
    issn          = {09531513, 17414857},
    url           = {http://doi.wiley.com/10.1087/20130407},
    urldate       = {2022-10-26},
}

@book{bollmann_mujeres_2015,
    title         = {Mujeres y libros: {Una} pasi\'{o}n con consecuencias},
    author        = {Bollmann, Stefan},
    year          = {2015},
    publisher     = {Seix Barral},
    address       = {Barcelona},
    isbn          = {9788432224829},
    language      = {Espanhol},
}

@book{cordon_garcia_nuevas_2016,
    title         = {Las nuevas fuentes de informaci\'{o}n: {La} b\'{u}squeda informativa, documental y de investigaci\'{o}n en el \'{a}mbito digital},
    author        = {Cord\'{o}n Garc\'{\i}a, Jos\'{e} Antonio  and Alonso Ar\'{e}valo, Julio  and G\'{o}mez D\'{\i}az, Raquel  and Garc\'{\i}a Rodr\'{\i}guez, Araceli},
    year          = {2016},
    publisher     = {Ediciones Pir\'{a}mide},
    address       = {Madrid},
    isbn          = {9788436836455},
}

@book{cruz_martin_fenomeno_2016,
    title         = {El fen\'{o}meno de la fanfiction},
    author        = {Cruz Mart\'{\i}n, Anna},
    year          = {2016},
    month         = jun,
    publisher     = {Universidad},
    address       = {Girona},
    url           = {https://dugi-doc.udg.edu/handle/10256/13312},
    urldate       = {2022-10-26},
    copyright     = {Attribution-NonCommercial-NoDerivs 3.0 Spain},
}

@misc{hubbell_what_2016,
    title         = {What it {Means} to {Be} a {Potterhead}},
    author        = {Hubbell, Allison},
    year          = {2016},
    month         = mar,
    journal       = {The Odyssey Online},
    url           = {http://theodysseyonline.com/alma-college/what-it-means-to-be-potterhead/381062},
    urldate       = {2022-10-26},
}

@book{aira_continuacion_2019,
    title         = {Continuaci\'{o}n de {Ideas} {Diversas}},
    author        = {Aira, C\'{e}sar},
    year          = {2017},
    month         = jul,
    publisher     = {Jus, Libreros y Editores},
    address       = {M\'{e}xico},
}

@book{coppa_fanfiction_2017,
    title         = {The {Fanfiction} {Reader}: {Folk} {Tales} for the {Digital} {Age}},
    author        = {Coppa, Francesca},
    year          = {2017},
    month         = mar,
    publisher     = {University of Michigan Press},
    address       = {Ann Arbor},
    isbn          = {9780472073481},
}

@book{cruces_villalobos_como_2017,
    title         = {\textquestiondown{}{C\'{o}mo} leemos en la sociedad digital?: {Lectores}, booktubers y prosumidores},
    year          = {2017},
    publisher     = {Lectura Plus},
    address       = {Barcelona, Madrid},
    isbn          = {9788408178453},
    editor        = {Cruces Villalobos, Francisco},
}

@book{ferraris_movilizacion_2017,
    title         = {Movilizaci\'{o}n total: 0},
    author        = {Ferraris, Maurizio},
    year          = {2017},
    publisher     = {Herder Editorial},
    address       = {Barcelons},
    isbn          = {9788425439247},
    edition       = {1\textordfeminine{} edi\c{c}\~{a}o},
}

@book{gomez_diaz_fuentes_2017,
    title         = {Fuentes especializadas en {Ciencias} {Sociales} y {Humanidades}},
    author        = {G\'{o}mez D\'{\i}az, Raquel and Garc\'{\i}a Rodr\'{\i}guez, Araceli  and Cord\'{o}n Garc\'{\i}a, Jos\'{e} Antonio},
    year          = {2017},
    publisher     = {Ediciones Pir\'{a}mide},
    address       = {Madrid},
    isbn          = {9788436837902},
    edition       = {edici\'{o}n},
}

@book{zafra_entusiasmo:_2017,
    title         = {El entusiasmo: {Premio} {Anagrama} de {Ensayo}},
    author        = {Zafra, Remedios},
    year          = {2017},
    month         = nov,
    publisher     = {Editorial Anagrama},
    edition       = {1\textordfeminine{} edi\c{c}\~{a}o},
}

@book{bourdieu_reglas_2018,
    title         = {Las reglas del arte},
    author        = {Bourdieu, Pierre},
    year          = {2018},
    publisher     = {Anagrama},
    address       = {Barcelona},
}

@book{cuquerella_cafe_2018,
    title         = {Del caf\'{e} al tuit: {Literatura} digital, una nueva vanguardia},
    author        = {Cuquerella, Ana},
    year          = {2018},
    publisher     = {Calambur},
    address       = {Valencia},
    isbn          = {9788483594483},
}

@misc{houston_top_2018,
    title         = {The {Top} {Technologies} {Publishers} {Will} {Buy} in 2018},
    author        = {Houston, Peter and Wilson, Denis},
    year          = {2018},
    journal       = {Publishing Executive},
    url           = {https://www.pubexec.com/longform/the-top-technologies-publishers-will-buy-in-2018/},
    urldate       = {2018-10-26},
}

@article{jacobs_live_2018,
    title         = {Live streaming as participation: {A} case study of conflict in the digital and physical spaces of "{Supernatural}" conventions},
    author        = {Jacobs, Naomi},
    year          = {2018},
    month         = sep,
    journal       = {Transformative Works and Cultures},
    volume        = {28},
    doi           = {10.3983/twc.2018.1393},
    issn          = {1941-2258},
    url           = {https://journal.transformativeworks.org/index.php/twc/article/view/1393},
    urldate       = {2022-10-26},
    copyright     = {Copyright (c) 2018 Naomi Jacobs},
    keywords      = {Periscope},
}

@book{lluch_claves_2018,
    title         = {Claves para promocionar la lectura en la red: 04},
    author        = {Esteve, Anna and Franc\'{e}s, M. \'{A}ngeles and Tabernero, Rosa and Fern\'{a}ndez-Villavicencio, Nieves Gonz\'{a}lez and Escandell, Dari and Calvo, Virginia and Baldaqu\'{\i}, Josep Mar\'{\i}a},
    year          = {2018},
    publisher     = {Sintesis},
    address       = {Madrid},
    isbn          = {9788491712848},
    editor        = {Lluch, Gemma},
}

@article{peyron_fandom_2018,
    title         = {Fandom names and collective identities in contemporary popular culture},
    author        = {Peyron, David},
    year          = {2018},
    month         = sep,
    journal       = {Transformative Works and Cultures},
    volume        = {28},
    doi           = {10.3983/twc.2018.1468},
    issn          = {1941-2258},
    url           = {https://journal.transformativeworks.org/index.php/twc/article/view/1468},
    urldate       = {2022-10-26},
    copyright     = {Copyright (c) 2018 David Peyron},
    keywords      = {Tributes},
}

@article{potts_participatory_2018,
    title         = {Participatory memory: {Fandom} experiences across time and space},
    author        = {Potts, Liza and Beattie, Melissa and Dallaire, Emily and Grimes, Katie and Turner, Kelly},
    year          = {2018},
    month         = sep,
    journal       = {Transformative Works and Cultures},
    volume        = {28},
    doi           = {10.3983/twc.2018.1595},
    issn          = {1941-2258},
    url           = {https://journal.transformativeworks.org/index.php/twc/article/view/1595},
    urldate       = {2022-10-26},
    copyright     = {Copyright (c) 2018 J. Caroline Toy},
    keywords      = {Torchwood},
}

@article{somoza-fernandez_journal_2018,
    title         = {Journal coverage of the {Emerging} {Sources} {Citation} {Index}: {Emerging} {Sources} {Citation} {Index}},
    author        = {Somoza-Fern\'{a}ndez, Marta and Rodr\'{\i}guez-Gair\'{\i}n, Josep-Manuel and Urbano, Crist\'{o}bal},
    year          = {2018},
    month         = jul,
    journal       = {Learned Publishing},
    volume        = {31},
    number        = {3},
    pages         = {199--204},
    doi           = {10.1002/leap.1160},
    issn          = {09531513},
    url           = {https://onlinelibrary.wiley.com/doi/10.1002/leap.1160},
    urldate       = {2022-10-26},
}

@article{tricco_prisma_2018,
    title         = {{PRISMA} {Extension} for {Scoping} {Reviews} ({PRISMA}-{ScR}): {Checklist} and {Explanation}},
    shorttitle    = {{PRISMA} {Extension} for {Scoping} {Reviews} ({PRISMA}-{ScR})},
    author        = {Tricco, Andrea C. and Lillie, Erin and Zarin, Wasifa and O'Brien, Kelly K. and Colquhoun, Heather and Levac, Danielle and Moher, David and Peters, Micah D. J. and Horsley, Tanya and Weeks, Laura and Hempel, Susanne and Akl, Elie A. and Chang, Christine and McGowan, Jessie and Stewart, Lesley and Hartling, Lisa and Aldcroft, Adrian and Wilson, Michael G. and Garritty, Chantelle and Lewin, Simon and Godfrey, Christina M. and Macdonald, Marilyn T. and Langlois, Etienne V. and Soares-Weiser, Karla and Moriarty, Jo and Clifford, Tammy and Tun\c{c}alp, \"{O}zge and Straus, Sharon E.},
    year          = {2018},
    month         = oct,
    journal       = {Annals of Internal Medicine},
    volume        = {169},
    number        = {7},
    pages         = {467--473},
    doi           = {10.7326/M18-0850},
    issn          = {1539-3704},
    keywords      = {Checklist, Delphi Technique, Humans, Meta-Analysis as Topic, Review Literature as Topic, Systematic Reviews as Topic},
}

@book{basanta_leer_2019,
    title         = {Leer contra la nada: 66},
    author        = {Basanta, Antonio},
    year          = {2019},
    publisher     = {Siruela},
    address       = {Madrid},
    isbn          = {9788417151409},
    language      = {Espanhol},
}

@book{cassany_laboratorio_2019,
    title         = {Laboratorio {Lector}: {Para} {Entender} {La} {Lectura}: 526},
    author        = {Cassany, Daniel},
    year          = {2019},
    publisher     = {Anagrama},
    address       = {Barcelona},
    isbn          = {9788433964304},
    edition       = {1\textordfeminine{} edi\c{c}\~{a}o},
}

@book{cassany_daniel_coord._fandom_2019,
    title         = {El fandom en la juventud espa\~{n}ola},
    author        = {{Cassany, Daniel (coord.)} and {Aliagas, Cristina} and {Pascual, Mariona} and {Shafirova, Liudmila} and {Valero-Porras, Mar\'{\i}a-Jos\'{e}} and {Vazquez-Calvo, Boris} and {Zhang, Leticia-Tian}},
    year          = {2019},
    month         = may,
    publisher     = {Centro Reina Sof\'{\i}a sobre Adolescencia y Juventud, Fad},
    address       = {Madrid},
    doi           = {10.5281/ZENODO.3631707},
    isbn          = {9788417027179},
    url           = {https://zenodo.org/record/3631707},
    urldate       = {2022-10-26},
}

@book{chartier_cultura_2019,
    title         = {Cultura escrita y textos en red},
    author        = {Chartier, Roger and Scolari, Carlos A.},
    year          = {2019},
    publisher     = {Gedisa Editorial},
}

@article{cordon-garcia_evolution_2019,
    title         = {Evolution of the visibility of scholarly monographs in the academic field},
    author        = {Cord\'{o}n-Garc\'{\i}a, Jos\'{e}-Antonio and Merch\'{a}n-S\'{a}nchez-Jara, Javier and Mangas-Vega, Almudena},
    year          = {2019},
    month         = aug,
    journal       = {El Profesional de la Informaci\'{o}n},
    volume        = {28},
    number        = {4},
    doi           = {10.3145/epi.2019.jul.09},
    issn          = {1699-2407, 1386-6710},
    url           = {https://revista.profesionaldelainformacion.com/index.php/EPI/article/view/epi.2019.jul.09},
    urldate       = {2022-10-26},
}

@book{faggiolani_redes_2019,
    title         = {Las redes de la lectura: {An\'{a}lisis}, modelos y pr\'{a}cticas de lectura social},
    author        = {Faggiolani, Chiara and Vivarelli, Maurizio},
    year          = {2019},
    publisher     = {Ediciones Trea, S.L.},
    address       = {Gijo\'n},
    isbn          = {9788417767174},
}

@article{pelosi_modelo_2019,
    title         = {Modelo de calidad de las plataformas de recomendaci\'{o}n de aplicaciones infantiles y juveniles},
    author        = {Pelosi, Sofia and G\'{o}mez-D\'{\i}az, Raquel and Garc\'{\i}a-Rodr\'{\i}guez, Araceli},
    year          = {2019},
    month         = jul,
    journal       = {Ocnos. Revista de estudios sobre lectura},
    volume        = {18},
    number        = {2},
    pages         = {17--30},
    doi           = {10.18239/ocnos\_2019.18.2.1938},
    issn          = {2254-9099},
    url           = {https://revista.uclm.es/index.php/ocnos/article/view/ocnos\_2019.18.2.1938},
    urldate       = {2022-10-26},
    copyright     = {Derechos de autor 2019 Sofia Pelosi, Raquel G\'{o}mez-D\'{\i}az, Araceli Garc\'{\i}a-Rodr\'{\i}guez},
    keywords      = {criterios de evaluaci\'{o}n.},
}

@article{rodriguez_marcos_21_2019,
    title         = {Los 21 mejores libros del siglo {XXI}},
    author        = {Rodr\'{\i}guez Marcos, Javier},
    year          = {2019},
    month         = nov,
    journal       = {El Pa\'{\i}s},
    address       = {Madrid},
    issn          = {1134-6582},
    url           = {https://elpais.com/cultura/2019/11/26/babelia/1574767429\_166094.html},
    urldate       = {2022-10-26},
    chapter       = {Babelia},
    keywords      = {Resumen anual, Editoriales, Sector editorial, Libros, Industria cultural, Escritores, Literatura, Cultura, Medios comunicaci\'{o}n, Comunicaci\'{o}n, Babelia},
}

@article{de_filippo_is_2020,
    title         = {Is the {Emerging} {Source} {Citation} {Index} an aid to assess the citation impact in social science and humanities?},
    author        = {De Filippo, Daniela and Gorraiz, Juan},
    year          = {2020},
    month         = nov,
    journal       = {Journal of Informetrics},
    volume        = {14},
    number        = {4},
    pages         = {101088},
    doi           = {10.1016/j.joi.2020.101088},
    issn          = {1751-1577},
    url           = {https://www.sciencedirect.com/science/article/pii/S1751157719304067},
    urldate       = {2022-10-26},
    keywords      = {Emerging Source Citation Index, Impact, Social sciences and humanities, Bibliometrics indicators},
}

@book{echeverria_ezponda_tecnopersonas:_2020,
    title         = {Tecnopersonas: {C\'{o}mo} las tecnolog\'{\i}as nos transforman},
    author        = {Echeverr\'{\i}a Ezponda, Javier  and Almendros, Lola S.},
    year          = {2020},
    publisher     = {Ediciones Trea, S.L.},
    address       = {Gij\'{o}n},
    isbn          = {9788417987404},
    edition       = {1\textordfeminine{} edi\c{c}\~{a}o},
}

@incollection{escandell_exocanonismo_2020,
    title         = {Exocanonismo y estrategias de impulso para la literatura electr\'{o}nica en lengua espa\~{n}ola},
    author        = {Escandell, Daniel},
    year          = {2020},
    booktitle     = {Documentando la memoria cultural: {Las} mujeres en las (auto)narraciones exocan\'{o}nicas},
    publisher     = {Universidad},
    address       = {Salamanca: Universidad,},
    pages         = {281--292},
    editor        = {Borham Puyal, Miriam and S\'{a}nchez, Jorge Diego and Garc\'{\i}a P\'{e}rez, Mar\'{\i}a Isabel},
}

@article{pianzola_wattpad_2020,
    title         = {Wattpad as a resource for literary studies. {Quantitative} and qualitative examples of the importance of digital social reading and readers' comments in the margins},
    author        = {Pianzola, Federico and Rebora, Simone and Lauer, Gerhard},
    year          = {2020},
    month         = jan,
    journal       = {PLOS ONE},
    volume        = {15},
    number        = {1},
    pages         = {e0226708},
    doi           = {10.1371/journal.pone.0226708},
    issn          = {1932-6203},
    url           = {https://journals.plos.org/plosone/article?id=10.1371/journal.pone.0226708},
    urldate       = {2022-10-26},
    keywords      = {Emotions, Graphs, Social discrimination, Languages, Heart, Computer networks, Metadata, Culture},
}

@article{vuotto_fortalezas_2020,
    title         = {Fortalezas y debilidades de las principales bases de datos de informaci\'{o}n cient\'{\i}fica desde una perspectiva bibliom\'{e}trica},
    author        = {Vuotto, Andr\'{e}s and Di C\'{e}sare, Victoria and Pallotta, Natalia},
    year          = {2020},
    month         = oct,
    journal       = {Palabra Clave (La Plata)},
    volume        = {10},
    number        = {1},
    pages         = {e101},
    doi           = {10.24215/18539912e101},
    issn          = {1853-9912},
    url           = {https://www.palabraclave.fahce.unlp.edu.ar/article/view/PCe101},
    urldate       = {2022-10-26},
}

@book{baron_how_2021,
    title         = {How {We} {Read} {Now}: {Strategic} {Choices} for {Print}, {Screen}, and {Audio}},
    author        = {Baron, Naomi},
    year          = {2021},
    month         = mar,
    publisher     = {Oxford University Press, USA},
    address       = {New York},
    isbn          = {9780190084097},
}

@article{butt_bibliometric_2021,
    title         = {Bibliometric {Analysis} of {Statistics} {Journals} {Indexed} in {Web} of {Science} {Under} {Emerging} {Source} {Citation} {Index}},
    author        = {Butt, Nadeem Shafique and Malik, Ahmad Azam and Shahbaz, Muhammad Qaiser},
    year          = {2021},
    month         = jan,
    journal       = {SAGE Open},
    volume        = {11},
    number        = {1},
    pages         = {215824402098887},
    doi           = {10.1177/2158244020988870},
    issn          = {2158-2440, 2158-2440},
    url           = {http://journals.sagepub.com/doi/10.1177/2158244020988870},
    urldate       = {2022-10-26},
}

@book{mora_escritura_2021,
    title         = {La escritura a la intemperie. {Metamorfosis} de la experiencia literaria y la lectura en la cultura digital},
    author        = {Mora, Vicente Luis},
    year          = {2021},
    publisher     = {Publicaciones Universidad de Le\'{o}n},
    address       = {Le\'{o}n},
    isbn          = {9788418490132},
    edition       = {1\textordfeminine{} edi\c{c}\~{a}o},
}

@misc{pianzola_digital_2021,
    title         = {Digital {Social} {Reading} \cdot{} {Works} in {Progress}},
    author        = {Pianzola, Federico},
    year          = {2021},
    journal       = {Digital Social Reading},
    url           = {https://wip.mitpress.mit.edu/digital-social-reading},
    urldate       = {2022-10-26},
    note          = {publisher: MIT Press},
}

@article{cordon-garcia_publishing_2022,
    title         = {Publishing, books and reading: {Spaces} of authorship, visibility, and socialisation},
    author        = {Cord\'{o}n-Garc\'{\i}a, Jos\'{e}-Antonio and Mu\~{n}oz-Rico, Mar\'{\i}a},
    year          = {2022},
    month         = mar,
    journal       = {Profesional de la informaci\'{o}n},
    volume        = {31},
    number        = {2},
    doi           = {10.3145/epi.2022.mar.05},
    issn          = {1699-2407},
    url           = {https://revista.profesionaldelainformacion.com/index.php/EPI/article/view/86940},
    urldate       = {2022-10-26},
    copyright     = {Derechos de autor 2022 Profesional de la Informaci\'{o}n},
    keywords      = {Print on demand},
}

@book{munoz_rico_bestsellers_2022,
    title         = {Los bestsellers y el caso de "{Harry} {Potter}": lectura, fidelidad y adicci\'{o}n en la literatura de masas: 385},
    author        = {Mu\~{n}oz Rico, Mar\'{\i}a  and Cord\'{o}n Garc\'{\i}a, Jos\'{e} Antonio},
    year          = {2022},
    publisher     = {Ediciones Trea, S.L.},
    address       = {Gij\'{o}n, Asturias, Espa\~{n}a},
    isbn          = {9788418932052},
}
