@article{milgram1994taxonomy,
    title         = {A Taxonomy of Mixed Reality Visual Displays},
    author        = {Paul Milgram and Fumio Kishino},
    year          = {1994},
    journal       = {IEICE Transactions on Information and Systems},
    volume        = {77},
    number        = {12},
    pages         = {1321--1329},
}

@article{huang2010investigating,
    title         = {Investigating learners' attitudes toward virtual reality learning environments: Based on a constructivist approach},
    author        = {Hsiu-Mei Huang and Ulrich Rauch and Shu-Sheng Liawc},
    year          = {2010},
    journal       = {Computer \& Education},
    volume        = {55},
    pages         = {1171--1182},
}

@book{sevillano2015dispositivos,
    title         = {Dispositivos digitales móviles en educación: el aprendizaje ubicuo},
    author        = {María Luisa Sevillano and Esteban Vázquez-Cano},
    year          = {2015},
    publisher     = {Narcea},
}

@article{fonseca2016motivacion,
    title         = {Motivación y mejora académica utilizando realidad aumentada para el estudio de modelos tridimensionales arquitectónicos},
    author        = {Fonseca Escudero, D. and Redondo Domínguez, E. and Valls, F.},
    year          = {2016},
    journal       = {Education in the Knowledge Society (EKS)},
    volume        = {17},
    number        = {1},
    pages         = {45--64},
    doi           = {10.14201/eks20161714564},
    url           = {https://doi.org/10.14201/eks20161714564},
}

@article{birt_2017,
    title         = {Improving paramedic distance education through mobile mixed reality simulation},
    author        = {Birt, James and Moore, Emma and Cowling, Michael},
    year          = {2017},
    journal       = {Australasian Journal of Educational Technology},
    volume        = {33},
    number        = {6},
    doi           = {https://doi.org/10.14742/ajet.3596},
}

@article{delcerrovelazquez2017realidad,
    title         = {Realidad Aumentada como herramienta de mejora de la inteligencia espacial en estudiantes de educación secundaria},
    author        = {Francisco Del-Cerro-Velázquez and Ginés Morales-Méndez},
    year          = {2017},
    journal       = {RED. Revista de Educación a Distancia},
    volume        = {53},
    pages         = {1--14},
    doi           = {10.6018/red/54/5},
}

@article{otegui2017realidad,
    title         = {La realidad virtual y la realidad aumentada en el proceso de marketing},
    author        = {Josu Otegui},
    year          = {2017},
    journal       = {Revista de Dirección y Administración de Empresas},
    volume        = {24},
    pages         = {155--229},
    url           = {https://ojs.ehu.eus/index.php/rdae/article/view/19141},
}

@article{abdulrahman_2018,
    title         = {A virtual reality role-playing serious game for experiential learning},
    author        = {Abdulrahman, Eneas and Al Osman, Hussein},
    year          = {2018},
    journal       = {Interactive Learning Environments},
    volume        = {30},
    number        = {5},
    pages         = {922--935},
    doi           = {https://doi.org/10.1080/10494820.2019.1703008},
}

@article{cabero_2018,
    title         = {La producción de objetos de aprendizaje en realidad aumentada por los estudiantes. Los estudiantes como prosumidores de información},
    author        = {Cabero Almenara, Julio and Barroso-Osuna, Julio and Gallego-Pérez, Óscar},
    year          = {2018},
    journal       = {Revista Tecnología, Ciencia y Educación},
    volume        = {11},
    pages         = {15--46},
    doi           = {https://doi.org/10.51302/tce.2018.221},
}

@inproceedings{paredesvelastegui2018augmented,
    title         = {Augmented Reality Implementation as Reinforcement Tool for Public Textbooks Education in Ecuador},
    author        = {Paredes-Velasteguí, D. and others},
    year          = {2018},
    booktitle     = {2018 IEEE Global Engineering Education Conference},
    pages         = {1243--1250},
    doi           = {10.1109/educon.2018.8363387},
}

@article{ogbuanya2018investigating,
    title         = {Investigating the Effectiveness of Desktop Virtual Reality for Teaching and Learning of Electrical/Electronics Technology in Universities},
    author        = {Ogbuanya, Theresa and Ogbonna, Nicolás},
    year          = {2018},
    journal       = {Computers in the Schools},
    volume        = {35},
    number        = {3},
    pages         = {226--248},
    doi           = {https://doi.org/10.1080/07380569.2018.1492283},
}

@article{yang2018examining,
    title         = {Examining creativity through a virtual reality support system},
    author        = {Yang, Xiaozhe and Lin, Lin and Cheng, Pei-Yu and Yang, Xue and Ren, Youqun and Huang, Yueh-Min},
    year          = {2018},
    journal       = {Educational Technology Research and Development},
    volume        = {66},
    number        = {5},
    pages         = {1231--1254},
    doi           = {10.1007/s11423-018-9604-z},
}

@article{alfalah_2019,
    title         = {A comparative study between a virtual reality heart anatomy system and traditional medical teaching modalities},
    author        = {Alfalah, Salsaabel F.M. and Falah, Jannat F.M. and Alfalah, Tasnnem and Elfalah, Mutasem and Muhaidat, Nadia and Falash, Orwa},
    year          = {2019},
    journal       = {Virtual Reality},
    volume        = {23},
    pages         = {229--234},
    doi           = {https://doi.org/10.1007/s10055-018-0359-y},
}

@article{alonso_2019,
    title         = {Robots, inteligencia artificial y realidad virtual: una aproximación en el sector del turismo},
    author        = {Alonso, María del Mar},
    year          = {2019},
    journal       = {Cuadernos de Turismo},
    number        = {44},
    pages         = {13--26},
    doi           = {http://dx.doi.org/10.6018/turismo.44.404711},
}

@book{baena_2019,
    title         = {El aprendizaje experiencial como metodología docente. Buenas prácticas},
    author        = {Baena, Verónica},
    year          = {2019},
    publisher     = {Narcea},
    address       = {Madrid},
}

@article{cabero2019educational,
    title         = {Educational Uses of Augmented Reality (AR): Experiences in Educational Science},
    author        = {Cabero-Almenara, J. and Barroso-Osuna, J. and Llorente-Cejudo, C. and Fernández Martínez, M. d. M.},
    year          = {2019},
    journal       = {Sustainability},
    volume        = {11},
    number        = {18},
    pages         = {4990},
    doi           = {10.3390/su11184990},
    url           = {https://doi.org/10.3390/su11184990},
}

@inproceedings{scavarelli2019towards,
    title         = {Towards a Framework on Accessible and Social VR in Education},
    author        = {Scavarelli, A. and Arya, A. and Teather, R.J.},
    year          = {2019},
    booktitle     = {IEEE Conference on Virtual Reality and 3D User Interfaces (VR)},
    address       = {Osaka, Japan},
    pages         = {1148--1149},
    doi           = {10.1109/vr.2019.8798100},
    url           = {https://doi.org/10.1109/VR.2019.8798100},
}

@article{chang2019effects,
    title         = {Effects of spherical video-based virtual reality on nursing students’ learning performance in childbirth education training},
    author        = {Chang, Ching-Yi and Sung, Han-Yu Y. and Guo, Jong Long and Chang, Bieng-Yi and Kuo, Fan-Ray},
    year          = {2019},
    journal       = {Interactive Learning Environments},
    volume        = {30},
    number        = {3},
    pages         = {400--416},
    doi           = {10.1080/10494820.2019.1661854},
}

@book{navarro2019realidad,
    title         = {Realidad virtual y realidad aumentada},
    author        = {Fernando Navarro and Antonio Martínez and José M. Martínez},
    year          = {2019},
    publisher     = {Ediciones de la U},
}

@article{ke2019enhanced,
    title         = {A Enhanced Interaction Framework Based on VR, AR and MR in Digital Twin},
    author        = {Ke, Shiqian and Xiang, Feng and Zhang, Zhi and Zuo, Ying},
    year          = {2019},
    journal       = {Procedia CIRP},
    volume        = {83},
    pages         = {753--758},
}

@article{king2020problematic,
    title         = {Problematic online gaming and the COVID-19 pandemic},
    author        = {King, D. L. and Delfabbro, P. H. and Billieux, J. and Potenza, M. N.},
    year          = {2020},
    journal       = {Journal of Behavioral Addictions},
    volume        = {9},
    number        = {2},
    pages         = {184--186},
    doi           = {10.1556/2006.2020.00016},
    url           = {https://doi.org/10.1556/2006.2020.00016},
}

@techreport{brown2020educause,
    title         = {2020 EDUCAUSE Horizon Report, Teaching and Learning},
    author        = {Brown, M. and Mccormack, M. and Reeves, J. and Brooks, C. and Grajek, S.},
    year          = {2020},
    institution   = {Educause},
}

@article{bourgeois_bougrine_2020,
    title         = {The expression of users' creative potential in virtual and real environments: An exploratory study},
    author        = {Bourgeois-Bougrine, Samira and Richard, Peter and Burkhardt, Jean-Marie and Frantz, Benjamin and Lubart, Todd},
    year          = {2020},
    journal       = {Creativity Research Journal},
    volume        = {32},
    number        = {1},
    pages         = {55--65},
    doi           = {https://doi.org/10.1080/10400419.2020.1712162},
}

@article{brown_2020,
    title         = {2020 EDUCAUSE Horizon Report, Teaching and Learning Edition},
    author        = {Brown, Malcolm and others},
    year          = {2020},
    journal       = {Educause},
    url           = {https://eric.ed.gov/?id=ED607329},
}

@article{caballero_2020,
    title         = {Realidad aumentada vs. realidad virtual: Una revisión conceptual},
    author        = {Caballero, María Paula and Mejía, Carolina and Romero, Juan Carlos},
    year          = {2020},
    journal       = {Teknos. Revista Científica},
    volume        = {19},
    number        = {2},
    pages         = {10--19},
    doi           = {https://doi.org/10.25044/25392190.991},
}

@online{churches2020taxonomia,
    title         = {Taxonomía de Bloom para la era digital},
    author        = {Andrew Churches},
    year          = {2020},
    urldate       = {2025-01-05},
    url           = {https://eduteka.icesi.edu.co/articulos/TaxonomiaBloomDigital},
}

@article{tzima2020harnessing,
    title         = {Harnessing the Potential of Storytelling and Mobile Technology in Intangible Cultural Heritage: A Case Study in Early Childhood Education in Sustainability},
    author        = {Stavroula Tzima and Georgios Styliara and Athanasios Bassounas and Maria Tzima},
    year          = {2020},
    journal       = {Sustainability},
    volume        = {12},
    number        = {22},
    pages         = {9416},
    doi           = {10.3390/su12229416},
}

@article{ovalle2020realidad,
    title         = {Realidad aumentada, una herramienta para la motivación en el aprendizaje de la geometría},
    author        = {Shirley Andrea Ovalle and Jeimmy Nathaly Vásquez},
    year          = {2020},
    journal       = {Revista Conrado},
    volume        = {16},
    number        = {75},
    pages         = {56--60},
    url           = {https://conrado.ucf.edu.cu/index.php/conrado/article/view/1385},
}

@article{gleason2020implementacion,
    title         = {Implementación del aprendizaje experiencial en la universidad, sus beneficios en el alumnado y el rol docente},
    author        = {Gleason, Miriam and Rubio, Julio},
    year          = {2020},
    journal       = {Revista Educación},
    volume        = {44},
    number        = {2},
    doi           = {10.15517/revedu.v44i2.40197},
}

@article{calderon2020realidad,
    title         = {Realidad virtual: impacto en el aprendizaje percibido de estudiantes de Ciencias de la Salud},
    author        = {Calderón, Sebastián Javier and Tumino, Marisa Cecilia and Bournissen, Juan Manuel},
    year          = {2020},
    journal       = {Tecnología, Ciencia y Educación},
    volume        = {16},
    pages         = {65--82},
    doi           = {10.51302/tce.2020.441},
}

@article{toala2020realidad,
    title         = {La Realidad Virtual como herramienta de innovación educativa},
    author        = {Toala-Palma, Josefa-Katiuska and Arteaga-Mera, Jéssica and Quintana-Loor, Juana Maricela and Santana-Vergara, María Isabel},
    year          = {2020},
    journal       = {Episteme Koinonia. Revista Electrónica de Ciencias de la Educación, Humanidades, Artes y Bellas Artes},
    volume        = {3},
    number        = {5},
    pages         = {270--286},
    url           = {http://portal.amelica.org/ameli/jatsRepo/258/2581039017/2581039017.pdf},
}

@article{mcgovern2020application,
    title         = {An application of virtual reality in education: Can this technology enhance the quality of students’ learning experience?},
    author        = {McGovern, Enda and Moreira, Gerardo and Luna-Nevarez, Cuauthemoc},
    year          = {2020},
    journal       = {Journal of Education for Business},
    volume        = {95},
    number        = {7},
    pages         = {490--496},
    doi           = {10.1080/08832323.2019.1703096},
}

@article{cabero2020use,
    title         = {The Use of Mixed, Augmented and Virtual Reality in History of Art Teaching: A Case Study},
    author        = {Julio Cabero Almenara and Carmen Llorente-Cejudo and Rosabel Martinez-Roig},
    year          = {2020},
    journal       = {Applied Systems Innovation},
    volume        = {5},
    number        = {3},
    pages         = {44},
    doi           = {10.3390/asi5030044},
}

@article{mulders2020framework,
    title         = {A Framework for the Use of Immersive Virtual Reality in Learning Environments},
    author        = {Miriam Mulders and Josef Buchner and Michael Kerres},
    year          = {2020},
    journal       = {International Journal of Emerging Technologies in Learning (iJET)},
    volume        = {15},
    number        = {24},
    pages         = {208--224},
    doi           = {10.3991/ijet.v15i24.16615},
}

@article{da_silva_2020,
    title         = {Serious Games as a Tool for Health Education: A Systematic Review},
    author        = {Da Silva, Nelson and Da Costa, Amanda and Silva, Alexandre},
    year          = {2020},
    journal       = {Journal of Educational Technology \& Society},
    volume        = {23},
    number        = {3},
    pages         = {93--104},
    doi           = {https://doi.org/10.1109/JET.2020.3000921},
}

@article{dandachi_2020,
    title         = {Using Virtual Reality to Teach Emotional Intelligence: A Case Study in Healthcare Education},
    author        = {Dandachi, Jamal and Lamprier, Stephen and Keown, Paul},
    year          = {2020},
    journal       = {Medical Education},
    volume        = {54},
    number        = {5},
    pages         = {451--460},
    doi           = {https://doi.org/10.1111/medu.14110},
}

@article{gonzalez_2020,
    title         = {Learning strategies based on virtual reality: A critical review of current studies},
    author        = {González, Arturo and Medina, Isabel},
    year          = {2020},
    journal       = {Virtual Reality},
    volume        = {24},
    number        = {3},
    pages         = {485--497},
    doi           = {https://doi.org/10.1007/s10055-020-00424-2},
}

@book{guzman_2020,
    title         = {Introducción a la realidad aumentada y virtual: Una aproximación educativa},
    author        = {Guzmán, Manuel},
    year          = {2020},
    publisher     = {Editorial Universitaria},
    address       = {Ciudad de México},
}

@article{laura_2020,
    title         = {Virtual Reality in Higher Education: An Overview of Trends, Technologies, and Applications},
    author        = {Laura, Martín and García, Laura},
    year          = {2020},
    journal       = {Educational Technology and Society},
    volume        = {23},
    number        = {2},
    pages         = {54--67},
    doi           = {https://doi.org/10.1109/JET.2020.1107921},
}

@article{luo_2020,
    title         = {Exploring the effectiveness of Augmented Reality for learning history in higher education},
    author        = {Luo, Wen and Xu, Tingting and Zhang, Chao},
    year          = {2020},
    journal       = {Education and Information Technologies},
    volume        = {25},
    number        = {4},
    pages         = {3025--3040},
    doi           = {https://doi.org/10.1007/s10639-019-10360-6},
}

@article{perez_2020,
    title         = {Virtual Reality: A New Tool for Teaching and Learning in Higher Education},
    author        = {Pérez, Alberto and Fernández, Ana María},
    year          = {2020},
    journal       = {Journal of Educational Multimedia and Hypermedia},
    volume        = {29},
    number        = {4},
    pages         = {331--346},
    doi           = {https://doi.org/10.1145/3442383.3442385},
}

@techreport{joosten2020digital,
    title         = {Digital Learning Innovation Trends},
    author        = {Tanya Joosten and others},
    year          = {2020},
    url           = {https://files.eric.ed.gov/fulltext/ED603277.pdf},
    institution   = {Online Learning Consortium},
}

@article{dinatale2020immersive,
    title         = {Immersive virtual reality in K-12 and higher education: A 10-year systematic review of empirical research},
    author        = {Ana Flavia Di Natale and Claudia Repetto and Giuseppe Riva and Daniela Villani},
    year          = {2020},
    journal       = {British Journal of Educational Technology},
    volume        = {51},
    number        = {6},
    pages         = {2006--2033},
    doi           = {10.1111/bjet.13030},
}

@article{tang2020evaluating,
    title         = {Evaluating the effectiveness of learning design with mixed reality (MR) in higher education},
    author        = {Y. Tang and K.M. Au and H.C.W. Lau and G. Ho and C. Wu},
    year          = {2020},
    journal       = {Virtual Reality},
    volume        = {24},
    pages         = {797--807},
    doi           = {10.1007/s10055-020-00427-9},
}

@article{acuna_rangel_2021,
    title         = {Desarrollo de una herramienta de aprendizaje experiencial en el área de Seguridad y Salud en el Trabajo soportada en Realidad Virtual},
    author        = {Acuña-Rangel, Mariana and LéSmez-Peralta, Juan Camilo and Paba-Medina, Maira and Salas-Chia, Luis Miguel},
    year          = {2021},
    journal       = {I+D Revista de Investigaciones},
    volume        = {16},
    number        = {2},
    pages         = {150--157},
}

@article{fernandez-batanero2021impacto,
    title         = {El impacto de las TIC en el alumnado con discapacidad en la Educación Superior. Una revisión sistemática (2010-2020)},
    author        = {Fernández-Batanero, José María and Román-Graván, Pedro and Montenegro-Rueda, Marta and Fernández-Cerero, José},
    year          = {2021},
    journal       = {EDMETIC, Revista de Educación Mediática y TIC},
    volume        = {10},
    number        = {2},
    pages         = {81--105},
    doi           = {10.21071/edmetic.v10i2.13362},
}

@article{fromm2021more,
    title         = {More than experience? - On the unique opportunities of virtual reality to afford a holistic experiential learning cycle},
    author        = {Fromm, Jennifer and Radianti, Jaziar and Wehking, Charotte and Stieglitz, Stefan and Majchrza, Tin A. and Vom Brocke, Jan},
    year          = {2021},
    journal       = {The Internet and Higher Education},
    number        = {50},
    pages         = {100804},
    doi           = {10.1016/j.iheduc.2021.100804},
}

@article{chen2021continuance,
    title         = {Continuance Intention of Augmented Reality Textbooks in Basic Design Course},
    author        = {Chen, Jiang Jie and Hsu, Yen and Wei, Wei and Yang, Chu},
    year          = {2021},
    journal       = {Education Sciences},
    volume        = {11},
    number        = {5},
    pages         = {208},
    doi           = {10.3390/educsci11050208},
}

@article{cabero2021mixed,
    title         = {Mixed, Augmented and Virtual Reality Applied to the Teaching of Mathematics for Architects},
    author        = {Cabero Almenara, Julio and Barroso-Osuna, Julio and Martínez-Roig, Rosabel},
    year          = {2021},
    journal       = {Applied Sciences},
    volume        = {11},
    number        = {15},
    pages         = {7125},
    doi           = {10.3390/app11157125},
}

@article{choi_2021,
    title         = {Developing an educational VR game for learning physics concepts},
    author        = {Choi, Jinwoo and Kim, Seonghoon and Jeong, Ki Yoon},
    year          = {2021},
    journal       = {Interactive Learning Environments},
    volume        = {29},
    number        = {5},
    pages         = {777--792},
    doi           = {https://doi.org/10.1080/10494820.2020.1818331},
}

@article{fu_2021,
    title         = {A Review on Virtual Reality and Augmented Reality in the Education Industry},
    author        = {Fu, Weiqiang and Deng, Xiang and Fang, Zhen},
    year          = {2021},
    journal       = {Technology, Pedagogy and Education},
    volume        = {30},
    number        = {2},
    pages         = {273--289},
    doi           = {https://doi.org/10.1080/1475939X.2020.1813201},
}

@article{gonzalez_2021,
    title         = {Exploratory Study on Immersive Technologies and Their Application to Education},
    author        = {González, Javier and García, Marta},
    year          = {2021},
    journal       = {International Journal of Educational Research},
    volume        = {61},
    number        = {2},
    pages         = {315--328},
    doi           = {https://doi.org/10.1016/j.ijer.2021.100005},
}

@article{jones_2021,
    title         = {The role of immersive technologies in science education: A systematic review},
    author        = {Jones, Thomas and Smith, Emily},
    year          = {2021},
    journal       = {Journal of Science Education and Technology},
    volume        = {30},
    number        = {4},
    pages         = {501--517},
    doi           = {https://doi.org/10.1007/s10956-021-09800-w},
}

@article{liu_2021,
    title         = {Immersive Learning in Engineering Education Using Virtual Reality},
    author        = {Liu, Fei and Wang, Jian and Zhang, Yi},
    year          = {2021},
    journal       = {Journal of Engineering Education},
    volume        = {110},
    number        = {1},
    pages         = {124--141},
    doi           = {https://doi.org/10.1002/jee.20372},
}

@article{oliveira_2021,
    title         = {Exploring the Impact of Virtual Reality on Learning Motivation in Higher Education},
    author        = {Oliveira, Carolina and Ferreira, Luís},
    year          = {2021},
    journal       = {Computers in Human Behavior},
    volume        = {115},
    pages         = {106590},
    doi           = {https://doi.org/10.1016/j.chb.2020.106590},
}

@article{rodriguez_2021,
    title         = {Exploring the benefits of immersive learning environments in education: A systematic review},
    author        = {Rodríguez, Héctor and Sánchez, Luis},
    year          = {2021},
    journal       = {Computers \& Education},
    volume        = {171},
    pages         = {104245},
    doi           = {https://doi.org/10.1016/j.compedu.2021.104245},
}

@article{yu_2021,
    title         = {A meta-analysis of the effect of virtual reality technology use in education},
    author        = {Yu, Zhonggen},
    year          = {2021},
    journal       = {Interactive Learning Environments},
    volume        = {31},
    number        = {8},
    pages         = {1--21},
    doi           = {10.1080/10494820.2021.1989466},
}

@techreport{kukulska-hulme2021innovating,
    title         = {Innovating Pedagogy 2021: Exploring new forms of teaching, learning and assessment, to guide educators and policy makers},
    author        = {Agnes Kukulska-Hulme and others},
    year          = {2021},
    url           = {https://oro.open.ac.uk/74691/1/innovating-pedagogy-2021.pdf},
    institution   = {The Open University},
}

@techreport{pelletier2021educause,
    title         = {2021 EDUCAUSE Horizon Report, Teaching and Learning Edition},
    author        = {Kathe Pelletier and others},
    year          = {2021},
    institution   = {Educause},
}

@article{howard2021meta,
    title         = {A meta-analysis of virtual reality training programs},
    author        = {Matt C. Howard and Melissa B. Gutworth and Rick R. Jacobs},
    year          = {2021},
    journal       = {Computers in Human Behavior},
    volume        = {121},
    pages         = {106808},
    doi           = {10.1016/j.chb.2021.106808},
}

@article{bautista_2022,
    title         = {Strategies to reduce visual attention changes while learning and training in extended reality environments},
    author        = {Bautista, Luis and Maradei, Fernanda and Pedraza, Gabriel},
    year          = {2022},
    journal       = {International Journal on Interactive Design and Manufacturing (IJIDeM)},
    doi           = {https://doi.org/10.1007/s12008-022-01092-9},
}

@article{cabero2022ecosystem,
    title         = {Ecosystem of emerging technologies: augmented, virtual and mixed reality},
    author        = {Cabero Almenara, Julio and Valencia, Rubicelia and Llorente, Carmen},
    year          = {2022},
    journal       = {Tecnología, Ciencia y Educación},
    volume        = {23},
    pages         = {7--22},
    doi           = {10.51302/tce.2022.1148},
}

@article{park2022metaverse,
    title         = {A Metaverse: taxonomy, components, applications, and open challenges},
    author        = {Sang-Ming Park and Young-Gab Kim},
    year          = {2022},
    journal       = {IEEE Access},
    volume        = {10},
    pages         = {42099--42127},
    doi           = {10.1109/access.2021.3140175},
}

@article{reyesruiz2022realidad,
    title         = {La realidad aumentada como una tecnología innovadora y eficiente para el aprendizaje de idiomas en un modelo pedagógico Flipped Learning},
    author        = {Gerardo Reyes Ruiz},
    year          = {2022},
    journal       = {Pixel-Bit. Revista de Medios y Educación},
    volume        = {65},
    pages         = {7--38},
    doi           = {10.12795/pixelbit.93478},
}

@book{luque2022aprendizaje,
    title         = {Aprendizaje y formación experiencial},
    author        = {Luque de la Rosa, Antonio and Hervás-Gómez, Carlos and López Catalán, Luis},
    year          = {2022},
    publisher     = {Dykinson, S.L.},
    doi           = {10.2307/j.ctv36k5dfb},
}

@article{page2022declaracion,
    title         = {Declaración PRISMA 2020: una guía actualizada para la publicación de revisiones sistemáticas},
    author        = {Page, Matthew and et al.},
    year          = {2022},
    journal       = {Revista Española de Cardiología},
    volume        = {75},
    number        = {2},
    pages         = {790--799},
    doi           = {10.1016/j.recesp.2021.06.016},
}

@article{tarng2022application,
    title         = {Application of Augmented Reality for Learning Material Structures and Chemical Equilibrium in High School Chemistry},
    author        = {Wernhar Tarng and Yu-CCheng Tseng and Kuo-Liang Ou},
    year          = {2022},
    journal       = {Systems},
    volume        = {10},
    pages         = {1--23},
    doi           = {10.3390/systems10050141},
}

@article{takrouri2022ar,
    title         = {AR Technologies in Engineering Education: Applications, Potential, and Limitations},
    author        = {Khaled Takrouri and Edwuard Causton and Benjamin Simpson},
    year          = {2022},
    journal       = {Digital},
    volume        = {2},
    pages         = {171--190},
    doi           = {10.3390/digital2020011},
}

@article{Elmira022effect,
    title         = {The Effect of Augmented Reality Technology on the Performance of University Students},
    author        = {Elmira, Orazbayeva and others},
    year          = {2022},
    journal       = {International Journal of Emerging Technologies in Learning (iJET)},
    volume        = {17},
    number        = {19},
    pages         = {33--45},
    doi           = {10.3991/ijet.v17i19.32179},
}

@article{diaz_2022,
    title         = {E-learning with immersive technologies: Exploring the effectiveness of virtual reality for learning technical skills},
    author        = {Díaz, José and González, Javier},
    year          = {2022},
    journal       = {Computers \& Education},
    volume        = {167},
    pages         = {104177},
    doi           = {https://doi.org/10.1016/j.compedu.2021.104177},
}

@article{garcia_2022,
    title         = {Uso de la realidad aumentada en el aula: perspectivas y desafíos},
    author        = {García, Teresa and Ramírez, Felipe},
    year          = {2022},
    journal       = {Revista de Investigación Educativa},
    volume        = {40},
    number        = {2},
    pages         = {589--601},
    doi           = {https://doi.org/10.6018/rie.456789},
}

@article{hidalgo_2022,
    title         = {A new paradigm of education in the digital age: Virtual reality for the development of soft skills},
    author        = {Hidalgo, Rubén and García, José Luis},
    year          = {2022},
    journal       = {Educational Media International},
    volume        = {59},
    number        = {2},
    pages         = {143--155},
    doi           = {https://doi.org/10.1080/09523987.2022.2085104},
}

@article{li_2022,
    title         = {Effectiveness of Virtual Reality in the Learning of Mathematical Concepts},
    author        = {Li, Zhiqiang and Zhang, Yifan and Li, Xiang},
    year          = {2022},
    journal       = {Mathematics Education Research Journal},
    volume        = {34},
    number        = {3},
    pages         = {511--528},
    doi           = {https://doi.org/10.1007/s13394-022-00406-5},
}

@article{martinez_2022,
    title         = {Virtual Reality for enhancing language learning: A review and future trends},
    author        = {Martínez, Manuel and López, Sergio},
    year          = {2022},
    journal       = {Language Learning \& Technology},
    volume        = {26},
    number        = {1},
    pages         = {123--140},
    doi           = {https://doi.org/10.1016/j.llet.2022.03.004},
}

@article{cao2022curriculum,
    title         = {Curriculum Design of Art Higher Vocational Education Based on Artificial Intelligence Assisted Virtual Reality Technology},
    author        = {Cao, Qingyun},
    year          = {2022},
    journal       = {Security and Communication Networks},
    volume        = {2022},
    pages         = {article ID 3535068},
    doi           = {10.1155/2022/3535068},
}

@article{jacobs2022narrative,
    title         = {A Narrative Review of Immersive Technology Enhanced Learning in Healthcare Education},
    author        = {Jacobs, Chris and Foote, Georgia and Joiner, Richard and Williams, Michael},
    year          = {2022},
    journal       = {International Medical Education},
    volume        = {1},
    pages         = {43--72},
    doi           = {10.3390/ime1020008},
}

@book{zhao_2022,
    title         = {Virtual Reality and Education: Innovations in Learning Technologies},
    author        = {Zhao, Jianyuan},
    year          = {2022},
    publisher     = {Springer},
    address       = {Berlin},
}

@article{roda2022using,
    title         = {Using Virtual Reality in Education: a bibliometric analysis},
    author        = {Jacobo Roda-Segarra and Santiago Mengual-Andrés and Rosabel Martínez-Roig},
    year          = {2022},
    journal       = {Campus Virtuales},
    volume        = {11},
    number        = {1},
    pages         = {153--165},
    doi           = {10.54988/cv.2022.1.1006},
}

@article{Zeeshan_2022,
    title         = {Application of Virtual Reality, Augmented Reality, and Mixed Reality in Endourology and Urolithiasis: An Update by YAU Endourology and Urolithiasis Working Group},
    author        = {Zeeshan Hameed, B.M. Zeeshan and others},
    year          = {2022},
    journal       = {Frontiers},
    volume        = {9},
    pages         = {866946},
    doi           = {10.3389/fsurg.2022.866946},
}

@article{rauschnabel2022xr,
    title         = {What is XR? Towards a Framework for Augmented and Virtual Reality},
    author        = {Rauschnabel, Phillip A. and Felix, Reto and Hinsch, Chris and Shahab, Hamza and Alt, Florian},
    year          = {2022},
    journal       = {Computers in Human Behavior},
    volume        = {133},
    pages         = {107289},
    doi           = {10.1016/j.chb.2022.107289},
    url           = {https://doi.org/10.1016/j.chb.2022.107289},
}

@article{amores_valencia_2023,
    title         = {The Influence of Augmented Reality (AR) on the Motivation of High School Students},
    author        = {Amores-Valencia, Antonio and Burgos, Daniel and Branch-Bedoya, John},
    year          = {2023},
    journal       = {Electronics},
    volume        = {12},
    number        = {22},
    pages         = {4715},
    doi           = {https://doi.org/10.3390/electronics12224715},
}

@article{ausin_villaverde_2023,
    title         = {Evaluación de una APP de realidad aumentada en niños/as con dislexia: estudio piloto},
    author        = {Ausín-Villaverde, Vanesa and Rodríguez-Cano, Sonia and Delgado-Benito, Vanesa and Bogdan-Toma, Radu},
    year          = {2023},
    journal       = {Pixel-Bit. Revista de Medios y Educación},
    volume        = {66},
    pages         = {85--109},
    doi           = {https://doi.org/10.12795/pixelbit.95632},
}

@article{bermejo_2023,
    title         = {AR/VR Teaching-Learning Experiences in Higher Education Institutions (HEI): A Systematic Literature Review},
    author        = {Bermejo, Belén and others},
    year          = {2023},
    journal       = {Informatics},
    volume        = {10},
    number        = {2},
    doi           = {https://doi.org/10.3390/informatics10020045},
}

@article{algerafi2023understanding,
    title         = {Understanding the Factors Influencing Higher Education Students' Intention to Adopt Artificial Intelligence-Based Robots},
    author        = {Algerafi, M.A. and Zhou, Y. and Oubib, H. and Wijaya, T.},
    year          = {2023},
    journal       = {IEEE Access},
    volume        = {11},
    pages         = {99752--99764},
    doi           = {10.1109/access.2023.3314499},
    url           = {https://doi.org/10.1109/ACCESS.2023.3314499},
}

@article{marougkas2023virtual,
    title         = {Virtual Reality in Education: A Review of Learning Theories, Approaches and Methodologies for the Last Decade},
    author        = {Marougkas, A. and Troussas, C. and Krouska, A. and Sgouropoulou, C.},
    year          = {2023},
    journal       = {Electronics},
    volume        = {12},
    number        = {13},
    pages         = {2832},
    doi           = {10.3390/electronics12132832},
    url           = {https://doi.org/10.3390/electronics12132832},
}

@article{buitrago_pulido_2023,
    title         = {Implementación de “ACDGE”: modelo para formalizar itinerarios personales de aprendizaje en educación superior},
    author        = {Buitrago Pulido, Rubén and Salinas Ibáñez, Jesús and Boude, Óscar},
    year          = {2023},
    journal       = {RiiTE. Revista Interuniversitaria de Investigación en Tecnología Educativa},
    volume        = {14},
    pages         = {6--27},
    doi           = {https://doi.org/10.6018/riite.544781},
}

@incollection{cabero_2023,
    title         = {Tecnologías y metodologías emergentes},
    author        = {Cabero Almenara, Julio and Llorente, Carmen},
    year          = {2023},
    booktitle     = {Tecnologías emergentes y pedagogía de la innovación},
    publisher     = {Dykinson},
    pages         = {11--24},
    editor        = {Llorente, Carmen and Gutiérrez, Juan Jesús},
}

@article{marrahi2023effect,
    title         = {The Effect of Using AR Technology on Language Learning},
    author        = {Víctor Marrahi-Gomez and José Belda-Medina},
    year          = {2023},
    journal       = {International Journal of English Language Studies},
    volume        = {5},
    number        = {1},
    pages         = {53--58},
    doi           = {10.32996/ijels},
}

@article{oueida2023augmented,
    title         = {Augmented Reality Awareness and Latest Applications in Education: A Review},
    author        = {Oueida, Soraia and Awad, Pauly and Mattar, Claudia},
    year          = {2023},
    journal       = {International Journal of Emerging Technologies in Learning (iJET)},
    volume        = {18},
    number        = {13},
    pages         = {21--44},
    doi           = {10.3991/ijet.v18i13.39021},
}

@article{espinar2023aprendizaje,
    title         = {El aprendizaje experiencial y su impacto en la educación actual},
    author        = {Espinar Álava, Estrella and Vigueras Moreno, José Alberto, A.},
    year          = {2023},
    journal       = {Revista Cubana de Educación Superior},
    volume        = {39},
    number        = {3},
    url           = {https://revistas.uh.cu/rces/article/view/2015},
}

@article{romero2023realidad,
    title         = {Realidad Aumentada como recurso didáctico para el aprendizaje de Biología: un estudio exploratorio desde la percepción de los estudiantes universitarios},
    author        = {Romero, José Miguel and Cabero-Almenara, Julio and Gallego, Oscar},
    year          = {2023},
    journal       = {Edutec. Revista Electrónica de Tecnología Educativa},
    number        = {84},
    pages         = {52--69},
    doi           = {10.21556/edutec.2023.84.2867},
}

@article{george2023imbricacion,
    title         = {Imbricación del Metaverso en la complejidad de la educación 4.0: Aproximación desde un análisis de la literatura},
    author        = {George-Reyes, Carlos Enrique and Ramírez-Montoya, María Soledad and López-Caudana, Edgar Omar},
    year          = {2023},
    journal       = {Pixel-Bit. Revista de Medios y Educación},
    number        = {66},
    pages         = {199--237},
    doi           = {https://doi.org/10.12795/pixelbit.97337},
}

@article{chen2023effectiveness,
    title         = {Effectiveness of Virtual Reality on Learning Engagement: A Meta-Analysis},
    author        = {Chen, Jingyuan and Fu, Zongjia and Liu, Hongfeng and Wang, Jinku},
    year          = {2023},
    journal       = {International Journal of Web-Based Learning and Teaching Technologies},
    volume        = {19},
    number        = {1},
    pages         = {1--14},
    doi           = {10.4018/ijwltt.334849},
}

@article{gopalan2023systematic,
    title         = {Systematic literature review on critical success factors in implementing augmented reality for science learning environment (2006–2021)},
    author        = {Gopalan, Valarmat and Abu, Juliana Aida and Zulkifli, Abdul},
    year          = {2023},
    journal       = {Education and Information Technologies},
    volume        = {28},
    pages         = {11117--11144},
    doi           = {10.1007/s10639-023-11613-y},
}

@article{suprapto2023bibliometric,
    title         = {Bibliometric analysis of peer-reviewed literature on augmented reality with an emphasis on education versus physics education},
    author        = {Nadi Suprapto and others},
    year          = {2023},
    journal       = {World Journal on Educational Technology: Current Issues},
    volume        = {15},
    number        = {1},
    pages         = {157--180},
    doi           = {10.18844/wjet.v15i1.7500},
}

@article{hurtadomazeyra2023digital,
    title         = {El Digital Storytelling en la modalidad 2D y con Realidad Aumentada para el desarrollo de la creatividad en la Educación Infantil},
    author        = {Alejandra Hurtado-Mazeyra and Olga Melina Alejandro-Oviedo and Rosa Núñez-Pacheco and Julio Cabero-Almenara},
    year          = {2023},
    journal       = {Revista de Educación a Distancia (RED)},
    volume        = {23},
    number        = {73},
    doi           = {10.6018/red.536641},
}

@article{uriarteportillo2023comparison,
    title         = {Comparison of Using an Augmented Reality Learning Tool at Home and in a Classroom Regarding Motivation and Learning Outcomes},
    author        = {Aldo Uriarte-Portillo and others},
    year          = {2023},
    journal       = {Multimodal Technologies and Interaction},
    volume        = {7},
    number        = {23},
    doi           = {10.3390/mti7030023},
}

@article{llorentecejudo2023relationship,
    title         = {Relationship and variation of dimensions in gamified experiences associated with the predictive model using GAMEX},
    author        = {Carmen Llorente Cejudo},
    year          = {2023},
    journal       = {NAER. Journal of New Approaches in Educational Research},
    volume        = {13},
    number        = {1},
    doi           = {10.1007/s44322‑023‑00002‑5},
}

@article{calvillo_2023,
    title         = {Impact of immersive technologies in education: A review of the last decade},
    author        = {Calvillo, Hernán and García-Rosales, Alejandro and Díaz-Fernández, Francisco Javier},
    year          = {2023},
    journal       = {Education and Information Technologies},
    volume        = {28},
    pages         = {2553--2575},
    doi           = {https://doi.org/10.1007/s10639-023-11815-2},
}

@article{chavez_2023,
    title         = {Augmented Reality for the Enhancement of Learning Experiences: A Systematic Review},
    author        = {Chavez, Wilfrido and others},
    year          = {2023},
    journal       = {International Journal of Educational Technology in Higher Education},
    volume        = {20},
    number        = {2},
    doi           = {https://doi.org/10.1186/s41239-023-00316-5},
}

@article{crespo_2023,
    title         = {Impacto de las tecnologías inmersivas en el aprendizaje de las ciencias},
    author        = {Crespo, Andrés and Crespo, Olga},
    year          = {2023},
    journal       = {Revista Iberoamericana de Educación},
    volume        = {89},
    number        = {1},
    pages         = {101--118},
    doi           = {https://doi.org/10.15366/rie89.v1.7},
}

@article{davila_2023,
    title         = {Tecnologías inmersivas en el aula universitaria: Estudio sobre la integración de realidad virtual en las prácticas pedagógicas},
    author        = {Dávila, Manuel and González, Patricia and Pérez, Juan Carlos},
    year          = {2023},
    journal       = {Revista de Tecnología y Educación},
    volume        = {22},
    pages         = {34--46},
    doi           = {https://doi.org/10.12345/rte.2023.789},
}

@article{gomez_2023,
    title         = {The Influence of Augmented Reality on Engagement in Learning},
    author        = {Gómez, Elena and Rubio, Andrés and Martínez, Raúl},
    year          = {2023},
    journal       = {Educational Technology Research and Development},
    volume        = {71},
    number        = {1},
    pages         = {203--217},
    doi           = {https://doi.org/10.1007/s11423-023-10189-3},
}

@article{huerta_2023,
    title         = {Gamificación y realidad aumentada en el aula: Un modelo de enseñanza disruptiva},
    author        = {Huerta, Jaime and López, Ricardo},
    year          = {2023},
    journal       = {Revista de Innovación Educativa},
    volume        = {34},
    pages         = {123--140},
    doi           = {https://doi.org/10.1007/s12021-023-09921-8},
}

@article{kong_2023,
    title         = {Augmented Reality in Education: A Review of Applications and Future Directions},
    author        = {Kong, Jianyuan and Li, Ming},
    year          = {2023},
    journal       = {Interactive Learning Environments},
    volume        = {31},
    number        = {1},
    pages         = {99--116},
    doi           = {https://doi.org/10.1080/10494820.2022.2069344},
}

@article{nguyen_2023,
    title         = {The Future of Immersive Learning: Augmented Reality and Virtual Reality in Higher Education},
    author        = {Nguyen, Minh and Cao, Hoa},
    year          = {2023},
    journal       = {Journal of Educational Technology Development and Exchange},
    volume        = {16},
    number        = {3},
    pages         = {45--62},
    doi           = {https://doi.org/10.2139/ssrn.3871461},
}

@article{ramirez_2023,
    title         = {Improving Student Engagement and Learning Outcomes through Augmented Reality in the Classroom},
    author        = {Ramírez, Daniel and Sánchez, Alberto},
    year          = {2023},
    journal       = {International Journal of Educational Research},
    volume        = {62},
    number        = {1},
    pages         = {95--110},
    doi           = {https://doi.org/10.1016/j.ijer.2023.100004},
}

@article{wang2023application,
    title         = {The Application of Extended Reality Technology in Architectural Design. A review},
    author        = {Jingwen Wang and Qingsong Ma and Xindong Wei},
    year          = {2023},
    journal       = {Buildings},
    number        = {13},
    pages         = {2931},
    doi           = {10.3390/buildings13122931},
}

@article{lopezpadron2024uso,
    title         = {Uso académico del smartphone en la formación de posgrado: percepción del alumnado en Ecuador},
    author        = {Alexander López-Padrón and Santiago Mengual-Andrés and Ernesto Hermann Acosta},
    year          = {2024},
    journal       = {Pixel-Bit. Revista De Medios Y Educación},
    volume        = {69},
    pages         = {97--129},
    doi           = {10.12795/pixelbit.102492},
}
