
@article{araujo_comunidade_2020,
	title = {Comunidade discursiva e redes sociais: os resenhadores do {Skoob}},
	volume = {45},
	url = {https://revistas.pucsp.br/index.php/intercambio/article/view/50439},
	language = {pt},
	urldate = {2022-02-15},
	journal = {Intercâmbio},
	author = {Araújo, J. and Sousa, M. M. do N. and Cavalcanti, J. M.},
	month = sep,
	year = {2020},
	keywords = {Skoob, Comunidades Discursivas, Ambientes Digitais},
}

@incollection{bagno_inevitavel_2002,
	address = {São Paulo},
	title = {A inevitável travessia: da prescrição gramatical à educação linguística},
	booktitle = {Língua {Materna}: letramento, variação e ensino},
	publisher = {Parábola Editorial},
	author = {Bagno, M.},
	editor = {Bagno, M. and Stubbs, M.},
	editortype={organizer},
	year = {2002},
	pages = {13--84},
}

@book{bakhtin_estetica_1992,
	address = {São Paulo, SP},
	title = {Estetica da criação verbal},
	publisher = {Martins Fontes},
	author = {Bakhtin, M. M.},
	year = {1992},
}

@book{barton_linguagem_2015,
	address = {São Paulo},
	title = {Linguagem online: textos e práticas digitais},
	publisher = {Parábola},
	author = {Barton, D. and Lee, C.},
	translator = {Mota, M. C.},
	year = {2015},
}

@article{bezerra_normativismo_2016,
	title = {Normativismo linguístico em redes sociais digitais: uma análise da fanpage {Língua} {Portuguesa} no {Facebook}},
	volume = {55},
	url = {http://www.scielo.br/scielo.php?script=sci_arttext&pid=S0103-18132016000300731&lng=pt&tlng=pt},
	doi = {10.1590/010318135142185651},
	number = {3},
	urldate = {2022-02-15},
	journal = {Trabalhos em Linguística Aplicada},
	author = {Bezerra, B. G. and Pimentel, R. L.},
	month = dec,
	year = {2016},
	pages = {731--755},
}

@book{blommaert_sociolinguistics_2010,
	address = {Cambridge, UK ; New York},
	series = {Cambridge approaches to language contact},
	title = {The sociolinguistics of globalization},
	publisher = {Cambridge University Press},
	author = {Blommaert, J.},
	year = {2010}
}

@incollection{bolander_constructing_2010,
	address = {Tübingen},
	title = {Constructing identity on {Facebook}: {Report} on a pilot study},
	booktitle = {Constructing the self},
	publisher = {Narr Francke},
	author = {Bolander, B. and Locher, M.},
	editor = {Junod, K. and Maillat, D.},
	editortype={organizer},
	year = {2010},
	pages = {165--185},
}

@article{bolander_peter_2015,
	title = {“{Peter} is a dumb nut”: {Status} updates and reactions to them as ‘acts of positioning’ in {Facebook}},
	volume = {25},
	url = {http://www.jbe-platform.com/content/journals/10.1075/prag.25.1.05bol},
	doi = {10.1075/prag.25.1.05bol},
	number = {1},
	urldate = {2022-02-15},
	journal = {Pragmatics. Quarterly Publication of the International Pragmatics Association (IPrA)},
	author = {Bolander, B. and Locher, M. A.},
	month = mar,
	year = {2015},
	pages = {99--122},
}

@incollection{bolander2017,
	address = {Cham},
	title = {Language and {Identity} on {Facebook}},
	url = {http://link.springer.com/10.1007/978-3-319-02328-1_11-1},
	urldate = {2022-02-15},
	booktitle = {Language and {Technology}},
	publisher = {Springer International Publishing},
	author = {Bolander, B.},
	editor = {Thorne, S. and May, S.},
	editortype={organizer},
	year = {2017},
	pages = {1--13},
}

@article{borba_discurso_2009,
	title = {Discurso e (trans)identidades: interação, intersubjetividade e acesso à prevenção de {DST}/{AIDS} entre travestis},
	volume = {9},
	url = {http://www.scielo.br/scielo.php?script=sci_arttext&pid=S1984-63982009000200005&lng=pt&tlng=pt},
	doi = {10.1590/S1984-63982009000200005},
	number = {2},
	urldate = {2022-02-15},
	journal = {Revista Brasileira de Linguística Aplicada},
	author = {Borba, R.},
	year = {2009},
	pages = {441--473},
}

@incollection{bucholtz_language_2004,
	title = {Language and {Identity}},
	booktitle = {A companion to linguistic anthropology},
	publisher = {Wiley Online Library, Blackwell Publishing},
	author = {Bucholtz, M. and Hall, K.},
	editor = {Duranti, A.},
	editortype={organizer},
	year = {2004},
	pages = {369--394},
}

@article{bucholtz_identity_2005,
	title = {Identity and interaction: a sociocultural linguistic approach},
	volume = {7},
	url = {http://journals.sagepub.com/doi/10.1177/1461445605054407},
	doi = {10.1177/1461445605054407},
	number = {4-5},
	urldate = {2022-02-15},
	journal = {Discourse Studies},
	author = {Bucholtz, M. and Hall, K.},
	month = oct,
	year = {2005},
	pages = {585--614},
}

@book{canagarajah_translingual_2013,
	address = {Milton Park, Abingdon, Oxon ; New York},
	title = {Translingual practice: global {Englishes} and cosmopolitan relations},
	publisher = {Routledge},
	author = {Canagarajah, A. S.},
	year = {2013},
	keywords = {Multilingualism, Social aspects, English language, Globalization, Intercultural communication, Second language acquisition, Sociolinguistics},
}

@book{dovchin_language_2020,
	address = {Cham, Switzerland},
	series = {Springer {Briefs} in {Linguistics}},
	title = {Language, social media and ideologies: translingual {Englishes}, {Facebook} and authenticities},
	publisher = {Springer},
	author = {Dovchin, S.},
	year = {2020},
}

@book{faraco_estrangeirismos:_2011,
	address = {São Paulo},
	edition = {2. ed},
	series = {Na ponta da língua},
	title = {Estrangeirismos: guerras em torno da língua},
	language = {por},
	number = {1},
	publisher = {Parábola},
	editor = {Faraco, C. A.},
	year = {2011},
}

@incollection{garcez_estrangeirismos:_2001,
	address = {São Paulo},
	title = {Estrangeirismos: desejos e ameaças},
	booktitle = {Estrangeirismos: guerras em torno da língua},
	publisher = {Parábola Editorial},
	author = {Garcez, P. de M. and Zilles, A. M. S.},
	editor = {Faraco, C. A.},
	editortype={organizer},
	year = {2001},
	pages = {15--36},
}

@misc{greengo_dictionary_sobre_2021,
	title = {Sobre},
	url = {https://www.facebook.com/greengodictionary/about/?ref=page_internal},
	urldate = {2021-11-13},
	author = {{Greengo Dictionary}},
	month = nov,
	year = {2021},
}

@book{harre_positioning_1999,
	address = {Oxford ; Malden, Mass},
	title = {Positioning theory: moral contexts of intentional action},
	publisher = {Blackwell},
	editor = {Harré, R. and Lagenhove, L. van},
	year = {1999},
	keywords = {Social psychology, Intentionalism, Social ethics},
}

@book{kayi-aydar_positioning_2019,
	address = {Cham},
	title = {Positioning {Theory} in {Applied} {Linguistics}: {Research} {Design} and {Applications}},
	url = {http://link.springer.com/10.1007/978-3-319-97337-1},
	urldate = {2022-02-16},
	publisher = {Springer International Publishing},
	author = {Kayı-Aydar, H.},
	year = {2019},
	doi = {10.1007/978-3-319-97337-1},
}

@incollection{kroskrity_language_2004,
	address = {Oxford},
	title = {Language ideologies},
	booktitle = {A companion to linguistic anthropology},
	publisher = {Balckwell},
	author = {Kroskrity, P.},
	editor = {Duranti, A.},
	editortype={organizer},
	year = {2004},
	pages = {496--517},
}

@incollection{lee_micro-blogging_2011,
	address = {Oxford},
	title = {Micro-blogging and status updates on {Facebook}: {Texts} and practices},
	booktitle = {Digital discourse: {Language} in the new media},
	publisher = {Oxford University Press},
	author = {Lee, C.},
	editor = {Thurlow, C. and Mroczek, K.},
	editortype={organizer},
	year = {2011},
	pages = {110--128},
}

@incollection{leppanen_multilingualism_2012,
	address = {New York},
	title = {Multilingualism on the internet},
	booktitle = {The handbook of multilingualism},
	publisher = {Routledge},
	author = {Leppänen, S. and Peuronen, S.},
	editor = {Jones, M. M. and Blackledge, A. and Creese, A.},
	editortype={organizer},
	year = {2012},
	pages = {384--402},
}

@book{moita_lopes_identidades_2002,
	address = {Campinas, SP},
	series = {Coleção {Letramento}, {Educação} e {Sociedade}},
	title = {Identidades fragmentadas: a construção de raça, gênero e sexualidade na sala de aula},
	publisher = {Mercado de Letras},
	author = {Moita Lopes, L. P. da},
	year = {2002},
}

@article{moita_lopes_ingles_2008,
	title = {Inglês e globalização em uma epistemologia de fronteira: ideologia lingüística para tempos híbridos},
	volume = {24},
	url = {http://www.scielo.br/scielo.php?script=sci_arttext&pid=S0102-44502008000200006&lng=pt&tlng=pt},
	doi = {10.1590/S0102-44502008000200006},
	number = {2},
	urldate = {2022-02-16},
	journal = {DELTA: Documentação de Estudos em Lingüística Teórica e Aplicada},
	author = {Moita Lopes, L. P. da},
	year = {2008},
	pages = {309--340},
}

@incollection{moita_lopes_ideologia_2013,
	address = {São Paulo, SP},
	series = {Coleção {Lingua}[gem]},
	title = {Ideologia linguística: como construir discursivamente o português no século {XXI}},
	number = {50},
	booktitle = {O português no século {XXI}: cenário geopolítico e sociolinguístico},
	publisher = {Parábola},
	author = {Moita Lopes, L. P. da},
	editor = {Moita Lopes, L. P. da},
	editortype={organizer},
	year = {2013},
	keywords = {Portuguese language, 21st century, Congresses, Ideology, Congresses, Sociolinguistics, Congresses, Portuguese language, Globalization, Copngresses},
	pages = {18--52},
}

@article{molon_o_2012,
	title = {O {Círculo} de {Bakhtin} e a {Linguística} {Aplicada}},
	volume = {7},
	issn = {2176-4573},
	url = {http://www.scielo.br/scielo.php?script=sci_arttext&pid=S2176-45732012000200010&lng=pt&tlng=pt},
	doi = {10.1590/S2176-45732012000200010},
	number = {2},
	urldate = {2022-02-16},
	journal = {Bakhtiniana: Revista de Estudos do Discurso},
	author = {Molon, N. D. and Vianna, R.},
	month = dec,
	year = {2012},
	pages = {142--165},
}

@article{otheguy_clarifying_2015,
	title = {Clarifying translanguaging and deconstructing named languages: {A} perspective from linguistics},
	volume = {6},
	url = {https://www.degruyter.com/document/doi/10.1515/applirev-2015-0014/html},
	doi = {10.1515/applirev-2015-0014},
	number = {3},
	urldate = {2022-02-16},
	journal = {Applied Linguistics Review},
	author = {Otheguy, R. and García, O. and Reid, W.},
	month = sep,
	year = {2015},
	pages = {281--307},
}

@article{rampazzo_revisitar_2019,
	title = {Revisitar o conceito de comunidade para discutir sua aplicação a contextos telecolaborativos},
	volume = {63},
	url = {http://www.scielo.br/scielo.php?script=sci_arttext&pid=S1981-57942019000200373&tlng=pt},
	doi = {10.1590/1981-5794-1909-6},
	number = {2},
	urldate = {2022-02-16},
	journal = {Alfa: Revista de Linguística (São José do Rio Preto)},
	author = {Rampazzo, L. and Aranha, S.},
	month = sep,
	year = {2019},
	pages = {373--396},
}

@incollection{recuero_comunidades_2009,
	address = {Porto Alegre},
	title = {Comunidades em redes sociais na internet},
	booktitle = {Redes sociais na internet},
	publisher = {Sulina},
	author = {Recuero, R.},
	editor = {Recuero, R.},
	editortype={organizer},
	year = {2009},
	pages = {135--163},
}

@misc{recuero_comunidades_2003,
	title = {Comunidades virtuais - {Uma} abordagem teórica},
	url = {http://www.bocc.ubi.pt/pag/recuero-raquel-comunidades-virtuais.pdf},
	urldate = {2021-09-27},
	author = {Recuero, R.},
	year = {2003},
}

@article{rocha_ensino_2015,
	title = {Ensino de língua estrangeira como prática translíngue: articulações com teorizações bakhtinianas},
	volume = {31},
	url = {http://www.scielo.br/scielo.php?script=sci_arttext&pid=S0102-44502015000200411&lng=pt&tlng=pt},
	doi = {10.1590/0102-4450437081883001191},
	number = {2},
	urldate = {2022-02-16},
	journal = {DELTA: Documentação de Estudos em Lingüística Teórica e Aplicada},
	author = {Rocha, C. H. and Maciel, R. F.},
	month = dec,
	year = {2015},
	pages = {411--445},
}

@book{rodrigues_sombra_1993,
	address = {São Paulo, SP},
	series = {Coleção das obras de {Nelson} {Rodrigues}},
	title = {A sombra das chuteiras imortais: crônicas de futebol},
	number = {4},
	publisher = {Companhia das Letras},
	author = {Rodrigues, N. and Castro, R. and Rodrigues, N.},
	year = {1993},
	keywords = {Soccer, Brazil},
}

@book{seidlhofer_understanding_2011,
	address = {Oxford},
	title = {Understanding {English} as a {Lingua} {Franca}: a complete introduction to the theoretical nature and practical implications of {English} used as a {Lingua} {Franca}},
	publisher = {Oxford University Press},
	author = {Seidlhofer, B.},
	year = {2011},
}

@incollection{stubbs_lingua_2002,
	address = {São Paulo},
	title = {A língua na educação},
	booktitle = {Língua {Materna}: letramento, variação e ensino},
	publisher = {Parábola Editorial},
	author = {Stubbs, M.},
	editor = {Bagno, M. and Stubbs, M. and Gagné, G.},
	editortype={organizer},
	year = {2002},
	pages = {85--162},
}

@inproceedings{swales_repensando_1992,
	address = {Ottawa},
	title = {Repensando gêneros: uma nova abordagem aos efeitos da comunidade discursiva},
	booktitle = {Comunicação apresentada no “{Rethinkinggenrecolloquim}”, realizado na {Universidade} de {Carleton}},
	author = {Swales, J.},
	translator = {Bezerra, B.},
	year = {1992},
}

@incollection{woolard_introduction:_2008,
	address = {New York},
	title = {Introduction: language ideology as a field of inquiry},
	booktitle = {Language ideologies. {Practice} and {Theory}},
	publisher = {Oxford University Press},
	author = {Woolard, K. A.},
	editor = {Schefflin, B. and Woolard, K. A. and Kroskrity, O.},
	editortype={organizer},
	year = {2008},
}

@article{zolin-vesz_gusta_2016,
	title = {Gusta me mucho: enunciados des/reterritorializados e a concepção de língua},
	volume = {19},
	copyright = {Direitos autorais 2019 Fernando Zolin Vesz},
	url = {https://periodicos.ufpel.edu.br/ojs2/index.php/rle/article/view/15278},
	doi = {10.15210/rle.v19i1.15278},
	number = {1},
	urldate = {2022-02-16},
	journal = {Revista Linguagem \& Ensino},
	author = {Zolin-Vesz, F.},
	year = {2016},
	pages = {217--228},
}