
@article{bejar_neuroeducacion_2014,
	title = {Neuroeducación},
	copyright = {Derechos de autor},
	url = {https://revistas.comillas.edu/index.php/padresymaestros/article/view/2622},
	language = {es,en},
	number = {355},
	urldate = {2022-09-20},
	journal = {Padres y Maestros / Journal of Parents and Teachers},
	author = {Béjar, M.},
	year = {2014},
	keywords = {neurociencia, neuroeducación, neuropsicopedagogía, aprendizaje, amígdala y emoción., opinión, una mirada sobre la educación, educación.},
	pages = {49--53},
}

@book{blakemore_como_2007,
	address = {Barcelona},
	title = {Cómo aprende el cerebro: las claves para la educación},
	publisher = {Ariel},
	author = {Blakemore, S. J. and Frith, U.},
	year = {2007},
}

@article{cumpa_valencia_usos_2019,
	title = {Usos y abusos del término “neurociencias”: una revisión sistemática en revistas indexadas en {Scielo}},
	volume = {4},
	url = {https://dialnet.unirioja.es/servlet/articulo?codigo=7304977},
	number = {1 (Enero - junio)},
	urldate = {2022-09-20},
	journal = {ConCiencia EPG},
	author = {Cumpa Valencia, M.},
	year = {2019},
	pages = {30--67},
}

@book{fores_miravalles_descubrir_2009,
	address = {Barcelona},
	title = {Descubrir la neurodidáctica: {Aprender} desde, en y para la vida},
	publisher = {Editorial UOC, S.L.},
	author = {Forés Miravalles, A. and Ligioiz Vázquez, M.},
	year = {2009},
}

@book{manes_usar_2014,
	address = {Buenos Aires},
	title = {Usar el cerebro: conocer nuestra mente para vivir mejor},
	publisher = {Planeta},
	author = {Manes, F. and Niro, M.},
	year = {2014},
}

@book{mora_teruel_como_2019,
	address = {Madrid},
	title = {Cómo funciona el cerebro},
	publisher = {Alianza},
	author = {Mora Teruel, F.},
	year = {2019},
}