@article{newlondon1996pedagogy,
    title         = {A Pedagogy of Multiliteracies: Designing Social Futures},
    author        = {New London Group},
    year          = {1996},
    volume        = {66},
    number        = {1},
    pages         = {60--92},
    journaltitle  = {Harvard Educational Review},
}

@article{warschauer2000changing,
    title         = {The Changing Global Economy and the Future of English Teaching},
    author        = {Warschauer, Mark},
    year          = {2000},
    volume        = {34},
    number        = {3},
    pages         = {511--535},
    journaltitle  = {Tesol Quarterly},
}

@article{prensky2001digital,
    title         = {Digital Natives Digital Immigrants},
    author        = {Prensky, Marc},
    year          = {2001},
    publisher     = {NCB University Press},
    volume        = {9},
    number        = {5},
    url           = {https://www.marcprensky.com/writing/Prensky%20-%20Digital%20Natives,%20Digital%20Immigrants%20-%20Part1.pdf},
    urldate       = {2023-03-29},
    journaltitle  = {On the Horizon},
}

@book{soares2006letramento,
    title         = {Letramento: um tema em três gêneros},
    author        = {Soares, Magda},
    year          = {2006},
    location      = {Belo Horizonte},
    publisher     = {Autêntica},
}

@inbook{reis2008pesquisa,
    title         = {Pesquisa em letramento crítico no Brasil: um levantamento de dissertações e teses de 1987 a 2006},
    author        = {Reis, Simone},
    year          = {2008},
    booktitle     = {Reflexões sobre o ensino de línguas estrangeiras},
    location      = {Londrina},
    publisher     = {Uel},
    editor        = {Barbieri, Adja Balbino de Amorim and Andrade, Otávio Góes de and Reis, Simone},
}

@inproceedings{dias2009matriz,
    title         = {Por uma Matriz de Letramento Digital},
    author        = {Dias, Marcelo Cafiero and Novais, Ana Elisa},
    year          = {2009},
    booktitle     = {III Encontro Nacional Sobre Hipertexto},
    location      = {Belo Horizonte},
    publisher     = {Centro Federal de Educação Tecnológica de Minas Gerais},
    url           = {http://nehte.com.br/hipertexto2009/anais/p-w/por-uma-matriz.pdf},
    urldate       = {2021-01-10},
}

@book{rojo2009letramentos,
    title         = {Letramentos múltiplos, escola e inclusão social},
    author        = {Rojo, Roxane},
    year          = {2009},
    location      = {São Paulo},
    publisher     = {Parábola Editorial},
}

@book{barton2015linguagem,
    title         = {Linguagem online: textos e práticas digitais},
    author        = {Barton, David and Lee, Carmem},
    year          = {2015},
    location      = {São Paulo},
    publisher     = {Parábola Editorial},
    translator    = {Mota, Milton Camargo},
    edition       = {1},
    pagetotal     = {270},
}

@book{dudeney2016letramentos,
    title         = {Letramentos digitais},
    author        = {Dudeney, Gavin and Hockly, Nicky and Pegrum, Mark},
    year          = {2016},
    location      = {São Paulo},
    publisher     = {Parábola Editorial},
    translator    = {Marcionilo, Marcos},
    pagetotal     = {352},
}

@article{ribeiro2017,
    title         = {Letramento digital: um tema em gêneros efêmeros},
    author        = {Ribeiro, Ana Elisa},
    year          = {2017},
    journal       = {Revista da ABRALIN},
    volume        = {8},
    number        = {1},
    url           = {https://revista.abralin.org/index.php/abralin/article/view/1002},
    urldate       = {2023-04-04},
}

@article{roche2017assessing,
    title         = {Assessing the role of digital literacy in English for Academic Purposes university pathway programs},
    author        = {Roche, Thomas Bernard},
    year          = {2017},
    volume        = {11},
    number        = {1},
    pages         = {A71--a87},
    url           = {https://journal.aall.org.au/index.php/jall/article/view/439},
    urldate       = {2022-07-17},
    journaltitle  = {Journal of Academic Language and Learning},
}

@article{oliveira2018multiletramentos,
    title         = {Multiletramentos e a prática de escrita em língua estrangeira: uma análise da produção de webpages a partir da Wikipedia},
    author        = {Oliveira, Larisse Carvalho de and Nunes, Tiago Alves and Carvalho, Jorge Luis Queiroz},
    year          = {2018},
    volume        = {8},
    number        = {2},
    pages         = {246--266},
    doi           = {10.22168/2237-6321-21121},
    journaltitle  = {Entrepalavras},
}

@book{rojo2019letramentos,
    title         = {Letramentos, mídias e linguagens},
    author        = {Rojo, Roxane and Moura, Eduardo},
    year          = {2019},
    location      = {São Paulo},
    publisher     = {Parábola Editorial},
}

@article{xavier2019construcao,
    title         = {A Construção De Memes Como Ferramenta De Ensino Da Língua Inglesa},
    author        = {Xavier, Alexandre Delfino and Oliveira, Shirlene Bemfica de and Souza, Evandro Luis Moreira de},
    year          = {2019},
    volume        = {11},
    number        = {1},
    pages         = {140--161},
    doi           = {10.12957/periferia.2019.36440},
    url           = {https://www.e-publicacoes.uerj.br/periferia/article/view/36440},
    urldate       = {2022-07-18},
    journaltitle  = {Periferia},
}

@article{almusharraf2020postsecondary,
    title         = {Postsecondary Instructors’ Perspectives on Teaching English as a Foreign Language by Means of a Multimodal Digital Literacy Approach},
    author        = {Almusharraf, Norah and Engemann, Joseph},
    year          = {2020},
    volume        = {15},
    number        = {18},
    pages         = {86--107},
    doi           = {10.3991/ijet.v15i18.15451},
    url           = {https://online-journals.org/index.php/i-jet/article/view/15451},
    urldate       = {2022-07-17},
    journaltitle  = {International Journal of Emerging Technologies in Learning (iJET)},
}

@article{campbell2020developing,
    title         = {Developing an integrated, situated model for digital literacy in pre-service teacher education},
    author        = {Campbell, Ed and Kapp, Rochelle},
    year          = {2020},
    publisher     = {University of KwaZulu-Natal},
    address       = {Durban},
    volume        = {79},
    pages         = {18--30},
    doi           = {10.17159/2520-9868/i79a02},
    journaltitle  = {Journal of Education},
}

@article{cladis2020shifting,
    title         = {A shifting paradigm},
    author        = {Cladis, Andrea E},
    year          = {2020},
    volume        = {17},
    number        = {5},
    pages         = {341--364},
    doi           = {10.1177/2042753017752583},
    subtitle      = {An evaluation of the pervasive effects of digital technologies on language expression, creativity, critical thinking, political discourse, and interactive processes of human communications},
    journaltitle  = {E-Learning and Digital Media},
}

@book{soares2020A-alfabetizacao,
    title         = {Alfabetização e letramento},
    author        = {Soares, Magda},
    year          = {2020a},
    location      = {São Paulo},
    publisher     = {Contexto},
}

@book{soares2020C-alfabetar,
    title         = {Alfabetar: Toda criança pode aprender ler e escrever},
    author        = {Soares, Magda},
    year          = {2020b},
    location      = {São Paulo},
    publisher     = {Contexto},
}

@article{bozavli2021foreign,
    title         = {Is Foreign Language Teaching Possible without School? Distance Learning Experiences of Foreign Language Students at Ataturk University during the COVID-19 Pandemic},
    author        = {Bozavli, Ebubekir},
    year          = {2021},
    volume        = {12},
    number        = {1},
    url           = {https://ssrn.com/abstract=3826476},
    urldate       = {2022-07-17},
    journaltitle  = {Arab World English Journal (AWEJ)},
}

@article{dhillon2021investigation,
    title         = {An Investigation of EAP Teachers’ Views and Experiences of E-Learning Technology},
    author        = {Dhillon, Sundeep and Murray, Neil},
    year          = {2021},
    journal       = {Education Sciences},
    volume        = {11},
    number        = {2},
    pages         = {1--16},
    doi           = {10.3390/educsci11020054},
    url           = {https://www.mdpi.com/2227-7102/11/2/54},
    urldate       = {2022-07-17},
    journaltitle  = {Education Sciences},
}

@article{krajka2021,
    title         = {Non-Native teachers investigating New Englishes},
    author        = {Krajka, Jarosław},
    year          = {2021},
    journal       = {Aula Abierta},
    volume        = {50},
    number        = {2},
    pages         = {585--592},
    doi           = {10.17811/rifie.50.2.2021.585-592},
    url           = {https://reunido.uniovi.es/index.php/AA/article/view/15482},
    urldate       = {2022-07-17},
    subtitle      = {Is data-driven teaching a part of 21\textsuperscript{st} century digital literacy?},
    journaltitle  = {Aula Abierta},
}

@article{paiva2021letramento,
    title         = {Letramento digital},
    author        = {Paiva, Vera Lucia Menezes de Oliveira e},
    year          = {2021},
    volume        = {20},
    number        = {3},
    pages         = {1161--1179},
    doi           = {10.25189/rabralin.v20i3.1905},
    url           = {https://revista.abralin.org/index.php/abralin/article/view/1905},
    urldate       = {2023-07-29},
    subtitle      = {problematizando o conceito},
    journaltitle  = {Revista da ABRALIN},
}

@article{valadares2021videogames,
    title         = {Videogames na aprendizagem formal de Língua Inglesa},
    author        = {Valadares, Carlos Henrique Rodrigues and Coelho, Hilda Simone Henriques},
    year          = {2021},
    volume        = {11},
    number        = {3},
    pages         = {211--232},
    doi           = {10.22168/2237-6321-32243},
    journaltitle  = {Entrepalavras},
}

@article{bueno2022reflexoes,
    title         = {Reflexões sobre os nativos digitais},
    author        = {Bueno, Rafael Winícius da Silva and Galle, Lorita Aparecida Veloso},
    year          = {2022},
    volume        = {13},
    number        = {1},
    pages         = {71--90},
    doi           = {10.51359/2177-9309.2022.251462},
    url           = {https://periodicos.ufpe.br/revistas/index.php/emteia/article/view/251462},
    urldate       = {2025-01-03},
    journaltitle  = {Em Teia | Revista de Educação Matemática e Tecnológica Iberoamericana},
}

@article{alexandre2023revisitando,
    title         = {Revisitando o conceito de nativos digitais em tempos de pandemia},
    author        = {Alexandre Filho, Paulo and Karolline Mendonça, Costa and Nogueira de Moraes Garcia, Daniela},
    year          = {2023},
    number        = {17},
    url           = {https://periodicos.uepa.br/index.php/cocar/article/view/5628},
    urldate       = {2025-01-03},
    journaltitle  = {Revista Cocar},
}

@book{alves2023alfabetizacao,
    title         = {Alfabetização em contextos monolíngue e bilíngue},
    author        = {Alves, Ubiratã Kickhöfel and Finger, Ingrid},
    year          = {2023},
    location      = {Petrópolis},
    publisher     = {Vozes},
}

@thesis{farias2024letramento,
    title         = {Letramento digital na formação do professor de língua inglesa no ensino médio: um estudo de caso},
    author        = {Farias, Daniela de Paula},
    year          = {2024},
    location      = {Pato Branco},
    type          = {Master's thesis},
    institution   = {Universidade Tecnológica Federal do Paraná},
}
