@book{foucault_ordem_2012,
	address = {São Paulo},
	title = {A ordem do discurso: aula inaugural no {Collège} de {France}, pronunciada em 2 de dezembro de 1970},
	publisher = {Edições Loyola},
	author = {Foucault, M.},
	translator = {Laura Fraga de Almeida Sampaio},
	year = {2012},
}

@masterthesis{silva2021,
  author      = {Silva, F. M. da R. P. da},
  title       = {Diferenciações de gênero na caracterização de personagens: uma proposta metodológica e primeiros resultados},
  publisher = {Departamento de Letras, PUC-Rio},
  year        = {2021},
  date        = {2021-04},
  location    = {Rio de Janeiro, RJ},
  pagetotal   = {169},
  url         = {https://www.maxwell.vrac.puc-rio.br/54130/54130.PDF},
  }
  
@incollection{artstein2017,
  title={Inter-annotator agreement},
  author={Artstein, R.},
  booktitle={Handbook of linguistic annotation},
  pages={297--313},
  year={2017},
  editor={Ide, N. and Pustejovsky, J.},
  publisher={Springer},
  address={Dordrecht}
}
@book{bardln1977,
  title={An{\'a}lise de conte{\'u}do},
  author={Bardin, L.},
  address={Lisboa},
  publisher={Edições 70},
  year={1977}
}

@book{fairclough2003,
  title={Analysing discourse: Textual analysis for social research},
  author={Fairclough, N.},
  address={London ; New York},
  year={2003},
  publisher={Psychology Press}
}

@book{finatto2018,
  title={Lingu{\'\i}stica de corpus: perspectivas},
  author={Finatto, M. J. B. and Rebechi, R. R. and Sarmento, S. and Bocorny, A. E. P.},
  year={2018},
  address={Rio Grande do Sul},
  publisher={UFRGS. Instituto de Letras}
}

@article{baker2013,
  title={Sketching Muslims: A corpus driven analysis of representations around the word ‘Muslim’in the British press 1998--2009},
  author={Baker, P. and Gabrielatos, C. and McEnery, T.},
  journal={Applied linguistics},
  volume={34},
  number={3},
  pages={255--278},
  year={2013},
  publisher={Oxford University Press}
}

@article{baker2008,
  doi = {10.1177/0957926508088962},
  url = {https://doi.org/10.1177/0957926508088962},
  year = {2008},
  month = may,
  publisher = {{SAGE} Publications},
  volume = {19},
  number = {3},
  pages = {273--306},
  author = {P. Baker and C. Gabrielatos and M. KhosraviNik and M. Krzy{\.{z}}anowski and T. McEnery and R. Wodak},
  title = {A useful methodological synergy? Combining critical discourse analysis and corpus linguistics to examine discourses of refugees and asylum seekers in the {UK} press},
  journal = {Discourse {\&} Society}
}

@book{bakthin1992,
  title={Est{\'e}tica da cria{\c{c}}{\~a}o verbal},
  author={Bakthin, M. M.},
  year={1992},
  address={São Paulo},
  publisher={Martins Fontes}
}
@book{bakhtin1979,
  title={Marxismo e filosofia da linguagem},
  author={Bakhtin, M. and Volochinov, V. N.},
  year={1979},
  publisher={Hucitec},
  address={S{\~a}o Paulo}
}
@book{bick2000,
  title={The parsing system palavras: Automatic grammatical analysis of Portuguese in a constraint grammar famework},
  author={Bick, E.},
  year={2000},
  publisher={Aarhus Universitetsforlag},
  address={Aarhus}
}
@book{butler1990,
  title={Problemas de g{\^e}nero: feminismo e subvers{\~a}o da identidade},
  author={Butler, J.},
  year={2003[1990]},
  publisher={Civilização Brasileira},
  address={Rio de Janeiro}
}
@book{denzin2006,
  title={O planejamento da pesquisa qualitativa: teorias e abordagens},
  author={Denzin, N. K and Lincoln, Y. S},
  year={2006},
  publisher={Artmed},
  address={Porto Alegre}
}
@book{fairclough1992,
  title={Discourse and Social Change},
  author={Fairclough, N.},
  address={Cambridge},
  publisher={Polity Press},
  year={1992}
}
@article{freitas2017,
  title={Estudos lingu{\'\i}sticos e Humanidades digitais: corpus e descorporifica{\c{c}}{\~a}o},
  author={Freitas, C.},
  journal={Gragoat{\'a}},
  volume={22},
  number={44},
  pages={1207--1227},
  year={2017}
}
@book{friginal2020,
  title={The Routledge Handbook of Corpus Approaches to Discourse Analysis},
  author={Friginal, E. and Hardy, J. A},
  year={2020},
  publisher={Routledge}
}
@book{foucault1996,
  title={Ordem do discurso (A)},
  author={Foucault, M.},
  year={1996 [1970]},
  publisher={Edi{\c{c}}{\~o}es Loyola},
  address={São Paulo}
}
@book{foucault1969,
  title={A Arqueologia do Saber},
  author={Foucault, M.},
  publisher={Forense Universit{\'a}ria},
  year={2004 [1969]},
  address={Rio de Janeiro}
}
@book{gumperz1982,
  title={Discourse strategies},
  author={Gumperz, J. J},
  year={1982},
  publisher={Cambridge University Press}
}
@inproceedings{hearst1992,
  title={Automatic acquisition of hyponyms from large text corpora},
  author={Hearst, M. A.},
  booktitle={Coling 1992 volume 2: The 15th international conference on computational linguistics},
  address={Nantes},
  year={1992},
  url={http://www.aclweb.org/anthology/C92-2082},
  urldate={2022-2-15}
}
@book{ide2017,
  title={Handbook of linguistic annotation},
  author={Ide, N. and Pustejovsky, J.},
  year={2017},
  publisher={Springer Netherlands},
  address={Dordrecht}
}
@article{leite2015,
  title={Pesquisa em Educa{\c{c}}{\~a}o: perspectivas (qualitativas?) na explora{\c{c}}{\~a}o de grandes corpora},
  author={Leite, M and Freitas, C.},
  journal={OSLa-Oslo Studies in Language},
  volume={7},
  number={1},
  pages={139--152},
  year={2015}
}
@book{linde1993,
  title={Life stories: The creation of coherence},
  author={Linde, C. and others},
  year={1993},
  publisher={Oxford University Press on Demand}
}
@book{maingueneau2015,
  title={Discurso e an{\'a}lise do discurso},
  author={Maingueneau, D.},
  publisher={Par{\'a}bola Editorial},
  address={S{\~a}o Paulo},
  year={2015}
}
@book{maingueneau2006,
  title={Discurso liter{\'a}rio},
  author={Maingueneau, D.},
  year={2006},
  publisher={Contexto},
  address={S{\~a}o Paulo}
}
@book{mcenery2011,
  title={Corpus linguistics: Method, theory and practice},
  author={McEnery, T. and Hardie, A.},
  year={2011},
  publisher={Cambridge University Press},
  address={Cambridge}
}
@book{manning1999,
  title={Foundations of statistical natural language processing},
  author={Manning, C. and Schutze, H.},
  year={1999},
  publisher={MIT press},
  address={Cambridge, Massachusetts}
}
@book{moretti2005,
  title={A literatura vista de longe},
  author={Moretti, F.},
  publisher={Arquip{\'e}lago Editorial},
  address={Porto Alegre},
  year={2008 [2005]}
}
@article{moretti2019,
  title={Hidden in Plain Sight: Data Visualization in the Humanities},
  author={Moretti, F. and Sobchuk, O.},
  journal={New Left Review},
  volume={118},
  pages={86--115},
  year={2019},
  publisher={New Left Review Ltd.}
}
@article{mussalim2018,
  title={Análise do discurso liter{\'a}rio},
  author={Mussalim, F.},
  journal={Dom{\'\i}nios de Lingu@ gem},
  volume={12},
  number={1},
  pages={581--603},
  year={2018}
}
@book{oliveira2013,
  title={Estudos do discurso: perspectivas te{\'o}ricas},
  editor={Oliveira, L. A.},
  editortype={organizer},
  publisher= {Parábola},
  address={São Paulo},
  year= {2013},
}
@article{paixao2013,
  title={A filologia digital em língua portuguesa: alguns caminhos},
  author={Paix{\~a}o de Sousa, M. C.},
  journal={Patrimônio Textual e Humanidades Digitais: da antiga à nova Filologia, Évora: CIDEHUS},
  year={2013}
}
@incollection{possenti2004,
  title={Análise do discurso; um caso de múltiplas rupturas},
  author={Possenti, S.},
  booktitle={Introdução à lingüìstica: fundamentos epistemológicos},
  pages={353--366},
  year={2004},
  publisher={Editora Cortez},
  address={São Paulo},
}
@book{oliveira2013,
  title={Estudos do discurso: perspectivas te{\'o}ricas},
  author={Oliveira, L. A. and others},
  publisher={Par{\'a}bola},
  address={S{\~a}o Paulo},
  year={2013}
}
@book{rajagopalan2010,
  title={Nova pragm{\'a}tica: fases e fei{\c{c}}{\~o}es de um fazer},
  author={Rajagopalan, K.},
  year={2010},
  publisher={Par{\'a}bola},
  address={S{\~a}o Paulo}
}
@article{da2021,
  title={Contribui{\c{c}}{\~o}es do uso do software NVIVO em pesquisa discursiva cr{\'i}tica},
  author={da Silva Ramalho, I. and Ara{\'u}jo, C. L. and de Melo Resende, V.},
  journal={Cadernos de Linguagem e Sociedade},
  volume={22},
  pages={1},
  year={2021}
}
@article{rocha2005,
  title={An{\'a}lise de Conte{\'u}do e An{\'a}lise do Discurso: aproxima{\c{c}}{\~o}es e afastamentos na (re) constru{\c{c}}{\~a}o de uma trajet{\'o}ria},
  author={Rocha, D. and Deusdar{\'a}, B.},
  journal={Alea: estudos neolatinos},
  volume={7},
  pages={305--322},
  year={2005},
  publisher={SciELO Brasil}
}
@book{sampson2002,
  title={Empirical linguistics},
  author={Sampson, G.},
  year={2002},
  publisher={Continuum},
  address={London ; New York}
}
@incollection{santos2008,
author={Santos, D.},
title={{C}orporizando algumas questões},
year={2008},
editor={Tagnin, S. E. O. and Vale, O. A.},
editortype = {editor},
booktitle={{A}vanços da {L}ingüística de {C}orpus no {B}rasil},
address={USP, São Paulo},
publisher={Editora Humanitas},
pages={41--66},
url={http://www.linguateca.pt/Diana/download/Santos2008livroStellaOtofinal.pdf"},
urldate = {2020-11-02}
}
@incollection{santos2019,
author={Santos, D.},
title={{L}iterature studies in {L}iterateca: between digital humanities and corpus linguistics},
year={2019},
editor={Doerr, M. and Eide, Ø. and Grønvik, O. and Kjelsvik, B.},
booktitle={{H}umanists and the digital toolbox: {I}n honour of {C}hristian-{E}mil {S}mith {O}re},
address={Oslo},
publisher={Novus Forlag},
pages={89--109},
url={http://www.linguateca.pt/Diana/download/DianaSantosFSCEO.pdf},
urldate = {2022-2-15}
}
@incollection{santos2014,
author={Santos, D.},
title={{P}odemos contar com as contas?},
year={2014},
editor={Aluísio, S. M.  and Tagnin, S. E. O.},
booktitle={{N}ew {L}anguage {T}echnologies and {L}inguistic {R}esearch: {A} {T}wo-{W}ay {R}oad},
publisher={Cambridge Scholars Publishing},
address={Cambridge},
pages={194--213},
month={maio},
url={http://www.linguateca.pt/Diana/download/Santos2014contas.pdf},
urldate = {2022-2-15}
}
@inproceedings{santos2018,
author={Santos, D. and Freitas, C. and Bick, E.},
title={{OB}ras: a fully annotated and partially human-revised corpus of {B}razilian literary works in public domain},
year={2018},
booktitle={{C}or{L}ex},
month={24 de setembro},
url={http://www.linguateca.pt/Diana/download/CorLex.pdf},
address={Canela, RGS}
}
@book{schiffrin1987,
  title={Discourse markers},
  author={Schiffrin, D.},
  number={5},
  year={1987},
  publisher={Cambridge University Press}
}
@article{silverstein1976,
  title={Shifters, linguistic categories, and cultural description},
  author={Silverstein, M.},
  journal={Meaning in anthropology},
  pages={11--55},
  year={1976},
  publisher={University of New Mexico Press}
}
@article{smith2014,
  title={Gender bias without borders: An investigation of female characters in popular films across 11 countries},
  author={Smith, S. L and Choueiti, M. and Pieper, K.},
  journal={Los {\'A}ngeles University of Southern California},
  year={2014},
}
@book{thompsom1990,
  title={Ideologia e cultura moderna: teoria social cr{\'\i}tica na era dos meios de comunica{\c{c}}{\~a}o de massa},
  author={Thompsom, J. B},
  publisher={Vozes},
  address={Petr{\'o}polis, RJ},
  year={1995 [1990]},
}
@article{underwood2018,
  title={The transformation of gender in English-language fiction},
  author={Underwood, T. and Bamman, D. and Lee, S.},
  journal={Journal of Cultural Analytics},
  volume={3},
  number={2},
  pages={11035},
  year={2018},
  publisher={Department of Languages, Literatures, and Cultures}
}
@article{strom2017,
  title= {Floods, waves, and surges: the representation of Latin\@ immigrant children in the United States mainstream media},
  author= {Strom, M. and Alcock, E.},
  journal= {Critical Discourse Studies},
  volume= {14},
  number= {4},
  pages= {440--457},
  year= {2017},
  publisher= {Taylor \& Francis},
}