@book{likert1932,
    title         = {A Technique for the Measurement of Attitudes},
    author        = {Likert, R.},
    year          = {1932},
    publisher     = {Archives of Psychology},
    address       = {New York},
}

@incollection{swales1984,
    title         = {Research into structure of introductions to journal articles and its application to the teaching of academic writing},
    author        = {Swales, J. M.},
    year          = {1984},
    booktitle     = {Common Ground: shared interests in ESP and communication studies},
    publisher     = {Pergamon Press},
    address       = {Usa},
    pages         = {77--86},
}

@article{swales1987,
    title         = {The writing of research article introductions},
    author        = {Swales, J. M. and Najjar, H.},
    year          = {1987},
    journal       = {Written Communication},
    volume        = {4},
    pages         = {175--192},
}

@book{swales1990,
    title         = {Genre Analysis: English in academic and research settings},
    author        = {Swales, J. M.},
    year          = {1990},
    publisher     = {Cup},
    address       = {Cambridge},
}

@misc{nielsen1994,
    title         = {Usability inspection methods},
    author        = {Nielsen, J.},
    year          = {1994},
    url           = {https://dl.acm.org/doi/pdf/10.1145/259963.260531},
    urldate       = {2023-07-03},
}

@mastersthesis{santos1995academic,
    title         = {Academic Abstracts: a genre analysis},
    author        = {Santos, M. B. dos},
    year          = {1995},
    address       = {Florianópolis},
    pages         = {81},
    school        = {Universidade Federal de Santa Catarina, Programa de Pós-Graduação em Letras/Inglês},
}

@phdthesis{biasi-rodrigues1998,
    title         = {Estratégias de condução de informações em resumos de dissertações},
    author        = {Biasi-Rodrigues, B.},
    year          = {1998},
    address       = {Florianópolis},
    note          = {Tese de Doutorado, Programa de Pós-Graduação em Letras/Linguística},
    school        = {Universidade Federal de Santa Catarina},
}

@online{conrad2002,
    title         = {Usability Testing of World Wide Web Sites},
    author        = {Conrad, M. and Levi, F. G.},
    year          = {2002},
    url           = {https://www.researchgate.net/publication/221517595_Usability_Testing_of_World_Wide_Web_Sites},
    urldate       = {2024-01-18},
}

@book{machado2004,
    title         = {Resumo},
    author        = {Machado, A. R. and Lousada, E. and Abreu-Tardelli, L. S.},
    year          = {2004},
    publisher     = {Parábola},
    address       = {São Paulo},
}

@article{juca2006,
    title         = {A relevância dos softwares educativos na educação profissional},
    author        = {Jucá, S. C. S.},
    year          = {2006},
    journal       = {Ciências e Cognição},
    volume        = {8},
    pages         = {22--28},
    url           = {http://pepsic.bvsalud.org/pdf/cc/v8/v8a04.pdf},
    urldate       = {2023-08-17},
}

@incollection{biasi-rodrigues2009,
    title         = {Análise de gêneros na abordagem de Swales: princípios teóricos e metodológicos},
    author        = {Biasi-Rodrigues, B. and Hemais, B. and Araújo, J. C.},
    year          = {2009},
    booktitle     = {Gêneros textuais e comunidades discursivas: um diálogo com John Swales},
    publisher     = {Autêntica},
    address       = {Belo Horizonte},
    pages         = {17--32},
    editor        = {Biasi-Rodrigues, B. and Araújo, J. C. and Sousa, S. C. T. de},
}

@book{motta-roth2010,
    title         = {Produção textual na universidade},
    author        = {Motta-Roth, D. and Hendges, G. R.},
    year          = {2010},
    publisher     = {Parábola},
    address       = {São Paulo},
}

@online{nielsen2012,
    title         = {Usability 101: Introduction to Usability},
    author        = {Nielsen, J.},
    year          = {2012},
    url           = {https://www.nngroup.com/articles/usability-101-introduction-to-usability/},
    urldate       = {2023-08-01},
}

@misc{garofalo2018,
    title         = {Educação 4.0: o que devemos esperar},
    author        = {Garofalo, D.},
    year          = {2018},
    month         = {mar},
    journal       = {Revista Nova Escola},
    url           = {https://novaescola.org.br/conteudo/9717/educacao-40-o-que-devemos-esperar},
    urldate       = {2024-07-23},
}

@book{paiva2019,
    title         = {Manual de pesquisa em estudos linguísticos},
    author        = {Paiva, V. L. M. de O. e.},
    year          = {2019},
    publisher     = {Parábola},
    address       = {São Paulo},
}

@article{caetanooliveira2020,
    title         = {A produção de resumos acadêmicos: um estudo preliminar sobre a usabilidade do software “AutorIA – MEU RESUMO”},
    author        = {Caetano Oliveira, M. de C.},
    year          = {2020},
    journal       = {Fólio - Revista De Letras},
    volume        = {12},
    number        = {1},
    pages         = {725--747},
    doi           = {https://doi.org/10.22481/folio.v12i1.6728},
    url           = {https://periodicos2.uesb.br/index.php/folio/article/view/6728},
    urldate       = {2023-12-18},
}

@manual{abnt2021,
    title         = {NBR ISO 9241-1. Ergonomia da interação humano-sistema. Parte 11: Usabilidade: Definições e conceitos},
    author        = {Associação Brasileira de Normas Técnicas},
    year          = {2021},
    publisher     = {Abnt},
    address       = {Rio de Janeiro},
}

@article{caetanooliveira2021,
    title         = {Resumos acadêmicos na área de Geografia: análise da estrutura retórica e percepções sobre o processo de produção},
    author        = {Caetano Oliveira, M. de C. and Teixeira, F. A.},
    year          = {2021},
    journal       = {Revista da ABRALIN},
    volume        = {20},
    number        = {3},
    pages         = {1400--1426},
    doi           = {10.25189/rabralin.v20i3.1920},
    url           = {https://revista.abralin.org/index.php/abralin/article/view/1920},
    urldate       = {2023-12-18},
}

@article{silva2021producao,
    title         = {A produção de resumos acadêmicos na universidade: percepções de modelos de ensino-aprendizagem na perspectiva dos letramentos},
    author        = {Silva, M. C. and Botelho, L. S. and Caetano Oliveira, M. de C.},
    year          = {2021},
    journal       = {Trabalhos em Linguística Aplicada},
    volume        = {60},
    number        = {2},
    pages         = {580--594},
    url           = {https://periodicos.sbu.unicamp.br/ojs/index.php/tla/article/view/8660840},
    urldate       = {2024-08-05},
}
