@article{alonso2020,
	title = {Un modelo conceptual y taxonómico para estructurar el campo ciencia-tecnología-sociedad (o naturaleza de la ciencia y tecnología, o como se llame)},
	volume = {11},
	copyright = {, 2020},
	url = {http://dspace.uib.es/xmlui/handle/11201/151019},
	number = {2},
	urldate = {2021-09-30},
	journal = {Indagatio Didactica},
	author = {Alonso, Angel Vazquez and Manassero-Mas, María Antonia},
	month = mar,
	year = {2020},
	pages = {121-139},
}
@article{baran2020,
	title = {Social {Innovation} {Living} {Labs} as {Platforms} to {Co}-design {Social} {Innovations}},
	volume = {12},
	url = {https://www.sciendo.com/article/10.2478/joim-2019-0031},
	doi = {10.2478/joim-2019-0031},
	number = {1},
	urldate = {2021-09-30},
	journal = {Journal of Intercultural Management},
	author = {Baran, Grzegorz},
	month = mar,
	year = {2020},
	pages = {36--57},
}
@incollection{barbancho2020,
	address = {Cham},
	title = {New {Environments} for the {Evaluation} of {Smart} {Living} {Solutions}},
	url = {http://link.springer.com/10.1007/978-3-030-25590-9_13},
	urldate = {2021-09-30},
	booktitle = {Smart {Assisted} {Living}},
	publisher = {Springer International Publishing},
	author = {Barbancho, Beatriz and Lombroni, Ivana and Vera-Muñoz, Cecilia and Arredondo, María Teresa},
	editor = {Chen, Feng and García-Betances, Rebeca I. and Chen, Liming and Cabrera-Umpiérrez, María Fernanda and Nugent, Chris},
	year = {2020},
	doi = {10.1007/978-3-030-25590-9_13},
	pages = {269-285},
}
@article{barth2019,
	title = {Transdisciplinary learning to foster sustainable development: {Institutionalizing} co-engaged {South}-{North} collaboration},
	volume = {28},
	url = {https://www.ingentaconnect.com/content/10.14512/gaia.28.4.11},
	doi = {10.14512/gaia.28.4.11},
	number = {4},
	urldate = {2021-09-30},
	journal = {GAIA - Ecological Perspectives for Science and Society},
	author = {Barth, Matthias and Lang, Daniel J. and Michelsen, Gerd},
	month = dec,
	year = {2019},
	pages = {382-385},
}
@techreport{blattel2016,
	title = {Report of {DFG} round table discussion on co-design, co-production and co-dissemination},
	institution = {Working group report to the German Committee Future Earth},
	author = {Blättel-Mink, B.},
	year = {2016},
}
@article{blikstein2018,
	title = {Maker movement in education: {History} and prospects},
	journal = {Handbook of Technology Education},
	author = {Blikstein, Paulo},
	year = {2018},
	pages = {419-437},
}
@inproceedings{blikstein2013,
	address = {New York, NY},
	title = {The makers' movement and {FabLabs} in education: experiences, technologies, and research},
	url = {https://dl.acm.org/doi/10.1145/2485760.2485884},
	doi = {10.1145/2485760.2485884},
	urldate = {2021-09-30},
	booktitle = {Proceedings of the 12th {International} {Conference} on {Interaction} {Design} and {Children}},
	publisher = {ACM},
	author = {Blikstein, Paulo and Krannich, Dennis},
	month = jun,
	year = {2013},
	pages = {613-616},
}
@incollection{castro2020,
	address = {Colombia},
	title = {Chapter 6: {Principle} of participation in environmental matters. {The} {Principle} 10},
	booktitle = {Environmental {Law} {School}: {Homage} to {Gloria} {Amparo} {Rodríguez}},
	publisher = {Editorial Universidad del Rosario},
	author = {Castro-Buitrago, E.},
	collaborator = {Vargas-Chaves, Iván and Gómez-Rey, Andrés and Ibáñez-Elam, Adolfo},
	year = {2020},
}
@misc{centre_for_reviews_and_dissemination_crds_2020,
	title = {{CRD}’s guidance for undertaking reviews in health care},
	url = {https://www.york.ac.uk/crd/guidance/},
	urldate = {2021-09-30},
	author = {{Centre for Reviews and Dissemination}},
	year = {2020},
	note = {publisher: University of York},
}
@article{couix2013,
	title = {When the future of biodiversity depends on researchers’ and stakeholders’ thought-styles},
	volume = {53},
	url = {https://linkinghub.elsevier.com/retrieve/pii/S0016328713001183},
	doi = {10.1016/j.futures.2013.09.005},
	urldate = {2021-09-30},
	journal = {Futures},
	author = {Couix, Nathalie and Hazard, Laurent},
	month = sep,
	year = {2013},
	pages = {13-21},
}
@article{defila2020,
	title = {Science policy recommendations for funding real-world laboratories and comparable formats},
	volume = {29},
	url = {https://www.ingentaconnect.com/content/10.14512/gaia.29.1.14},
	doi = {10.14512/gaia.29.1.14},
	number = {1},
	urldate = {2021-09-30},
	journal = {GAIA - Ecological Perspectives for Science and Society},
	author = {Defila, Rico and Di Giulio, Antonietta},
	month = mar,
	year = {2020},
	pages = {63-65},
}
@article{dellera2014,
	title = {Living {Lab}: {A} {Methodology} between {User}-{Centred} {Design} and {Participatory} {Design}: {Living} {Lab}},
	volume = {23},
	url = {https://onlinelibrary.wiley.com/doi/10.1111/caim.12061},
	doi = {10.1111/caim.12061},
	number = {2},
	urldate = {2021-09-30},
	journal = {Creativity and Innovation Management},
	author = {Dell'Era, Claudio and Landoni, Paolo},
	month = jun,
	year = {2014},
	pages = {137-154},
}
@article{ejderyan2019,
	title = {How social sciences and humanities can contribute to transformative science},
	volume = {28},
	url = {https://www.ingentaconnect.com/content/10.14512/gaia.28.2.15},
	doi = {10.14512/gaia.28.2.15},
	number = {2},
	urldate = {2021-09-30},
	journal = {GAIA - Ecological Perspectives for Science and Society},
	author = {Ejderyan, Olivier and Schneider, Flurina and Bornemann, Basil and Kläy, Andreas},
	month = jan,
	year = {2019},
	pages = {160-162},
}
@misc{enoll2020,
	title = {About us},
	url = {http://enoll.org/about-us/},
	urldate = {2021-09-30},
	journal = {European Network of Living Labs},
	author = {{ENOLL}},
	year = {2020},
}
@article{estevez-alvarez2020,
	title = {he aesthetic sustainability of the human condition: challenges of contemporary education},
	volume = {8},
	url = {http://www.portaldeperiodicos.unisul.br/index.php/gestao_ambiental/article/view/7008},
	doi = {10.19177/rgsa.v8e42019368-385},
	number = {4},
	urldate = {2021-09-30},
	journal = {Revista Gestão \& Sustentabilidade Ambiental},
	author = {Estevez-Alvarez, Lurima },
	month = jan,
	year = {2020},
	pages = {368-385},
}
@article{evans2015,
	title = {Living labs and co-production: university campuses as platforms for sustainability science},
	volume = {16},
	url = {https://linkinghub.elsevier.com/retrieve/pii/S1877343515000573},
	doi = {10.1016/j.cosust.2015.06.005},
	urldate = {2021-09-30},
	journal = {Current Opinion in Environmental Sustainability},
	author = {Evans, James and Jones, Ross and Karvonen, Andrew and Millard, Lucy and Wendler, Jana},
	month = oct,
	year = {2015},
	pages = {1-6},
}
@book{fasnacht2009,
	address = {Berlin, Heidelberg},
	title = {Open {Innovation} in the {Financial} {Services}},
	url = {http://link.springer.com/10.1007/978-3-540-88231-2},
	urldate = {2021-09-30},
	publisher = {Springer Berlin Heidelberg},
	author = {Fasnacht, D.},
	year = {2009},
	doi = {10.1007/978-3-540-88231-2},
}
@article{garcia+lopez2020,
	title = {Desafíos en la coproducción de conocimientos desde el diálogo de saberes y la sistematización de experiencias: una perspectiva política},
	shorttitle = {Desafíos en la coproducción de conocimientos desde el diálogo de saberes y la sistematización de experiencias},
	url = {https://bit.ly/3gdd0Pd},
	urldate = {2021-09-30},
	year = {2020},
	journal = {Pluralismos epistemológicos: Nuevos desafíos de la investigación y la sistematización de experiencias},
	author = {García, Leonardo Jimenez and López, A. A.},
}
@article{halverson2014,
	title = {The {Maker} {Movement} in {Education}},
	volume = {84},
	url = {https://meridian.allenpress.com/her/article/84/4/495/32157/The-Maker-Movement-in-Education},
	doi = {10.17763/haer.84.4.34j1g68140382063},
	number = {4},
	urldate = {2021-09-30},
	journal = {Harvard Educational Review},
	author = {Halverson, Erica Rosenfeld and Sheridan, Kimberly},
	month = dec,
	year = {2014},
	pages = {495-504},
}
@article{jaeger2018,
	title = {Building {Capacities} for {Transdisciplinary} {Research}: {Challenges} and {Recommendations} for {Early}-{Career} {Researchers}},
	volume = {27},
	url = {https://www.ingentaconnect.com/content/10.14512/gaia.27.4.10},
	doi = {10.14512/gaia.27.4.10},
	number = {4},
	urldate = {2021-09-30},
	journal = {GAIA - Ecological Perspectives for Science and Society},
	author = {Jaeger-Erben, Melanie and Kramm, Johanna and Sonnberger, Marco and Völker, Carolin and Albert, Christian and Graf, Antonia and Hermans, Kathleen and Lange, Steffen and Santarius, Tilman and Schröter, Barbara and Sievers-Glotzbach, Stefanie and Winzer, Janis},
	month = jan,
	year = {2018},
	pages = {379-386},
}
@article{kitchenham2010,
	title = {Systematic literature reviews in software engineering – {A} tertiary study},
	volume = {52},
	url = {https://linkinghub.elsevier.com/retrieve/pii/S0950584910000467},
	doi = {10.1016/j.infsof.2010.03.006},
	number = {8},
	urldate = {2021-09-30},
	journal = {Information and Software Technology},
	author = {Kitchenham, Barbara and Pretorius, Rialette and Budgen, David and Pearl Brereton, O. and Turner, Mark and Niazi, Mahmood and Linkman, Stephen},
	month = aug,
	year = {2010},
	pages = {792-805},
}
@book{kitchenham2007,
	address = {UK},
	title = {Guidelines for performing systematic literature reviews in software engineering},
	publisher = {Keele University \& University of Durham},
	author = {Kitchenham, B. and Charters, S.},
	year = {2007},
}
@article{komatsu2021,
	title = {Policy labs challenges in the public sector: the value of design for more responsive organizations},
	volume = {4},
	url = {https://www.tandfonline.com/doi/full/10.1080/25741292.2021.1917173},
	doi = {10.1080/25741292.2021.1917173},
	number = {2},
	urldate = {2021-09-30},
	journal = {Policy Design and Practice},
	author = {Komatsu, Tamami and Salgado, Mariana and Deserti, Alessandro and Rizzo, Francesca},
	month = apr,
	year = {2021},
	pages = {271-291},
}
@article{krause2019,
	title = {Evaluating knowledge transfer at the interface between science and society},
	volume = {28},
	url = {https://www.ingentaconnect.com/content/10.14512/gaia.28.3.9},
	doi = {10.14512/gaia.28.3.9},
	number = {3},
	urldate = {2021-09-30},
	journal = {GAIA - Ecological Perspectives for Science and Society},
	author = {Krause, Gesche and Schupp, Maximilian Felix},
	month = oct,
	year = {2019},
	pages = {284-293},
}
@misc{medialab-prado2020,
	title = {What is {Medialab}-{Prado}},
	url = {https://www.medialab-prado.es/},
	urldate = {2021-09-30},
	author = {{Medialab-Prado}},
	year = {2020},
	note = {publisher: Dirección General de Proyectos Culturales, Área de Gobierno de las Artes, Ayuntamiento de Madrid},
}
@inproceedings{mikhak2002,
	title = {Fab {Lab}: an alternate model of {ICT} for development},
	volume = {17},
	booktitle = {2nd international conference on open collaborative design for sustainable innovation},
	author = {Mikhak, B. and Lyon, C. and Gorton, T. and Gershenfeld, N. and McEnnis, C. and Taylor, J.},
	year = {2002},
}
@misc{mit2020,
	title = {About the lab},
	url = {https://www.media.mit.edu/about/overview/},
	urldate = {2021-09-30},
	journal = {Media Lab},
	author = {{MIT}},
	year = {2020},
}
@article{muller2015,
	title = {({Re}-)sources of innovation: {Understanding} and comparing time-spatial innovation dynamics through the lens of communities of practice},
	volume = {65},
	url = {https://linkinghub.elsevier.com/retrieve/pii/S0016718514002231},
	doi = {10.1016/j.geoforum.2014.10.007},
	urldate = {2021-09-30},
	journal = {Geoforum},
	author = {Müller, Felix C. and Ibert, Oliver},
	month = oct,
	year = {2015},
	pages = {338-350},
}
@article{oberlack2019,
	title = {Theories of change in sustainability science: {Understanding} how change happens},
	volume = {28},
	url = {https://www.ingentaconnect.com/content/10.14512/gaia.28.2.8},
	doi = {10.14512/gaia.28.2.8},
	language = {en},
	number = {2},
	urldate = {2021-09-30},
	journal = {GAIA - Ecological Perspectives for Science and Society},
	author = {Oberlack, Christoph and Breu, Thomas and Giger, Markus and Harari, Nicole and Herweg, Karl and Mathez-Stiefel, Sarah-Lan and Messerli, Peter and Moser, Stephanie and Ott, Cordula and Providoli, Isabelle and Tribaldos, Theresa and Zimmermann, Anne and Schneider, Flurina},
	month = jan,
	year = {2019},
	pages = {106-111},
}
@article{paschke2019,
	title = {Science-policy boundary work by early-stage researchers: {Recommendations} for teaching, internships and knowledge transfer},
	volume = {28},
	url = {https://www.ingentaconnect.com/content/10.14512/gaia.28.3.13},
	doi = {10.14512/gaia.28.3.13},
	number = {3},
	urldate = {2021-09-30},
	journal = {GAIA - Ecological Perspectives for Science and Society},
	author = {Paschke, Melanie and Zurgilgen, Karina},
	month = oct,
	year = {2019},
	pages = {310-315},
}
@article{peduzzi2020,
	title = {Teamwork: revisiting the concept and its consequences for interprofessional work},
	volume = {18},
	url = {http://www.scielo.br/scielo.php?script=sci_arttext&pid=S1981-77462020000400401&tlng=pt},
	doi = {10.1590/1981-7746-sol00246},
	number = {suppl 1},
	urldate = {2021-09-30},
	journal = {Trabalho, Educação e Saúde},
	author = {Peduzzi, Marina and Agreli, Heloise Lima Fernandes and Silva, Jaqueline Alcântara Marcelino da and Souza, Helton Saragor de},
	year = {2020},
	pages = {e0024678},
}
@article{pettibone2018,
	title = {Transdisciplinary {Sustainability} {Research} and {Citizen} {Science}: {Options} for {Mutual} {Learning}},
	volume = {27},
	url = {https://www.ingentaconnect.com/content/10.14512/gaia.27.2.9},
	doi = {10.14512/gaia.27.2.9},
	number = {2},
	urldate = {2021-09-30},
	journal = {GAIA - Ecological Perspectives for Science and Society},
	author = {Pettibone, Lisa and Blättel-Mink, Birgit and Balázs, Bálint and Giulio, Antonietta Di and Göbel, Claudia and Heubach, Katja and Hummel, Diana and Lundershausen, Johannes and Lux, Alexandra and Potthast, Thomas and Vohland, Katrin and Wyborn, Carina},
	month = jan,
	year = {2018},
	pages = {222-225},
}
@incollection{pfirman2017,
	address = {Oxford, UK},
	edition = {2nd edition},
	title = {Facilitating {Interdisciplinary} {Scholars}},
	url = {http://oxfordhandbooks.com/view/10.1093/oxfordhb/9780198733522.001.0001/oxfordhb-9780198733522-e-47},
	urldate = {2021-09-30},
	booktitle = {The {Oxford} handbook of interdisciplinarity},
	publisher = {Oxford University Press},
	author = {Pfirman, Stephanie and Martin, Paula J. S.},
	editor = {Frodeman, Robert and Thompson-Klein, J. and Pacheco, R. C.},
	month = mar,
	year = {2017},
	doi = {10.1093/oxfordhb/9780198733522.013.47},
	pages = {387-403},
}
@article{pohl2017,
	title = {Ten {Reflective} {Steps} for {Rendering} {Research} {Societally} {Relevant}},
	volume = {26},
	url = {https://www.ingentaconnect.com/content/10.14512/gaia.26.1.10},
	doi = {10.14512/gaia.26.1.10},
	number = {1},
	urldate = {2021-09-30},
	journal = {GAIA - Ecological Perspectives for Science and Society},
	author = {Pohl, Christian and Krütli, Pius and Stauffacher, Michael},
	month = jan,
	year = {2017},
	pages = {43-51},
}
@article{raasch2009,
	title = {On the open design of tangible goods},
	volume = {39},
	url = {https://onlinelibrary.wiley.com/doi/10.1111/j.1467-9310.2009.00567.x},
	doi = {10.1111/j.1467-9310.2009.00567.x},
	number = {4},
	urldate = {2021-09-30},
	journal = {R\&D Management},
	author = {Raasch, Christina and Herstatt, Cornelius and Balka, Kerstin},
	month = sep,
	year = {2009},
	pages = {382-393},
}
@article{stacey2014,
	title = {The {FAB} {LAB} {Network}: {A} {Global} {Platform} for {Digital} {Invention}, {Education} and {Entrepreneurship}},
	volume = {9},
	url = {https://direct.mit.edu/itgg/article/9/1-2/221-238/9785},
	doi = {10.1162/inov_a_00211},
	number = {1-2},
	urldate = {2021-09-30},
	journal = {Innovations: Technology, Governance, Globalization},
	author = {Stacey, Michael},
	month = jan,
	year = {2014},
	pages = {221-238},
}
@article{walz2019,
	title = {Wider economic and social implications of sustainable economy approaches: {Some} insights from a scenario exercise},
	volume = {28},
	url = {https://www.ingentaconnect.com/content/10.14512/gaia.28.S1.4},
	doi = {10.14512/gaia.28.S1.4},
	number = {1},
	urldate = {2021-09-30},
	journal = {GAIA - Ecological Perspectives for Science and Society},
	author = {Walz, Rainer and Oldenburg, Clara and Pfaff, Matthias and Schuler, Johannes and Gotsch, Matthias and Marscheider-Weidemann, Frank and Hiete, Michael},
	month = jan,
	year = {2019},
	pages = {190-197},
}
@article{wang2020,
	title = {Sustainability and {Resilience} of {Alternative} {Lifestyles}: {An} {Ethnography} of {Self}-organizing {Communities} in {South} {China}},
	volume = {12},
	url = {https://www.mdpi.com/2071-1050/12/4/1454},
	doi = {10.3390/su12041454},
	number = {4},
	urldate = {2021-09-30},
	journal = {Sustainability},
	author = {Wang, Peng},
	month = feb,
	year = {2020},
	pages = {1454},
}
@article{wigboldus2016,
	title = {Systemic perspectives on scaling agricultural innovations. {A} review},
	volume = {36},
	url = {http://link.springer.com/10.1007/s13593-016-0380-z},
	doi = {10.1007/s13593-016-0380-z},
	number = {3},
	urldate = {2021-09-30},
	journal = {Agronomy for Sustainable Development},
	author = {Wigboldus, Seerp and Klerkx, Laurens and Leeuwis, Cees and Schut, Marc and Muilerman, Sander and Jochemsen, Henk},
	month = sep,
	year = {2016},
	pages = {46},
}
@article{williamson2015,
	title = {Governing methods: policy innovation labs, design and data science in the digital governance of education},
	volume = {47},
	url = {http://www.tandfonline.com/doi/full/10.1080/00220620.2015.1038693},
	doi = {10.1080/00220620.2015.1038693},
	number = {3},
	urldate = {2021-09-30},
	journal = {Journal of Educational Administration and History},
	author = {Williamson, Ben},
	month = jul,
	year = {2015},
	pages = {251-271},
}
@article{wolf-powers2017,
	title = {The {Maker} {Movement} and {Urban} {Economic} {Development}},
	volume = {83},
	url = {https://www.tandfonline.com/doi/full/10.1080/01944363.2017.1360787},
	doi = {10.1080/01944363.2017.1360787},
	number = {4},
	urldate = {2021-09-30},
	journal = {Journal of the American Planning Association},
	author = {Wolf-Powers, Laura and Doussard, Marc and Schrock, Greg and Heying, Charles and Eisenburger, Max and Marotta, Stephen},
	month = oct,
	year = {2017},
	pages = {365-376},
}
@article{ramirez-montoya2018,
	title = {Co-creation and open innovation: {Systematic} literature review},
	volume = {26},
	url = {https://www.revistacomunicar.com/index.php?contenido=detalles&numero=54&articulo=54-2018-01},
	doi = {10.3916/C54-2018-01},
	number = {54},
	urldate = {2021-09-30},
	journal = {Comunicar},
	author = {Ramírez-Montoya, María-Soledad and García-Peñalvo, Francisco-José},
	month = jan,
	year = {2018},
	pages = {09-18},
}
@inproceedings{yanez-figueroa2016,
	address = {Salamanca, Spain},
	title = {Systematic mapping of the literature: social innovation laboratories for the collaborative construction of knowledge from the perspective of open innovation},
	url = {https://dl.acm.org/doi/10.1145/3012430.3012609},
	doi = {10.1145/3012430.3012609},
	urldate = {2021-09-30},
	booktitle = {Proceedings of the {Fourth} {International} {Conference} on {Technological} {Ecosystems} for {Enhancing} {Multiculturality}},
	publisher = {ACM},
	author = {Yañez-Figueroa, José Antonio and Ramírez-Montoya, María Soledad and García-Peñalvo, Francisco J.},
	month = nov,
	year = {2016},
	pages = {795-803},
}
@misc{york2018,
	title = {Connecting {Children} to {Nature}: {Incorporating} {Environmental} {Education} into {Childcare} {Network}'s {Curriculum}},
	url = {https://bit.ly/2zWksxr},
	urldate = {2021-09-30},
	journal = {ProQuest Dissertations \& Theses Global},
	author = {York, B. E.},
	year = {2018},
}
@article{zambrano2020,
	title = {Indirect effects of {COVID}-19 on the environment},
	volume = {728},
	url = {https://linkinghub.elsevier.com/retrieve/pii/S0048969720323305},
	doi = {10.1016/j.scitotenv.2020.138813},
	urldate = {2021-09-30},
	journal = {Science of The Total Environment},
	author = {Zambrano-Monserrate, Manuel A. and Ruano, María Alejandra and Sanchez-Alcalde, Luis},
	month = aug,
	year = {2020},
	pages = {138813},
}
