@misc{brasil1999,
    title         = {Decreto nº 3.298, de 20 de Dezembro de 1999},
    author        = {{Brasil}},
    year          = {1999},
    journal       = {Diário Oficial da União},
    note          = {Regulamenta a Lei nº 7853, de 24 de outubro de 1989, dispõe sobre a Política Nacional para a Integração da Pessoa Portadora de Deficiência, consolida as normas de proteção, e dá outras providências},
    date          = {1999-12-21},
}

@article{garnica2003,
    title         = {História oral e educação matemática: de um inventário a uma regulação},
    author        = {Garnica, Antônio Vicente Marafioti},
    year          = {2003},
    journal       = {Zetetike},
    address       = {Campinas, SP},
    volume        = {11},
    number        = {1},
    pages         = {9--56},
    doi           = {10.20396/zet.v11i19.8646949},
    url           = {08https://periodicos.sbu.unicamp.br/ojs/index.php/zetetike/article/view/8646949},
    urldate       = {2024-11-25},
}

@book{mantoan2003,
    title         = {Inclusão escolar – O que é? Por quê? Como fazer?},
    author        = {Mantoan, Maria},
    year          = {2003},
    publisher     = {Moderna},
    address       = {São Paulo},
}

@misc{bersch2006,
    title         = {O que é Tecnologia Assistiva?},
    author        = {Bersch, Rita and Tonolli, José Carlos},
    year          = {2006},
    url           = {http://www.bengalalegal.com/tecnol-a.php},
    urldate       = {2023-04-10},
}

@incollection{brasil2007,
    title         = {Resolver problemas: o lado lúdico do Ensino da Matemática},
    author        = {{Brasil, Ministério da Educação, Secretaria de Educação Básica}},
    year          = {2007},
    booktitle     = {Pró-letramento Matemática – Programa de formação continuada de professores dos anos/séries iniciais do Ensino Fundamental},
    publisher     = {Mec/seb},
    address       = {Brasília},
    volume        = {Fascículo 7},
    pages         = {6--16},
}

@misc{brasil2007a,
    title         = {ATA da VII Reunião do Comitê de Ajudas Técnicas - CAT/CORDE/SEDH/PR, realizada nos dias 13 e 14 de dezembro de 2007},
    author        = {{Brasil}},
    year          = {2007},
    url           = {https://www.assistiva.com.br/Ata_VII_Reuni%C3%A3o_do_Comite_de_Ajudas_T%C3%A9cnicas.pdf},
    urldate       = {2023-01-14},
}

@article{lovatto2007,
    title         = {Meta-análise em pesquisas científicas - enfoque em metodologias},
    author        = {Lovatto, Paulo Alberto and others},
    year          = {2007},
    month         = {jul},
    journal       = {Revista Brasileira de Zootecnia},
    address       = {Viçosa, MG},
    volume        = {36},
    number        = {36},
    pages         = {285--294},
    url           = {https://www.scielo.br/j/rbz/a/TxB6XwXygrfKhPTmyyYMJrd},
    urldate       = {2024-11-26},
}

@article{passerino2007,
    title         = {Inclusão social via acessibilidade digital: proposta de inclusão digital para Pessoas com Necessidades Especiais},
    author        = {Passerino, Liliana Maria and Montardo, Sandra Portella},
    year          = {2007},
    month         = {4},
    journal       = {E-Compós},
    volume        = {8},
    pages         = {1--18},
    doi           = {10.30962/ec.144},
    url           = {https://www.e-compos.org.br/e-compos/article/view/144},
    urldate       = {2024-11-26},
}

@book{gil2008,
    title         = {Como elaborar projetos de pesquisa},
    author        = {Gil, Antônio Carlos},
    year          = {2008},
    publisher     = {Atlas},
    address       = {São Paulo},
    edition       = {4},
}

@book{brasil2009,
    title         = {Tecnologia Assistiva},
    author        = {{Brasil, Subsecretaria Nacional de Promoção dos Direitos da Pessoa com Deficiência, Comitê de Ajudas Técnicas}},
    year          = {2009},
    publisher     = {Corde},
    address       = {Brasília},
}

@article{sassaki2009,
    title         = {Inclusão: acessibilidade no lazer, trabalho e educação},
    author        = {Sassaki, Romeu},
    year          = {2009},
    month         = {mar/apr},
    journal       = {Revista Nacional de Reabilitação (Reação)},
    address       = {São Paulo},
    volume        = {Ano XII},
    pages         = {10--16},
    url           = {https://repositorio.ufpe.br/handle/123456789/55508},
    urldate       = {2024-11-24},
}

@book{tardif2011,
    title         = {Saberes docentes e formação profissional},
    author        = {Tardif, Maurice},
    year          = {2011},
    publisher     = {Vozes},
    address       = {Petrópolis, RJ},
}

@article{lopes2012,
    title         = {Professoras que ensinam matemática nos anos iniciais e a sua formação},
    author        = {Lopes, Anemari Roesler Luersen Vieira and others},
    year          = {2012},
    journal       = {Linhas Críticas},
    volume        = {18},
    number        = {35},
    pages         = {87--106},
    doi           = {10.26512/lc.v18i35.3842},
    url           = {https://periodicos.unb.br/index.php/linhascriticas/article/view/3842},
    urldate       = {2024-11-26},
}

@misc{bersch2013,
    title         = {Recursos Pedagógicos Acessíveis: Tecnologia Assistiva (TA) e Processo de Avaliação nas escolas},
    author        = {Bersch, Rita},
    year          = {2013},
    url           = {https://www.assistiva.com.br/Recursos_Ped_Acessiveis_Avaliacao_ABR2013.pdf},
    urldate       = {2023-01-14},
}

@book{brasil2013,
    title         = {Viver sem Limite - Plano Nacional dos Direitos da Pessoa com Deficiência},
    author        = {{Brasil}},
    year          = {2013},
    publisher     = {Presidência da República / Secretaria de Direitos Humanos da Presidência da República (SDH/PR) / Secretaria Nacional de Promoção dos Direitos da Pessoa com Deficiência (SNPD)},
    address       = {Brasília},
}

@article{bicudo2014,
    title         = {Meta-análise: seu significado para a pesquisa qualitativa},
    author        = {Bicudo, Maria Aparecida Viggiani},
    year          = {2014},
    month         = {6},
    journal       = {Revista Eletrônica de Educação Matemática - REVEMAT},
    address       = {Florianópolis, SC},
    volume        = {9},
    number        = {esp},
    pages         = {07--20},
    doi           = {10.5007/1981-1322.2014v9nespp7},
    url           = {https://periodicos.ufsc.br/index.php/revemat/article/view/1981-1322.2014v9nespp7},
    urldate       = {2024-11-25},
}

@article{caminha2015,
    title         = {Tecnologias Assistivas e Coping Familiar para a Inclusão Escolar da Criança com Autismo},
    author        = {Caminha, Vera and others},
    year          = {2015},
    month         = {jul/dec},
    journal       = {Revista Diálogos e Perspectivas em Educação Especial},
    volume        = {2},
    number        = {2},
    pages         = {39--52},
    doi           = {10.36311/2358-8845.2015.v2n02.5755},
    url           = {https://revistas.marilia.unesp.br/index.php/dialogoseperspectivas/article/view/5755},
    urldate       = {2024-11-25},
}

@article{moher2015,
    title         = {Preferred Reporting Items for Systematic Reviews and Meta-Analyses: The PRISMA Statement},
    author        = {Moher, D. and others},
    year          = {2015},
    month         = {apr/jun},
    journal       = {Epidemiologia e Serviços de Saúde},
    address       = {Brasília},
    volume        = {24},
    number        = {2},
}

@misc{brasil2015,
    title         = {Lei nº 13.146, de 6 de julho de 2015. Institui a Lei Brasileira de Inclusão da Pessoa com Deficiência},
    author        = {Brasil},
    year          = {2015},
    url           = {http://www.planalto.gov.br/ccivil_03/leis/2015/L13846.htm},
    urldate       = {2025-04-03},
    howpublished  = {Diário Oficial da União, Brasília, DF, 7 jul. 2015},
}

@mastersthesis{derossi2015,
    title         = {Objetos de Aprendizagem e Lousa Digital no trabalho com Álgebra: estratégias dos alunos na utilização desses recursos},
    author        = {Derossi, B.},
    year          = {2015},
    address       = {Curitiba},
    pages         = {137},
    url           = {https://bdtd.ibict.br/vufind/Record/UFPR_1c9bdb04c6b2d977cc5ac3d5903f9094},
    urldate       = {2025-04-03},
    note          = {Mestrado em Educação em Ciências e em Matemática},
    school        = {Universidade Federal do Paraná},
    type          = {Master's thesis},
}

@book{capellini2015,
    title         = {Ensino Colaborativo: uma proposta para a escolarização do estudante com Transtorno Global do Desenvolvimento},
    author        = {Capellini, Vera Lúcia Messias Fialho},
    year          = {2015},
    publisher     = {Unesp/NEaD/Redefor},
    address       = {São Paulo},
    url           = {https://acervodigital.unesp.br/handle/unesp/381389},
    urldate       = {2025-04-03},
}

@incollection{kalinke2016,
    title         = {Lousas Digitais e Objetos de Aprendizagem},
    author        = {Kalinke, Marco Aurélio and Balbino, Rodrigo},
    year          = {2016},
    booktitle     = {A lousa digital e outras tecnologias na Educação Matemática},
    publisher     = {Crv},
    address       = {Curitiba},
    pages         = {13--32},
    editor        = {Kalinke, Marco Aurélio and Mocrosky, Luciane},
}

@misc{bersch2017,
    title         = {Introdução à Tecnologia Assistiva},
    author        = {Bersch, Rita},
    year          = {2017},
    address       = {Porto Alegre, RS},
    url           = {https://www.assistiva.com.br/Introducao_Tecnologia_Assistiva.pdf},
    urldate       = {2023-01-14},
}

@article{soares2017,
    title         = {Tecnologia Assistiva: revisão de aspectos relacionados ao tema},
    author        = {Soares, Juliana Maria Moreira and others},
    year          = {2017},
    month         = {10},
    journal       = {Revista ESPACIOS},
    volume        = {38},
    number        = {13},
    pages         = {1--15},
    url           = {https://www.revistaespacios.com/a17v38n13/17381308.html},
    urldate       = {2024-11-24},
}

@mastersthesis{renaux2017,
    title         = {O uso de objetos de aprendizagem de estatística em um curso de pedagogia: algumas possibilidades e potencialidades},
    author        = {Renaux, C. D. Z.},
    year          = {2017},
    address       = {Curitiba},
    pages         = {110},
    url           = {http://calvados.c3sl.ufpr.br/handle/1884/53049},
    urldate       = {2025-04-03},
    note          = {Mestrado em Educação em Ciências e em Matemática},
    school        = {Universidade Federal do Paraná},
    type          = {Master's thesis},
}

@article{moreira2019,
    title         = {Tecnologia Assistiva no Ensino da Matemática para Alunos com Transtorno do Espectro Autista},
    author        = {Moreira, Priscila Rezende and Costa, Evandro Alexandre Silva and Amaral, Clara Tatiana Dias},
    year          = {2019},
    month         = {sep/dec},
    journal       = {Educação Matemática em Revista},
    address       = {Brasília},
    volume        = {24},
    number        = {64},
    pages         = {304--319},
    url           = {https://www.sbembrasil.org.br/periodicos/index.php/emr/article/download/1996/pdf/6315},
    urldate       = {2024-11-26},
}

@misc{brasil2020,
    title         = {Lei nº 13.977, de 8 de janeiro de 2020},
    author        = {{Brasil}},
    year          = {2020},
    journal       = {Diário Oficial da União},
    note          = {Lei, denominada “Lei Romeo Mion”, altera a Lei nº 12.764, de 27 de dezembro de 2012 (Lei Berenice Piana), e a Lei nº 9.265, de 12 de fevereiro de 1996 (Lei da Gratuidade dos Atos de Cidadania), para criar a Carteira de Identificação da Pessoa com Transtorno do Espectro Autista (Ciptea), de expedição gratuita},
    date          = {2020-01-09},
}

@mastersthesis{camargo2020,
    title         = {Estratégias Metodológicas para o Ensino de Matemática: inclusão de um aluno autista no Ensino Fundamental},
    author        = {Camargo, Erica Daiane Ferreira},
    year          = {2020},
    address       = {São Cristóvão, SE},
    pages         = {235},
    url           = {https://ri.ufs.br/handle/riufs/15092},
    urldate       = {2024-11-25},
    school        = {Universidade Federal de Sergipe},
    type          = {Dissertação (Mestrado em Educação)},
}

@mastersthesis{guimaraes2020,
    title         = {O Processo de Construção de um Material Educacional na Perspectiva da Educação Matemática Inclusiva para um Aluno Autista},
    author        = {Guimarães, Amália Bichara},
    year          = {2020},
    address       = {Seropédica, RJ},
    pages         = {183},
    url           = {https://www.revistas.uneb.br/index.php/baeducmatematica/article/view/10317},
    urldate       = {2024-11-26},
    school        = {Universidade Federal Rural do Rio de Janeiro},
    type          = {Dissertação (Mestrado em Educação em Ciências e Matemática)},
}

@inproceedings{mourao2020,
    title         = {Modelo Inclusivo de Desenvolvimento de Objetos de Aprendizagem Acessíveis para Apoiar a Educação Inclusiva},
    author        = {Mourão, Andreza Bastos and Magalhães Netto, José Francisco},
    year          = {2020},
    booktitle     = {Anais do 9º Congresso Brasileiro de Informática na Educação (CBIE) - Concurso Alexandre Direne (CTD-IE) - Teses de Doutorado},
    publisher     = {Sociedade Brasileira de Computação},
    address       = {Porto Alegre},
    pages         = {42--51},
    doi           = {10.5753/cbie.wcbie.2020.42},
    url           = {https://sol.sbc.org.br/index.php/cbie_estendido/article/view/13024},
    urldate       = {2024-11-26},
    note          = {Evento online},
}

@article{rodrigues2020,
    title         = {Um breve Histórico da Educação Inclusiva: características do atendimento educacional especializado},
    author        = {Rodrigues, Murilo Raposo},
    year          = {2020},
    month         = {oct},
    journal       = {Revista Científica Multidisciplinar Núcleo do Conhecimento},
    volume        = {5},
    number        = {10},
    pages         = {164--174},
    doi           = {10.32749/nucleodoconhecimento.com.br/educacao/caracteristicas-do-atendimento},
    url           = {https://www.nucleodoconhecimento.com.br/educacao/caracteristicas-do-atendimento},
    urldate       = {2024-11-26},
}

@mastersthesis{santos2020,
    title         = {Ensino de Matemática e Transtorno do Espectro Autista - TEA: possibilidades para o desenvolvimento da prática pedagógica nos anos iniciais do Ensino Fundamental},
    author        = {Santos, Josely Alves},
    year          = {2020},
    address       = {Uberlândia, MG},
    pages         = {131},
    url           = {https://bdtd.ibict.br/vufind/Record/UFU_923cee21bc91ab388ed7c5aab9940b2c},
    urldate       = {2024-11-26},
    school        = {Universidade Federal de Uberlândia},
    type          = {Dissertação (Mestrado em Educação)},
}

@article{balbino2021,
    title         = {O aluno com Transtorno do Espectro Autista e o mediador escolar: um olhar inclusivo},
    author        = {Balbino, Elisa Maria Santos and others},
    year          = {2021},
    month         = {jan/mar},
    journal       = {Diversitas Journal},
    address       = {Santana do Ipanema, AL},
    volume        = {6},
    number        = {1},
    pages         = {1593--1605},
    doi           = {10.17648/diversitas-journal-v6i1-1663},
    url           = {https://diversitasjournal.com.br/diversitas_journal/article/view/1663},
    urldate       = {2024-11-25},
}

@article{souza2021,
    title         = {Os Objetos de Aprendizagem como Ferramentas de Ensino: potencialidades e fragilidades sob o olhar da Ciência da Informação},
    author        = {Souza, Raisa Mendes Fernandes},
    year          = {2021},
    month         = {jul/dec},
    journal       = {Revista Bibliomar},
    address       = {São Luís},
    volume        = {20},
    number        = {2},
    pages         = {27--48},
    url           = {https://periodicoseletronicos.ufma.br/index.php/bibliomar/article/view/16770/9988},
    urldate       = {2024-11-24},
}

@mastersthesis{gubert2022,
    title         = {Uso de Tecnologias Assistivas no Ensino de Matemática em Salas de Recursos Multifuncionais em uma Rede Municipal de Ensino},
    author        = {Gubert, Larissa Leal Scapin},
    year          = {2022},
    address       = {Foz do Iguaçu, PR},
    pages         = {123},
    url           = {https://tede.unioeste.br/handle/tede/6503},
    urldate       = {2024-11-25},
    school        = {Universidade Estadual do Oeste do Paraná},
    type          = {Dissertação (Mestrado em Ensino)},
}

@book{michaelis2023,
    title         = {Michaelis: moderno dicionário da língua portuguesa [recurso on-line]},
    year          = {2023},
    publisher     = {Companhia Melhoramentos},
    address       = {São Paulo},
}
