@book{groos_play_1901,
    title         = {The play of man.},
    author        = {Groos, Karl},
    year          = {1901},
    publisher     = {D Appleton \& Company},
    address       = {New York},
    doi           = {10.1037/13084-000},
    url           = {http://content.apa.org/books/13084-000},
    urldate       = {2024-10-09},
    translator    = {Baldwin, Elizabeth L.},
}

@article{vygotsky_play_1967,
    title         = {Play and {Its} {Role} in the {Mental} {Development} of the {Child}},
    author        = {Vygotsky, L. S.},
    year          = {1967},
    month         = apr,
    journal       = {Soviet Psychology},
    volume        = {5},
    number        = {3},
    pages         = {6--18},
    doi           = {10.2753/rpo1061-040505036},
    issn          = {0038-5751},
    url           = {https://www.tandfonline.com/doi/full/10.2753/RPO1061-040505036},
    urldate       = {2024-10-16},
}

@article{graziano_enhanced_1999,
    title         = {Enhanced learning of proportional math through music training and spatial-temporal training},
    author        = {Graziano, Amy B. and Peterson, Matthew and Shaw, Gordon L.},
    year          = {1999},
    month         = mar,
    journal       = {Neurological Research},
    volume        = {21},
    number        = {2},
    pages         = {139--152},
    doi           = {10.1080/01616412.1999.11740910},
    issn          = {0161-6412, 1743-1328},
    url           = {https://www.tandfonline.com/doi/full/10.1080/01616412.1999.11740910},
    urldate       = {2024-10-09},
}

@article{anderson_video_2000,
    title         = {Video games and aggressive thoughts, feelings, and behavior in the laboratory and in life.},
    author        = {Anderson, Craig A. and Dill, Karen E.},
    year          = {2000},
    month         = apr,
    journal       = {Journal of Personality and Social Psychology},
    volume        = {78},
    number        = {4},
    pages         = {772--790},
    doi           = {10.1037/0022-3514.78.4.772},
    issn          = {1939-1315, 0022-3514},
    url           = {https://doi.apa.org/doi/10.1037/0022-3514.78.4.772},
    urldate       = {2024-10-09},
}

@article{etxeberria_balerdi_videojuegos_2001,
    title         = {Videojuegos y educación},
    author        = {Etxeberría Balerdi, Félix},
    year          = {2001},
    journal       = {Revista Electrónica},
    url           = {https://gredos.usal.es/handle/10366/56438},
    urldate       = {2024-10-09},
    copyright     = {Attribution-NonCommercial-NoDerivs 3.0 Unported},
}

@article{salguero_measuring_2002,
    title         = {Measuring problem video game playing in adolescents},
    author        = {Salguero, Ricardo A. and Morán, Rosa M. Bersabé},
    year          = {2002},
    month         = dec,
    journal       = {Addiction},
    volume        = {97},
    number        = {12},
    pages         = {1601--1606},
    doi           = {10.1046/j.1360-0443.2002.00218.x},
    issn          = {0965-2140, 1360-0443},
    url           = {https://onlinelibrary.wiley.com/doi/10.1046/j.1360-0443.2002.00218.x},
    urldate       = {2024-10-17},
}

@article{bruner_juego_2003,
    title         = {Juego, pensamiento y lenguaje},
    author        = {Bruner, Jerome},
    year          = {2003},
    journal       = {Infancia: educar de 0 a 6 años},
    number        = {78},
    pages         = {4--10},
    issn          = {1130-6084},
    url           = {https://dialnet.unirioja.es/servlet/articulo?codigo=1126714},
    urldate       = {2024-10-09},
}

@article{gentile_effects_2004,
    title         = {The effects of violent video game habits on adolescent hostility, aggressive behaviors, and school performance},
    author        = {Gentile, Douglas A and Lynch, Paul J and Linder, Jennifer Ruh and Walsh, David A},
    year          = {2004},
    month         = feb,
    journal       = {Journal of Adolescence},
    volume        = {27},
    number        = {1},
    pages         = {5--22},
    doi           = {10.1016/j.adolescence.2003.10.002},
    issn          = {0140-1971, 1095-9254},
    url           = {https://onlinelibrary.wiley.com/doi/10.1016/j.adolescence.2003.10.002},
    urldate       = {2024-10-17},
    copyright     = {http://onlinelibrary.wiley.com/termsAndConditions\#vor},
}

@book{michael_serious_2006,
    title         = {Serious {Games}: {Games} {That} {Educate}, {Train}, and {Inform}},
    author        = {Michael, David R. and Chen, Sandra L.},
    year          = {2006},
    publisher     = {Muska \& Lipman/Premier-Trade},
    isbn          = {9781592006229},
}

@article{anand_study_2007,
    title         = {A {Study} of {Time} {Management}: {The} {Correlation} between {Video} {Game} {Usage} and {Academic} {Performance} {Markers}},
    author        = {Anand, Vivek},
    year          = {2007},
    month         = aug,
    journal       = {CyberPsychology \& Behavior},
    volume        = {10},
    number        = {4},
    pages         = {552--559},
    doi           = {10.1089/cpb.2007.9991},
    issn          = {1094-9313, 1557-8364},
    url           = {http://www.liebertpub.com/doi/10.1089/cpb.2007.9991},
    urldate       = {2024-10-17},
    copyright     = {http://www.liebertpub.com/nv/resources-tools/text-and-data-mining-policy/121/},
}

@article{ip_gaming_2008,
    title         = {Gaming frequency and academic performance},
    author        = {Ip, Barry and Jacobs, Gabriel and Watkins, Alan},
    year          = {2008},
    journal       = {Australasian Journal of Educational Technology},
    volume        = {24},
    number        = {4},
    pages         = {355--373},
    url           = {https://pdfs.semanticscholar.org/f27a/619df1d53d7db0649ff172bd1aab3103e085.pdfd-academic-performance},
    urldate       = {2024-10-17},
}

@article{kebritchi_effects_2010,
    title         = {The effects of modern mathematics computer games on mathematics achievement and class motivation},
    author        = {Kebritchi, Mansureh and Hirumi, Atsusi and Bai, Haiyan},
    year          = {2010},
    month         = sep,
    journal       = {Computers \& Education},
    volume        = {55},
    number        = {2},
    pages         = {427--443},
    doi           = {10.1016/j.compedu.2010.02.007},
    issn          = {03601315},
    url           = {https://linkinghub.elsevier.com/retrieve/pii/S0360131510000412},
    urldate       = {2024-10-16},
}

@article{beltran-carrillo_videojuegos_2011,
    title         = {Los {Videojuegos} {Activos} {Y} {La} {Salud} {De} {Los} {Jóvenes}: {Revisión} {De} {La} {Investigación}},
    shorttitle    = {Los {Videojuegos} {Activos} {Y} {La} {Salud} {De} {Los} {Jóvenes}},
    author        = {Beltrán-Carrillo, V. J. and Valencia-Peris, A. and Molina-Alventosa, J. P.},
    year          = {2011},
    journal       = {Revista Internacional de Medicina y Ciencias de la Actividad Física y del Deporte / International Journal of Medicine and Science of Physical Activity and Sport},
    volume        = {11},
    number        = {41},
    pages         = {203--219},
    issn          = {1577-0354,},
    url           = {https://www.redalyc.org/articulo.oa?id=54222155012},
    urldate       = {2024-10-09},
    keywords      = {Videojuegos, actividad física, salud, niños, adolescentes, Videogames, physical activity, health, children, adolescents},
}

@article{watson_case_2011,
    title         = {A case study of the in-class use of a video game for teaching high school history},
    author        = {Watson, William R. and Mong, Christopher J. and Harris, Constance A.},
    year          = {2011},
    month         = feb,
    journal       = {Computers \& Education},
    volume        = {56},
    number        = {2},
    pages         = {466--474},
    doi           = {10.1016/j.compedu.2010.09.007},
    issn          = {03601315},
    url           = {https://linkinghub.elsevier.com/retrieve/pii/S0360131510002599},
    urldate       = {2024-10-16},
    copyright     = {https://www.elsevier.com/tdm/userlicense/1.0/},
}

@article{chiu_relative_2012,
    title         = {The relative effectiveness of digital game‐based learning types in {English} as a foreign language setting: {A} meta‐analysis},
    author        = {Chiu, Yi‐hui and Kao, Chian‐wen and Reynolds, Barry Lee},
    year          = {2012},
    month         = jul,
    journal       = {British Journal of Educational Technology},
    volume        = {43},
    number        = {4},
    doi           = {10.1111/j.1467-8535.2012.01295.x},
    issn          = {0007-1013, 1467-8535},
    url           = {https://bera-journals.onlinelibrary.wiley.com/doi/10.1111/j.1467-8535.2012.01295.x},
    urldate       = {2024-10-17},
    copyright     = {http://onlinelibrary.wiley.com/termsAndConditions\#vor},
}

@article{busto_martinez_uso_2012,
    title         = {Uso de los videojuegos en el tratamiento contra el dolor},
    author        = {Busto Martínez, María José and Pérez Martín, Joaquín},
    year          = {2012},
    journal       = {Revista de Estudios de Juventud},
    number        = {98},
    pages         = {90--100},
    issn          = {0211-4364},
    url           = {https://dialnet.unirioja.es/servlet/articulo?codigo=5062394},
    urldate       = {2024-10-09},
}

@article{sar_role_2012,
    title         = {The {Role} of {History}-{Themed} {Non}-{Educational} {Computer} {Games} on {Primary} {School} {Children}’ (at {Grades} 6th, 7th and 8th) {Perceptions} of {History}},
    author        = {Şar, Evren},
    year          = {2012},
    month         = oct,
    journal       = {Procedia - Social and Behavioral Sciences},
    volume        = {55},
    pages         = {776--781},
    doi           = {10.1016/j.sbspro.2012.09.563},
    issn          = {18770428},
    url           = {https://linkinghub.elsevier.com/retrieve/pii/S1877042812040256},
    urldate       = {2024-10-16},
    copyright     = {https://www.elsevier.com/tdm/userlicense/1.0/},
}

@inproceedings{alzahrani_evaluation_2013,
    title         = {Evaluation of videogames for mathematics education with young children},
    author        = {Alzahrani, Fahad},
    year          = {2013},
    month         = jan,
    booktitle     = {2013 {International} {Conference} on {Computer} {Applications} {Technology} ({ICCAT})},
    pages         = {1--4},
    doi           = {10.1109/iccat.2013.6521996},
    url           = {https://ieeexplore.ieee.org/document/6521996},
    urldate       = {2024-10-09},
    keywords      = {Games, Education, Mathematics, Conferences, Computers, Programming profession, teaching, education, learning, information technology, mathematics, Kodu, videogame, platform, interactive-learning, programming},
}

@inproceedings{cornella_canals_design_2013,
    title         = {Design and creation of a serious game: {Legends} of {Girona}},
    author        = {Cornellà Canals, Pere and Ferrés, J. and Estebanell Minguell, Meritxell and Codina Regás, David},
    year          = {2013},
    booktitle     = {{Iceri} 2013},
    publisher     = {IATED Academy},
    pages         = {3749--3757},
    isbn          = {9788461638475},
    url           = {https://dialnet.unirioja.es/servlet/articulo?codigo=8795740},
    urldate       = {2024-10-09},
}

@inproceedings{chen_design_2014,
    title         = {Design of {Digital} {Game}-{Based} {Learning} in {Elementary} {School} {Mathematics}},
    author        = {Chen, Hong Ren and Jian, Chen Hui and Lin, Wen Shen and Yang, Pen Chen and Chang, Han Yun},
    year          = {2014},
    month         = jul,
    booktitle     = {2014 7th {International} {Conference} on {Ubi}-{Media} {Computing} and {Workshops}},
    publisher     = {Ieee},
    address       = {Ulaanbaatar, Mongolia},
    pages         = {322--325},
    doi           = {10.1109/u-media.2014.29},
    url           = {http://ieeexplore.ieee.org/document/6916378/},
    urldate       = {2024-10-09},
}

@inproceedings{chorianopoulos_design_2014,
    title         = {Design {Principles} for {Serious} {Games} in {Mathematics}},
    author        = {Chorianopoulos, Konstantinos and Giannakos, Michail N. and Chrisochoides, Nikos},
    year          = {2014},
    month         = oct,
    booktitle     = {Proceedings of the 18th {Panhellenic} {Conference} on {Informatics}},
    publisher     = {Acm},
    address       = {Athens Greece},
    pages         = {1--5},
    doi           = {10.1145/2645791.2645843},
    isbn          = {9781450328975},
    url           = {https://dl.acm.org/doi/10.1145/2645791.2645843},
    urldate       = {2024-10-09},
}

@article{deater-deckard_student_2014,
    title         = {Student behavioral engagement during mathematics educational video game instruction with 11–14 year olds},
    author        = {Deater-Deckard, Kirby and El Mallah, Shereen and Chang, Mido and Evans, Michael A. and Norton, Anderson},
    year          = {2014},
    month         = sep,
    journal       = {International Journal of Child-Computer Interaction},
    volume        = {2},
    number        = {3},
    pages         = {101--108},
    doi           = {10.1016/j.ijcci.2014.08.001},
    issn          = {22128689},
    url           = {https://linkinghub.elsevier.com/retrieve/pii/S2212868914000233},
    urldate       = {2024-10-09},
}

@article{drummond_video-games_2014,
    title         = {Video-{Games} {Do} {Not} {Negatively} {Impact} {Adolescent} {Academic} {Performance} in {Science}, {Mathematics} or {Reading}},
    author        = {Drummond, Aaron and Sauer, James D.},
    year          = {2014},
    month         = apr,
    journal       = {PLoS ONE},
    volume        = {9},
    number        = {4},
    pages         = {e87943},
    doi           = {10.1371/journal.pone.0087943},
    issn          = {1932-6203},
    url           = {https://dx.plos.org/10.1371/journal.pone.0087943},
    urldate       = {2024-10-09},
    editor        = {Chambers, Chris},
}

@article{goldin_far_2014,
    title         = {Far transfer to language and math of a short software-based gaming intervention},
    author        = {Goldin, Andrea Paula and Hermida, María Julia and Shalom, Diego E. and Elias Costa, Martín and Lopez-Rosenfeld, Matías and Segretin, María Soledad and Fernández-Slezak, Diego and Lipina, Sebastián J. and Sigman, Mariano},
    year          = {2014},
    month         = apr,
    journal       = {Proceedings of the National Academy of Sciences},
    volume        = {111},
    number        = {17},
    pages         = {6443--6448},
    doi           = {10.1073/pnas.1320217111},
    issn          = {0027-8424, 1091-6490},
    url           = {https://pnas.org/doi/full/10.1073/pnas.1320217111},
    urldate       = {2024-10-09},
}

@article{moher_items_2014,
    title         = {Ítems de referencia para publicar {Revisiones} {Sistemáticas} y {Metaanálisis}: {La} {Declaración} {PRISMA}},
    author        = {Moher, David and Liberati, Alessandro and Tetzlaff, Jennifer and Altman, Douglas G and Prisma Group, The},
    year          = {2014},
    month         = sep,
    journal       = {Revista Española de Nutrición Humana y Dietética},
    volume        = {18},
    number        = {3},
    pages         = {172--181},
    doi           = {10.14306/renhyd.18.3.114},
    issn          = {2174-5145, 2173-1292},
    url           = {https://www.renhyd.org/index.php/renhyd/article/view/114},
    urldate       = {2024-10-16},
}

@article{yu_exploration_2014,
    title         = {An {Exploration} of {Computer} {Game}-{Based} {Instruction} in the “{World} {History}” {Class} in {Secondary} {Education}: {A} {Comparative} {Study} in {China}},
    author        = {Yu, Zhonggen and Yu, Wei Hua and Fan, Xiaohui and Wang, Xiao},
    year          = {2014},
    month         = may,
    journal       = {PLoS ONE},
    volume        = {9},
    number        = {5},
    pages         = {e96865},
    doi           = {10.1371/journal.pone.0096865},
    issn          = {1932-6203},
    url           = {https://dx.plos.org/10.1371/journal.pone.0096865},
    urldate       = {2024-10-16},
    editor        = {Dalby, Andrew R.},
}

@article{del_moral-perez_videojuegos:_2015,
    title         = {Videojuegos: {Incentivos} {Multisensoriales} {Potenciadores} de las {Inteligencias} {Múltiples} en {Educación} {Primaria}},
    author        = {Del Moral-Pérez, Mª Esther and Fernández García, Laura Carlota and Guzmán Duque, Alba Patricia},
    year          = {2015},
    month         = dec,
    journal       = {Electronic Journal of Research in Education Psychology},
    volume        = {13},
    number        = {36},
    pages         = {243--270},
    doi           = {10.25115/ejrep.36.14091},
    issn          = {1696-2095},
    url           = {http://ojs.ual.es/ojs/index.php/EJREP/article/view/1646},
    urldate       = {2024-10-17},
}

@article{drigas_line_2015,
    title         = {On line and other {Game}-{Based} {Learning} for {Mathematics}},
    author        = {Drigas, Athanasios and Pappas, Marios},
    year          = {2015},
    month         = aug,
    journal       = {International Journal of Online and Biomedical Engineering (iJOE)},
    volume        = {11},
    number        = {4},
    pages         = {62},
    doi           = {10.3991/ijoe.v11i4.4742},
    issn          = {2626-8493},
    url           = {https://online-journals.org/index.php/i-joe/article/view/4742},
    urldate       = {2024-10-09},
}

@article{kiili_using_2015,
    title         = {Using video games to combine learning and assessment in mathematics education},
    author        = {Kiili, Kristian Juha Mikael and Devlin, Keith and Perttula, Arttu and Tuomi, Pauliina and Lindstedt, Antero},
    year          = {2015},
    month         = dec,
    journal       = {International Journal of Serious Games},
    volume        = {2},
    number        = {4},
    doi           = {10.17083/ijsg.v2i4.98},
    issn          = {2384-8766},
    url           = {http://journal.seriousgamessociety.org/index.php/IJSG/article/view/98},
    urldate       = {2024-10-16},
}

@article{saez-lopez_exploring_2015,
    title         = {Exploring {Application}, {Attitudes} and {Integration} of {Video} {Games}: {MinecraftEdu} in {Middle} {School}},
    author        = {Sáez-López, José-Manuel and Miller, John and Vázquez-Cano, Esteban and Domínguez-Garrido, María-Concepción},
    year          = {2015},
    journal       = {Journal of Educational Technology \& Society},
    volume        = {18},
    number        = {3},
    pages         = {114--128},
    issn          = {1176-3647},
    url           = {https://www.jstor.org/stable/jeductechsoci.18.3.114},
    urldate       = {2024-10-16},
}

@article{akand_does_2016,
    title         = {Does previous video game experience affect laparoscopic skills? {Evaluation} of non-medical school students with a novel laparoscopic training box},
    author        = {Akand, Murat and Altintaş, Emre and Kilic, Ozcan and Gül, Murat and Erdogdu, M. B.},
    year          = {2016},
    journal       = {Int J Clin Exp Med},
    volume        = {9},
    pages         = {10757--10765},
    url           = {https://e-century.us/files/ijcem/9/6/ijcem0025453.pdf},
    urldate       = {2024-10-09},
}

@article{evaristo_chiyong_uso_2016,
    title         = {Uso de un videojuego educativo como herramienta para aprender historia del {Perú}},
    author        = {Evaristo Chiyong, Inés and Fernández, Ricardo Navarro and Velarde, Vanessa Vega and Osores, Teresa Nakano},
    year          = {2016},
    journal       = {RIED. Revista Iberoamericana de Educación a Distancia},
    volume        = {19},
    number        = {2},
    pages         = {35--52},
    url           = {https://www.redalyc.org/journal/3314/331445859003/html/},
    urldate       = {2024-10-09},
    keywords      = {educación, tecnologías de la información y de la comunicación, método educativo, información pedagógica, innovación pedagógica, nuevas tecnologías},
}

@article{ledo_rubio_videojuegos_2016,
    title         = {Videojuegos y salud mental: de la adicción a la rehabilitación},
    author        = {Ledo Rubio, Ana Isabel and Gándara Martín, Jesús de la and García Alonso, María Isabel and Gordo Seco, Rocío},
    year          = {2016},
    journal       = {Cuadernos de medicina psicosomática y psiquiatria de enlace},
    number        = {117},
    pages         = {72--83},
    issn          = {1695-4238},
}

@article{mora_juego_2016,
    title         = {El {Juego} como método de aprendizaje},
    author        = {Mora, Cristina and Plazas, Fanny and Torres, Alcira and Camargo, Gladys},
    year          = {2016},
    month         = mar,
    journal       = {Nodos y Nudos},
    volume        = {4},
    number        = {40},
    pages         = {133},
    doi           = {10.17227/01224328.5244},
    issn          = {0122-4328},
    url           = {http://revistas.pedagogica.edu.co/index.php/NYN/article/view/5244},
    urldate       = {2024-10-16},
}

@article{hieftje_evaluation_2017,
    title         = {An {Evaluation} of an {Educational} {Video} {Game} on {Mathematics} {Achievement} in {First} {Grade} {Students}},
    author        = {Hieftje, Kimberly and Pendergrass, Tyra and Kyriakides, Tassos and Gilliam, Walter and Fiellin, Lynn},
    year          = {2017},
    month         = jun,
    journal       = {Technologies},
    volume        = {5},
    number        = {2},
    pages         = {30},
    doi           = {10.3390/technologies5020030},
    issn          = {2227-7080},
    url           = {https://www.mdpi.com/2227-7080/5/2/30},
    urldate       = {2024-10-09},
    copyright     = {https://creativecommons.org/licenses/by/4.0/},
}

@inproceedings{hussain_digital_2017,
    title         = {Digital game based learning: {A} new method in teaching and learning mathematics},
    author        = {Hussain, Sayed Yusoff Bin Syed and Hoe, Tan Wee and Idris, Muhammad Zaffwan Bin},
    year          = {2017},
    address       = {Perak, Malaysia},
    pages         = {030016},
    doi           = {10.1063/1.4983894},
    url           = {https://pubs.aip.org/aip/acp/article/700282},
    urldate       = {2024-10-09},
}

@article{kert_comparing_2017,
    title         = {Comparing active game-playing scores and academic performances of elementary school students},
    author        = {Kert, Serhat Bahadır and Köşkeroğlu Büyükimdat, Meryem and Uzun, Ahmet and Çayiroğlu, Beytullah},
    year          = {2017},
    month         = sep,
    journal       = {Education 3-13},
    volume        = {45},
    number        = {5},
    pages         = {532--542},
    doi           = {10.1080/03004279.2016.1140800},
    issn          = {0300-4279, 1475-7575},
    url           = {https://www.tandfonline.com/doi/full/10.1080/03004279.2016.1140800},
    urldate       = {2024-10-16},
}

@article{kim_effects_2017,
    title         = {Effects of game-based learning in an {OpenSim}-supported virtual environment on mathematical performance},
    author        = {Kim, Heesung and Ke, Fengfeng},
    year          = {2017},
    month         = may,
    journal       = {Interactive Learning Environments},
    volume        = {25},
    number        = {4},
    pages         = {543--557},
    doi           = {10.1080/10494820.2016.1167744},
    issn          = {1049-4820, 1744-5191},
    url           = {https://www.tandfonline.com/doi/full/10.1080/10494820.2016.1167744},
    urldate       = {2024-10-16},
}

@inproceedings{mangowal_mathbharata:_2017,
    title         = {{MathBharata}: {A} serious game for motivating disabled students to study mathematics},
    author        = {Mangowal, Remy Giovanny and Yuhana, Umi Laili and Yuniarno, Eko M. and Purnomo, Mauridhi Hery},
    year          = {2017},
    month         = apr,
    booktitle     = {2017 {IEEE} 5th {International} {Conference} on {Serious} {Games} and {Applications} for {Health} ({SeGAH})},
    publisher     = {Ieee},
    address       = {Perth, Australia},
    pages         = {1--6},
    doi           = {10.1109/SeGAH.2017.7939277},
    isbn          = {9781509054824},
    url           = {http://ieeexplore.ieee.org/document/7939277/},
    urldate       = {2024-10-16},
}

@article{roncancio-ortiz_uso_2017,
    title         = {El uso de los videojuegos como herramienta didáctica para mejorar la enseñanza-aprendizaje: una revisión del estado del tema},
    author        = {Roncancio-Ortiz, Angie Paola and Ortiz-Carrera, Marco Fidel and Llano-Ruiz, Humberto and Malpica-López, Magally Jhoanna and Bocanegra-García, Jose Joaquin},
    year          = {2017},
    month         = jul,
    journal       = {Ingeniería Investigación y Desarrollo},
    volume        = {17},
    number        = {2},
    pages         = {36--46},
    doi           = {10.19053/1900771X.v17.n2.2017.7184},
    issn          = {2422-4324, 1900-771x},
    url           = {https://revistas.uptc.edu.co/index.php/ingenieria_sogamoso/article/view/7184},
    urldate       = {2024-10-16},
}

@inproceedings{barrios_matelogic:_2018,
    title         = {Matelogic: interactive mathematical learning based on challenges},
    author        = {Barrios, Jhon Edilberto Monroy and Becerra, Diego Alonso Iquira and Páucar, Fabián Hugo Rucano and Mendoza, Fabiola Mary Talavera},
    year          = {2018},
    month         = jan,
    booktitle     = {Proceedings of the 6th {International} {Conference} on {Information} and {Education} {Technology}},
    publisher     = {Acm},
    address       = {Osaka Japan},
    pages         = {61--65},
    doi           = {10.1145/3178158.3178208},
    isbn          = {9781450353595},
    url           = {https://dl.acm.org/doi/10.1145/3178158.3178208},
    urldate       = {2024-10-09},
}

@article{del_moral_perez_game-based_2018,
    title         = {Game-{Based} {Learning}: {Increasing} the {Logical}-{Mathematical}, {Naturalistic}, and {Linguistic} {Learning} {Levels} of {Primary} {School} {Students}},
    author        = {Del Moral Pérez, M. Esther and Guzmán Duque, Alba P. and Fernández García, L. Carlota},
    year          = {2018},
    month         = jan,
    journal       = {Journal of New Approaches in Educational Research},
    volume        = {7},
    number        = {1},
    pages         = {31--39},
    doi           = {10.7821/naer.2018.1.248},
    issn          = {2254-7339},
    url           = {https://link.springer.com/10.7821/naer.2018.1.248},
    urldate       = {2024-10-09},
}

@article{fokides_digital_2018,
    title         = {Digital educational games and mathematics. {Results} of a case study in primary school settings},
    author        = {Fokides, Emmanuel},
    year          = {2018},
    month         = mar,
    journal       = {Education and Information Technologies},
    volume        = {23},
    number        = {2},
    pages         = {851--867},
    doi           = {10.1007/s10639-017-9639-5},
    issn          = {1360-2357, 1573-7608},
    url           = {http://link.springer.com/10.1007/s10639-017-9639-5},
    urldate       = {2024-10-09},
}

@incollection{Li_2018,
    title         = {See {Me} {Roar}: {On} the {Over}-{Positive}, {Cross}-{Cultural} {Response} on an {AR} {Game} for {Math} {Learning}},
    author        = {Li, Jingya and Van Der Spek, Erik and Hu, Jun and Feijs, Loe},
    year          = {2018},
    booktitle     = {Serious {Games}},
    publisher     = {Springer International Publishing},
    address       = {Cham},
    volume        = {11243},
    pages         = {54--65},
    doi           = {10.1007/978-3-030-02762-9_7},
    url           = {http://link.springer.com/10.1007/978-3-030-02762-9_7},
    urldate       = {2024-10-16},
    editor        = {Göbel, Stefan and Garcia-Agundez, Augusto and Tregel, Thomas and Ma, Minhua and Baalsrud Hauge, Jannicke and Oliveira, Manuel and Marsh, Tim and Caserman, Polona},
}

@article{martinez_soto_evaluacion_2018,
    title         = {Evaluación de un videojuego educativo de contenido histórico. {La} opinión de los estudiantes},
    author        = {Martínez Soto, Juan Manuel and Egea Vivancos, Alejandro and Arias Ferrer, Laura},
    year          = {2018},
    month         = jul,
    journal       = {Revista Latinoamericana de Tecnología Educativa - RELATEC},
    volume        = {17},
    number        = {1},
    doi           = {10.17398/1695-288x.17.1.61},
    issn          = {1695-288x, 1695-288x},
    url           = {https://relatec.unex.es/index.php/relatec/article/view/3129},
    urldate       = {2024-10-16},
}

@article{albarracin_taller_2019,
    title         = {Un taller de experimentación matemática usando un videojuego de estrategia [{A} workshop on mathematical experimentation using a strategy video game]},
    author        = {Albarracín, Lluís and Chico, Judit and Simarro, Cristina and Valdés-Sánchez, Laura},
    year          = {2019},
    journal       = {ENSAYOS. Revista de la Facultad de Educación de Albacete},
    volume        = {34},
    number        = {2},
    pages         = {85--99},
    doi           = {10.18239/ensayos.v34i2.1768},
    issn          = {2171-9098},
    url           = {https://revista.uclm.es/index.php/ensayos/article/view/1768},
    urldate       = {2024-10-09},
    copyright     = {http://www.uclm.es/ab/educacion/ensayos/contacto.asp},
    keywords      = {revista, revista ensayos, revista educación, revista educación albacete, ensayos albacete, revista ensayos albacete},
}

@inproceedings{bokolas_between_2019,
    title         = {Between “{Fortnite}” and “{Civilization}”: {Digital} {Games} and {Historical}-{Cultural} {Education}},
    author        = {Bokolas, Vasilis and Panagouli, Dimitra},
    year          = {2019},
    month         = oct,
    booktitle     = {Proceedings of the 12th {European} {Conference} on {Game} {Based} {Learning}},
    publisher     = {Acpi},
    pages         = {13},
    doi           = {10.34190/gbl.19.160},
    isbn          = {9781912764389},
    url           = {https://www.academic-conferences.org/wp-content/uploads/dlm_uploads/2019/10/ECGBL-Abstract-booklet-2019.pdf#page=64},
    urldate       = {2024-10-09},
}

@article{gali_visiting_2019,
    title         = {Visiting {Ancient} {Rome} with a {Serious} {Game}},
    author        = {Galí, Carlos and Remolar, Inmaculada and Rebollo, Cristina},
    year          = {2019},
    journal       = {Spanish Computer Graphics Conference (CEIG)},
    pages         = {4 pages},
    doi           = {10.2312/ceig.20191207},
    url           = {https://diglib.eg.org/handle/10.2312/ceig20191207},
    urldate       = {2024-10-09},
    keywords      = {Applied computing, Interactive learning environments, Software and its engineering, Interactive games},
}

@article{gilbert__2019,
    title         = {“ \textit{{Assassin}’s {Creed}} reminds us that history is human experience”: {Students}’ senses of empathy while playing a narrative video game},
    author        = {Gilbert, Lisa},
    year          = {2019},
    month         = jan,
    journal       = {Theory \& Research in Social Education},
    volume        = {47},
    number        = {1},
    pages         = {108--137},
    doi           = {10.1080/00933104.2018.1560713},
    issn          = {0093-3104, 2163-1654},
    url           = {https://www.tandfonline.com/doi/full/10.1080/00933104.2018.1560713},
    urldate       = {2024-10-09},
}

@article{holguin-alvarez_gamificacion_2019,
    title         = {Gamificación por videojuegos en contextos vulnerables: hallazgos experimentales desde la matemática escolar},
    author        = {Holguin-Alvarez, Jhon and Villa Córdova, Gloria María and Oyague Pinedo, Susana and Samame Gamarra, Silvia},
    year          = {2019},
    month         = sep,
    journal       = {3C TIC: Cuadernos de desarrollo aplicados a las TIC},
    volume        = {8},
    number        = {3},
    pages         = {82--107},
    doi           = {10.17993/3ctic.2019.83.82-107},
    issn          = {22546529},
    url           = {https://www.3ciencias.com/articulos/articulo/gamificacion-por-videojuegos-en-contextos-vulnerables-hallazgos-experimentales-desde-la-matematica-escolar},
    urldate       = {2024-10-09},
}

@article{pires_building_2019,
    title         = {Building {Blocks} of {Mathematical} {Learning}: {Virtual} and {Tangible} {Manipulatives} {Lead} to {Different} {Strategies} in {Number} {Composition}},
    author        = {Pires, Ana Cristina and González Perilli, Fernando and Bakała, Ewelina and Fleisher, Bruno and Sansone, Gustavo and Marichal, Sebastián},
    year          = {2019},
    month         = sep,
    journal       = {Frontiers in Education},
    volume        = {4},
    pages         = {81},
    doi           = {10.3389/feduc.2019.00081},
    issn          = {2504-284x},
    url           = {https://www.frontiersin.org/article/10.3389/feduc.2019.00081/full},
    urldate       = {2024-10-16},
}

@article{holguin_alvarez_proyectos_2020,
    title         = {Proyectos educativos de gamificación por videojuegos: desarrollo del pensamiento numérico y razonamiento escolar en contextos vulnerables},
    author        = {Holguin Alvarez, Jhon and Taxa, Fernanda and Flores Castañeda, Rosalynn and Olaya Cotera, Sandro},
    year          = {2020},
    month         = jan,
    journal       = {Edmetic},
    volume        = {9},
    number        = {1},
    pages         = {80--103},
    doi           = {10.21071/edmetic.v9i1.12222},
    issn          = {2254-0059},
    url           = {https://www.uco.es/ucopress/ojs/index.php/edmetic/article/view/12222},
    urldate       = {2024-10-18},
}

@article{baig_effect_2020,
    title         = {Effect of {Curriculum}-{Based} {Video} {Games} on {Students}’ {Performance}: {An} {Experimental} {Study}},
    author        = {Baig, Abdul Rauf and Alotaibi, Amjad},
    year          = {2020},
    month         = nov,
    journal       = {International Journal of Emerging Technologies in Learning (iJET)},
    volume        = {15},
    number        = {22},
    pages         = {244},
    doi           = {10.3991/ijet.v15i22.15541},
    issn          = {1863-0383},
    url           = {https://online-journals.org/index.php/i-jet/article/view/15541},
    urldate       = {2024-10-09},
}

@incollection{Rea-Penafiel_2020,
    title         = {Application of a {Ludic} {Video} {Game} as an {Alternative} {Resource} in the {Classroom}. {A} {Case} {Study}},
    author        = {Rea-Peñafiel, Xavier Mauricio and Coral-Pineda, Katherine Estefanía and Quiña-Mera, José Antonio and Carvallo-Vega, Juan Pablo and Guevara-Vega, Cathy Pamela},
    year          = {2020},
    booktitle     = {Technology, {Sustainability} and {Educational} {Innovation} ({TSIE})},
    publisher     = {Springer International Publishing},
    address       = {Cham},
    volume        = {1110},
    pages         = {204--214},
    doi           = {10.1007/978-3-030-37221-7_18},
    url           = {http://link.springer.com/10.1007/978-3-030-37221-7_18},
    urldate       = {2024-10-16},
    editor        = {Basantes-Andrade, Andrea and Naranjo-Toro, Miguel and Zambrano Vizuete, Marcelo and Botto-Tobar, Miguel},
}

@article{albarracin_secuencia_2021,
    title         = {Una secuencia de actividades para desarrollar la visualización usando un videojuego},
    author        = {Albarracín, Lluís},
    year          = {2021},
    month         = jun,
    journal       = {Enseñanza de las Ciencias. Revista de investigación y experiencias didácticas},
    volume        = {39},
    number        = {2},
    pages         = {181--199},
    doi           = {10.5565/rev/ensciencias.3174},
    issn          = {2174-6486},
    url           = {https://ensciencias.uab.cat/article/view/v39-n2-albarracin},
    urldate       = {2024-10-09},
    copyright     = {Derechos de autor 2021 Lluís Albarracín Gordo},
    keywords      = {Resolución de problemas},
}

@article{emmons_i_2021,
    title         = {“{I} see my ancestors”: exploring tribal college student experiences playing \textit{{When} {Rivers} {Were} {Trails}}},
    author        = {Emmons, Nichlas and LaPensee, Elizabeth},
    year          = {2021},
    month         = jun,
    journal       = {AlterNative: An International Journal of Indigenous Peoples},
    volume        = {17},
    number        = {2},
    pages         = {284--292},
    doi           = {10.1177/11771801211022329},
    issn          = {1177-1801, 1174-1740},
    url           = {https://journals.sagepub.com/doi/10.1177/11771801211022329},
    urldate       = {2024-10-09},
}

@article{fraga-varela_impact_2021,
    title         = {The impact of serious games in mathematics fluency: {A} study in {Primary} {Education}},
    author        = {Fraga-Varela, Fernando and Vila-Couñago, Esther and Martínez-Piñeiro, Esther},
    year          = {2021},
    month         = oct,
    journal       = {Comunicar},
    volume        = {29},
    number        = {69},
    pages         = {125--135},
    doi           = {10.3916/c69-2021-10},
    issn          = {1134-3478, 1988-3293},
    url           = {https://www.revistacomunicar.com/index.php?contenido=detalles&numero=69&articulo=69-2021-10},
    urldate       = {2024-10-09},
}

@article{jaldon-mendez_sanchez_uso_2021,
    title         = {El uso de los videojuegos para la enseñanza de la {Historia} {Antigua} en {Educación} {Secundaria}: una investigación educativa},
    shorttitle    = {El uso de los videojuegos para la enseñanza de la {Historia} {Antigua} en {Educación} {Secundaria}},
    author        = {Jaldón-Méndez Sánchez, Manuel Jesús},
    year          = {2021},
    month         = oct,
    journal       = {Panta Rei.},
    volume        = {15},
    pages         = {31--50},
    doi           = {10.6018/pantarei.470871},
    issn          = {2386-8864, 1136-2464},
    url           = {https://revistas.um.es/pantarei/article/view/470871},
    urldate       = {2024-10-09},
    copyright     = {https://creativecommons.org/licenses/by-sa/4.0},
}

@article{ruth_commercial_2021,
    title         = {Commercial {Video} {Games} in {School} {Teaching}: {Two} {Mixed} {Methods} {Case} {Studies} on {Students}’ {Reflection} {Processes}},
    author        = {Rüth, Marco and Kaspar, Kai},
    year          = {2021},
    month         = jan,
    journal       = {Frontiers in Psychology},
    volume        = {11},
    pages         = {594013},
    doi           = {10.3389/fpsyg.2020.594013},
    issn          = {1664-1078},
    url           = {https://www.frontiersin.org/articles/10.3389/fpsyg.2020.594013/full},
    urldate       = {2024-10-16},
}

@article{wisittanawat_tricky_2021,
    title         = {The “tricky business” of genre blending: {Tensions} between frames of school mathematics and video game play},
    author        = {Wisittanawat, Panchompoo (Fai) and Gresalfi, Melissa S.},
    year          = {2021},
    month         = mar,
    journal       = {Journal of the Learning Sciences},
    volume        = {30},
    number        = {2},
    pages         = {240--278},
    doi           = {10.1080/10508406.2020.1817747},
    issn          = {1050-8406, 1532-7809},
    url           = {https://www.tandfonline.com/doi/full/10.1080/10508406.2020.1817747},
    urldate       = {2024-10-16},
}

@article{yong_let_2021,
    title         = {Let us rethink how to teach mathematics using gaming principles},
    author        = {Yong, Su-Ting and Karjanto, Natanael and Gates, Peter and Chan, Tak-Yee Andy and Khin, Than-Myint},
    year          = {2021},
    month         = sep,
    journal       = {International Journal of Mathematical Education in Science and Technology},
    volume        = {52},
    number        = {8},
    pages         = {1175--1194},
    doi           = {10.1080/0020739x.2020.1744754},
    issn          = {0020-739x, 1464-5211},
    url           = {https://www.tandfonline.com/doi/full/10.1080/0020739X.2020.1744754},
    urldate       = {2024-10-16},
}

@article{liu_usability_2022,
    title         = {Usability and {Effects} of a {Combined} {Physical} and {Cognitive} {Intervention} {Based} on {Active} {Video} {Games} for {Preschool} {Children}},
    author        = {Liu, Ze-Min and Chen, Chuang-Qi and Fan, Xian-Li and Lin, Chen-Chen and Ye, Xin-Dong},
    year          = {2022},
    month         = jun,
    journal       = {International Journal of Environmental Research and Public Health},
    volume        = {19},
    number        = {12},
    pages         = {7420},
    doi           = {10.3390/ijerph19127420},
    issn          = {1660-4601},
    url           = {https://www.mdpi.com/1660-4601/19/12/7420},
    urldate       = {2024-10-17},
    copyright     = {https://creativecommons.org/licenses/by/4.0/},
}

@article{martinez_entertainment_2022,
    title         = {Entertainment {Video} {Games} for {Academic} {Learning}: {A} {Systematic} {Review}},
    author        = {Martinez, Léa and Gimenes, Manuel and Lambert, Eric},
    year          = {2022},
    month         = sep,
    journal       = {Journal of Educational Computing Research},
    volume        = {60},
    number        = {5},
    pages         = {1083--1109},
    doi           = {10.1177/07356331211053848},
    issn          = {0735-6331, 1541-4140},
    url           = {https://journals.sagepub.com/doi/10.1177/07356331211053848},
    urldate       = {2024-10-17},
}

@article{praveen_kumar_g._influence_2022,
    title         = {Influence of {Educational} {Video} {Games} for the {Achievement} of the {Mathematics} and {Problem}-{Solving} {Abilities} of {Upper} {Primary} {School} {Students}:},
    author        = {{Praveen Kumar G.} and {Vasimalairaja M.}},
    year          = {2022},
    month         = nov,
    journal       = {International Journal of Information and Communication Technology Education},
    volume        = {18},
    number        = {1},
    pages         = {1--15},
    doi           = {10.4018/ijicte.313955},
    issn          = {1550-1876, 1550-1337},
    url           = {https://services.igi-global.com/resolvedoi/resolve.aspx?doi=10.4018/IJICTE.313955},
    urldate       = {2024-10-18},
    copyright     = {http://creativecommons.org/licenses/by/3.0/deed.en\_US},
}

@article{ester_aprender_2022,
    title         = {Aprender matemáticas jugando: {Desarrollo} de competencias matemáticas a través de los videojuegos},
    author        = {Ester, P. and Herrero, L. and Ruiz, B. and Purón, A.},
    year          = {2022},
    journal       = {Revista Ibérica de Sistemas e Tecnologias de Informação},
    number        = {E50},
    pages         = {1--12},
}

@article{hanghoj_digital_2022,
    title         = {Digital games, literacy and language learning in {L1} and {L2}: {A} comparative review},
    author        = {Hanghøj, Thorkild and Kabel, Kristine and Jensen, Signe Hannibal},
    year          = {2022},
    month         = jul,
    journal       = {L1-Educational Studies in Language and Literature},
    pages         = {1--44},
    doi           = {10.21248/l1esll.2022.22.2.363},
    issn          = {1573-1731},
    url           = {https://l1research.org/article/view/363},
    urldate       = {2024-10-09},
    copyright     = {https://creativecommons.org/licenses/by/4.0},
}

@article{holguin-alvarez_gamificacion_2022,
    title         = {Gamificación mixta con videojuegos y plataformas educativas: un estudio sobre la demanda cognitiva matemática},
    author        = {Holguin-Alvarez, Jhon and Apaza-Quispe, Juan and Cruz-Montero, Juana and Ruiz Salazar, Jenny Maria and Huaita Acha, Delsi Mariela},
    year          = {2022},
    month         = dec,
    journal       = {Digital Education Review},
    number        = {42},
    pages         = {136--153},
    doi           = {10.1344/der.2022.42.136-153},
    issn          = {2013-9144},
    url           = {https://revistes.ub.edu/index.php/der/article/view/37618},
    urldate       = {2024-10-09},
    copyright     = {https://creativecommons.org/licenses/by-nc-nd/4.0},
}

@article{holguin-alvarez_modificacion_2022,
    title         = {“{Modificación} de la demanda cognitiva matemática basada en enseñanza gamificada con videojuegos “},
    author        = {Holguin-Alvarez, Jhon and Taxa, Fernanda and Ruiz Salazar, Jenny Maria and Cruz-Montero, Juana and Tortora, Evandro},
    year          = {2022},
    month         = jun,
    journal       = {RISTI - Revista Iberica de Sistemas e Tecnologias de Informacao},
    number        = {E52},
    pages         = {68--86},
    url           = {https://repositorio.uwiener.edu.pe/handle/20.500.13053/7977},
    urldate       = {2024-10-09},
    copyright     = {info:eu-repo/semantics/openAccess},
}

@article{karki_improving_2022,
    title         = {Improving rational number knowledge using the {NanoRoboMath} digital game},
    author        = {Kärki, Tomi and McMullen, Jake and Lehtinen, Erno},
    year          = {2022},
    month         = may,
    journal       = {Educational Studies in Mathematics},
    volume        = {110},
    number        = {1},
    pages         = {101--123},
    doi           = {10.1007/s10649-021-10120-6},
    issn          = {0013-1954, 1573-0816},
    url           = {https://link.springer.com/10.1007/s10649-021-10120-6},
    urldate       = {2024-10-16},
}

@phdthesis{medina_camacho_harnessing_2022,
    title         = {Harnessing customization in {Web} {Annotation}: {A} {Software} {Product} {Line} approach},
    author        = {Medina Camacho, Haritz},
    year          = {2022},
    url           = {https://addi.ehu.es/handle/10810/59184},
    urldate       = {2024-10-16},
    type          = {Tesis {Doctoral}},
    school        = {Universidad del País Vasco - Euskal Herriko Unibertsitatea},
}

@article{nunes_liber_2022,
    title         = {Liber {Domus}: {Development} of a {Prototype} {RPG} for 6th {Grade} {Mathematics} and {Science} {Learning}},
    author        = {Nunes, Eduardo and Gavaia, Bruno and Rodrigues, Rui and Sampaio, Luís and Silva, Raquel},
    year          = {2022},
    month         = aug,
    journal       = {Interaction Design and Architecture(s)},
    number        = {53},
    pages         = {51--69},
    doi           = {10.55612/s-5002-053-003},
    issn          = {22832998},
    url           = {https://ixdea.org/53_3/},
    urldate       = {2024-10-16},
}

@article{pradiante_contribution_2022,
    title         = {The {Contribution} of {Game}-based learning: {Children} with {Autism} {Spectrum} {Disorder} and {Dyscalculia}},
    author        = {Pradiante, Vera},
    year          = {2022},
    month         = sep,
    journal       = {European Conference on Games Based Learning},
    volume        = {16},
    number        = {1},
    pages         = {742--749},
    doi           = {10.34190/ecgbl.16.1.620},
    issn          = {2049-100x, 2049-0992},
    url           = {https://papers.academic-conferences.org/index.php/ecgbl/article/view/620},
    urldate       = {2024-10-16},
}

@article{walkington_effect_2022,
    title         = {The {Effect} of {Cognitive} {Relevance} of {Directed} {Actions} on {Mathematical} {Reasoning}},
    author        = {Walkington, Candace and Nathan, Mitchell J. and Wang, Min and Schenck, Kelsey},
    year          = {2022},
    month         = sep,
    journal       = {Cognitive Science},
    volume        = {46},
    number        = {9},
    pages         = {e13180},
    doi           = {10.1111/cogs.13180},
    issn          = {0364-0213, 1551-6709},
    url           = {https://onlinelibrary.wiley.com/doi/10.1111/cogs.13180},
    urldate       = {2024-10-16},
}

@inproceedings{triberti_brain_2023,
    title         = {The {Brain} at {Play}: {Investigating} {Motivational} {Factors} and {Perceived} {Effects} of {High}-level {Problem}-solving in {Video} {Games}},
    author        = {Triberti, Stefano and Brizzi, Giulia and Santis, Cristiana De and Carruba, Maria Concetta},
    year          = {2023},
    booktitle     = {Annual review of cybertherapy and telemedicine, 21},
    pages         = {138--143},
    url           = {https://publicatt.unicatt.it/handle/10807/268978},
    urldate       = {2024-10-17},
}

@article{zhao_effects_2024,
    title         = {Effects of active video games on physical activity among overweight and obese college students: a systematic review},
    author        = {Zhao, Yue and Soh, Kim Geok and Saad, Hazizi Abu and Liu, Chunqing and Ding, Cong},
    year          = {2024},
    month         = feb,
    journal       = {Frontiers in Public Health},
    volume        = {12},
    pages         = {1320112},
    doi           = {10.3389/fpubh.2024.1320112},
    issn          = {2296-2565},
    url           = {https://www.frontiersin.org/articles/10.3389/fpubh.2024.1320112/full},
    urldate       = {2024-10-17},
}
