@book{romero_oliva_identidades_2022,
	address = {Alemania},
	title = {Identidades docentes y formación de profesorado en {Didáctica} de la {Lengua} y la {Literatura}},
	isbn = {9783631875438},
	abstract = {DOI: 10.3726/b19565},
	publisher = {Peter Lang publishing group Alemania},
	author = {Romero Oliva, Manuel Francisco},
	month = may,
	year = {2022},
}

@book{hooks_ensenar_2021,
	address = {Madrid},
	edition = {1ª edição},
	title = {Enseñar a transgredir},
	isbn = {9788412281842},
	language = {Espanhol},
	publisher = {Capitán Swing Libros},
	author = {Hooks, Bell and Malo, Marta},
	year = {2021},
}