@book{costaval1991,
    title         = {Redação e textualidade},
    author        = {Costal Val, Maria das Graças},
    year          = {1991},
    publisher     = {Martins Fontes},
    address       = {São Paulo, SP},
}

@article{lea1998,
    title         = {Student writing in higher education: an academic literacies approach},
    author        = {Mary R. Lea and Brian V. Street},
    year          = {1998},
    journal       = {Studies in Higher Education},
    volume        = {23},
    number        = {2},
    pages         = {157--172},
    doi           = {10.1080/03075079812331380364},
}

@incollection{lillis1999,
    title         = {Whose ‘Common Sense’? Essayist literacy and the institutional practice of mystery},
    author        = {Lillis, Theresa},
    year          = {1999},
    booktitle     = {Students writing in the university: cultural and epistemological issues},
    publisher     = {Jhon Benjamins},
    address       = {Amsterdam},
    pages         = {127--140},
    editor        = {Jones, C. and Turner, J.},
}

@book{antunes2003,
    title         = {Aula de Português – encontro \& interação},
    author        = {Antunes, Irandé},
    year          = {2003},
    publisher     = {Parábola Editorial},
    address       = {São Paulo, SP},
}

@book{antunes2005,
    title         = {Lutar com palavras: coesão e coerência},
    author        = {Antunes, Irandé},
    year          = {2003},
    publisher     = {Parábola Editorial},
    address       = {São Paulo, SP},
}

@article{falkembach2005,
    title         = {Concepção e ddesenvolvimento de material educativo digital},
    author        = {Falkembach, Gilse Antoninha Morgental},
    year          = {2005},
    journal       = {Revista Novas Tecnologias na Educação},
    volume        = {3},
    number        = {1},
    doi           = {10.22456/1679-1916.13742},
    url           = {https://seer.ufrgs.br/index.php/renote/article/view/13742},
    place         = {Porto Alegre},
}

@article{rocha2005,
    title         = {Netnografia: incursões metodológicas na cibercultura},
    author        = {Rocha, Paula Jung and Montardo, Sandra Portella},
    year          = {2005},
    journal       = {E-Compós},
    volume        = {4},
    doi           = {10.30962/ec.55},
    url           = {https://www.e-compos.org.br/e-compos/article/view/55},
    urldate       = {2024-10-08},
}

@phdthesis{fischer2007,
    title         = {A construção de letramentos na esfera acadêmica},
    author        = {Fischer, Adriana},
    year          = {2007},
    url           = {https://repositoriofsc.br/xmlui/handle/123456789/89764},
    urldate       = {2024-10-08},
    school        = {341f – Faculdade de Educação, Universidade Federal de Santa Catarina, Santa Catarina},
    type          = {Tese (Doutorado em Educação)},
}

@book{motta-roth2010,
    title         = {Produção textual na universidade},
    author        = {Motta-Roth, Désirré and Hendges, Graciela Rabuske},
    year          = {2010},
    publisher     = {Parábola Editorial},
    address       = {São Paulo, SP},
}

@article{street2010,
    title         = {Dimensões “escondidas” na escrita de artigos acadêmicos},
    author        = {Street, Brian},
    year          = {2010},
    month         = {7},
    journal       = {Perspectiva},
    volume        = {28},
    number        = {2},
    pages         = {541–567},
    doi           = {10.5007/2175-795X.2010v28n2p541},
    url           = {https://periodicos.ufsc.br/index.php/perspectiva/article/view/2175-795X.2010v28n2p541},
    urldate       = {2024-10-08},
}

@article{fiad2011,
    title         = {A escrita na universidade},
    author        = {Fiad, Raquel Salek},
    year          = {2011},
    journal       = {Revista da ABRALIN},
    volume        = {10},
    number        = {4},
    url           = {https://revista.abralin.org/index.php/abralin/article/view/1116},
    urldate       = {2024-09-29},
}

@incollection{dionisio2012,
    title         = {Análise da conversação},
    author        = {Dionísio, Ângela Paiva},
    year          = {2012},
    booktitle     = {Introdução à linguística: domínios e fronteiras, volume 2},
    publisher     = {Cortez},
    address       = {São Paulo, SP},
    editor        = {Mussalim, Fernanda and Bentes, Anna Christina},
}

@article{barrere2014,
    title         = {Videoaulas: aspectos técnicos, pedagógicos, aplicações e bricolagem},
    author        = {Eduardo Barrére},
    year          = {2014},
    journal       = {Jornada de Atualização em Informática na Educação},
    volume        = {3},
    number        = {1},
    issn          = {23167734},
    url           = {http://milanesa.ime.usp.br/rbie/index.php/pie/article/view/3154},
    urldate       = {2024-10-08},
}

@incollection{linodearaujo2014,
    title         = {Objeto de Ensino: revisão sistemática e proposição de conceito},
    author        = {Lino de Araaújo, Denise},
    year          = {2014},
    booktitle     = {Metodologias em/de Linguística Aplicada para ensino aprendizagem de línguas},
    publisher     = {Ponted Editora},
    address       = {Campinas, SP},
    editor        = {Simões, D. M. P. and Figueredo, F. J. Q.},
}

@article{souza2017,
    title         = {Abordagem quanti-qualitativa: superação da dicotomia quantitativa-qualitativa na pesquisa em educação},
    author        = {Souza, kellcia Rezenda and Kerbauy, Maria Teresa Miceli},
    year          = {2017},
    month         = {4},
    journal       = {Educação e Filosofia},
    volume        = {31},
    number        = {61},
    pages         = {21–44},
    doi           = {10.14393/REVEDFIL.issn.0102-6801.v31n61a2017-p21a44},
    url           = {https://seer.ufu.br/index.php/EducacaoFilosofia/article/view/29099},
    urldate       = {2024-10-08},
    place         = {Uberlândia},
}

@article{martins2018,
    title         = {As videoaulas e os desafios para a produção de material didático: pensando a docência na educação online},
    author        = {Martins, Vivian and Almeida, Joelma Fabiane Ferreira Almeida Joelma},
    year          = {2018},
    journal       = {Educitec - Revista de Estudos e Pesquisas sobre Ensino Tecnológico},
    volume        = {4},
    number        = {08},
    doi           = {10.31417/educitec.v4i08.447},
    url           = {https://sistemascmc.ifam.edu.br/educitec/index.php/educitec/article/view/447},
    urldate       = {2024-10-08},
    place         = {Manaus, Brasil},
}

@article{laurentino_videoaulas_2019,
    title         = {Videoaulas e divulgação de conteúdos gramaticais para exames como o {ENEM}},
    author        = {Laurentino, João Vitor Bezerra and Silva, Williany Miranda da},
    year          = {2019},
    journal       = {Revista Polyphonía},
    volume        = {30},
    number        = {2},
    pages         = {76--95},
    doi           = {10.5216/rp.v30i2.65104},
    issn          = {2238-8850},
    url           = {https://revistas.ufg.br/sv/article/view/65104},
    urldate       = {2025-03-18},
    place         = {Goiânia},
}

@book{pereira2019,
    title         = {Cultura Disciplinar e Epistemes},
    author        = {Pereira, R. C. M.},
    year          = {2019},
    publisher     = {Ideia},
    address       = {João Pessoa, PB},
    subtitle      = {represebtações na escrita acadêmica},
}

@article{bessa2020,
    title         = {Uma análise de orientações sobre revisão e reescrita de textos científicos no universo digital},
    author        = {Bessa, José Cezinaldo Rocha},
    year          = {2020},
    month         = {12},
    journal       = {Educação e Pesquisa},
    volume        = {46},
    pages         = {e225576},
    doi           = {10.1590/s1678-4634202046225576},
    url           = {https://www.revistas.usp.br/ep/article/view/187146},
    urldate       = {2024-10-08},
}

@book{garcez2020,
    title         = {Técnica de Redação: o que é preciso saber para escrever bem},
    author        = {Garcez, Lucília Helena do Carmo},
    year          = {2020},
    publisher     = {Martins Fontes},
    address       = {São Paulo},
}

@incollection{silva2021,
    title         = {Processo de delimitação de elementos do projeto de pesquisa},
    author        = {Silva, Francisco Gabriel Cordeiro da},
    year          = {2021},
    booktitle     = {Projeto de pesquisa na universidade: produção, análise e reflexão},
    publisher     = {Edufcg},
    address       = {Campina Grande, PB},
    pages         = {111--139},
    url           = {http://dspace.sti.ufcg.edu.br:8080/xmlui/handle/riufcg/29610},
    urldate       = {2024-10-08},
    editor        = {Silva, Elizabeth Maria da},
}

@incollection{laurentino2023,
    title         = {Práticas de ensino de Língua Portuguesa: um percurso metodológico de pesquisa},
    author        = {Laurentino, João Vitor Bezerra and Miranda da Silva, Williany},
    year          = {2023},
    booktitle     = {Emergências contemporâneas nas pesquisas em práticas de ensino e linguagem},
    publisher     = {Marca de fantasia and Eduepb},
    address       = {João Pessoa, PB and Campina Grande, PB},
    pages         = {45--72},
    editor        = {Domingos, José and Rodrigues, Linduarte Pereira},
}

@article{oliveira2024,
    title         = {Revisão sistemática de relatos de experiência sobre o ensino de resenha acadêmica},
    author        = {Oliveira, Reebca Trajano and Silva, Elizabeth Maria da},
    year          = {2024},
    journal       = {Verbum},
    volume        = {13},
    number        = {2},
    pages         = {303--323},
    doi           = {10.23925/2316-3267.2024v13i2p303-323},
    url           = {https://revistas.pucsp.br/index.php/verbum/article/view/67208},
    urldate       = {2024-09-23},
}
