@book{krashen_principles_1982,
    title         = {Principles and {Practice} in {Second} {Language} {Acquisition}},
    author        = {Krashen, Stephen D},
    year          = {1982},
    publisher     = {Alemany Press},
    address       = {United States},
}

@article{chen_relationship_2004,
    title         = {The {Relationship} between {Foreign} {Language} {Anxiety} and {Learning} {Difficulties}},
    author        = {Chen, Tsai-Yu and Chang, Goretti B. Y.},
    year          = {2004},
    month         = may,
    journal       = {Foreign Language Annals},
    volume        = {37},
    number        = {2},
    pages         = {279--289},
    doi           = {10.1111/j.1944-9720.2004.tb02200.x},
    issn          = {0015718X, 19449720},
    url           = {https://onlinelibrary.wiley.com/doi/10.1111/j.1944-9720.2004.tb02200.x},
    urldate       = {2022-12-28},
}

@article{kanda_interactive_2004,
    title         = {Interactive {Robots} as {Social} {Partners} and {Peer} {Tutors} for {Children}: {A} {Field} {Trial}},
    shorttitle    = {Interactive {Robots} as {Social} {Partners} and {Peer} {Tutors} for {Children}},
    author        = {Kanda, Takayuki and Hirano, Takayuki and Eaton, Daniel and Ishiguro, Hiroshi},
    year          = {2004},
    month         = jun,
    journal       = {Humanâ€“Computer Interaction},
    volume        = {19},
    number        = {1-2},
    pages         = {61--84},
    doi           = {10.1080/07370024.2004.9667340},
    issn          = {0737-0024},
    url           = {https://www.tandfonline.com/doi/abs/10.1080/07370024.2004.9667340},
    urldate       = {2022-12-28},
}

@inproceedings{yamamoto_trial_2006,
    title         = {Trial of {Using} {Robotic} {Pet} as {Human} {Interface} of {Multimedia} {Education} {System} for {Pre}-school {Aged} {Child} in {Kindergarten}},
    author        = {Yamamoto, Satoshi and Tetsui, Toshiro and Naganuma, Mitsuru and Kimura, Ryuhei},
    year          = {2006},
    month         = oct,
    booktitle     = {2006 {SICE}-{ICASE} {International} {Joint} {Conference}},
    address       = {Busan},
    pages         = {3398--3403},
    doi           = {10.1109/SICE.2006.315079},
    keywords      = {Educational robots, Positron emission tomography, Multimedia systems, Aging, Human robot interaction, Pediatrics, Ethics, Humanoid robots, Games, Educational institutions, Robotic Pet, AIBO, Child, Multimedia, Education},
}

@inproceedings{han_physical_2009,
    title         = {Physical {Learning} {Activities} with a {Teaching} {Assistant} {Robot} in {Elementary} {School} {Music} {Class}},
    author        = {Han, Jeong-Hye and Kim, Dong-Ho and Kim, Jong-Won},
    year          = {2009},
    month         = aug,
    booktitle     = {2009 {Fifth} {International} {Joint} {Conference} on {INC}, {IMS} and {IDC}},
    pages         = {1406--1410},
    doi           = {10.1109/NCM.2009.407},
    keywords      = {Educational robots, Robot sensing systems, Computer science education, Educational institutions, Intelligent robots, Instruments, Physics computing, Communications technology, Educational technology, Electronic learning, e-Learning, r-Learning, Teaching Assistant, Music Conduct},
}

@book{eaton_global_2010,
    title         = {Global trends in language learning in the 21st century},
    author        = {Eaton, Sarah Elaine},
    year          = {2010},
    publisher     = {Eaton International Consulting},
    address       = {Calgary},
    isbn          = {9780973359466},
}

@inproceedings{lee_cognitive_2010,
    title         = {Cognitive effects of robot-assisted language learning on oral skills},
    author        = {Lee, Sungjin and Noh, Hyungjong and Lee, Jonghoon and Lee, Kyusong and Lee, Gary Geunbae},
    year          = {2010},
    booktitle     = {Proceedings},
    publisher     = {AESOP, SLaTE, NICT \& LASS},
    address       = {Tokyo},
    url           = {AESOP, SLaTE, NICT \& LASS,},
    urldate       = {2022-12-22},
}

@inproceedings{diaz_building_2011,
    title         = {Building up child-robot relationship for therapeutic purposes: {From} initial attraction towards long-term social engagement},
    author        = {D\'{\i}az, Marta and Nu\~{n}o, Neus and Saez-Pons, Joan and Pardo, Diego E. and Angulo, Cecilio},
    year          = {2011},
    month         = mar,
    booktitle     = {2011 {IEEE} {International} {Conference} on {Automatic} {Face} \& {Gesture} {Recognition} ({FG})},
    pages         = {927--932},
    doi           = {10.1109/FG.2011.5771375},
    keywords      = {Robots, Educational institutions, Pediatrics, Conferences, Interviews, Positron emission tomography, Context, human-robot interaction, social assistive robots, long-term interaction, interdependence theory, role attribution},
}

@article{mubin_review_2013,
    title         = {A review of the applicability of robots in education},
    author        = {Mubin, Omar and Stevens, Catherine J. and Shahid, Suleman and Mahmud, Abdullah Al and Dong, Jian-Jie},
    year          = {2013},
    month         = jan,
    journal       = {Technology for Education and Learning 2013},
    volume        = {1},
    number        = {9},
    doi           = {10.2316/Journal.209.2013.1.209-0015},
    url           = {https://www.actapress.com/PaperInfo.aspx?paperId=43268},
    urldate       = {2022-12-28},
}

@article{lupyan_words_2015,
    title         = {Words and the {World}: {Predictive} {Coding} and the {Language}-{Perception}-{Cognition} {Interface}},
    shorttitle    = {Words and the {World}},
    author        = {Lupyan, Gary and Clark, Andy},
    year          = {2015},
    month         = aug,
    journal       = {Current Directions in Psychological Science},
    volume        = {24},
    number        = {4},
    pages         = {279--284},
    doi           = {10.1177/0963721415570732},
    issn          = {0963-7214, 1467-8721},
    url           = {http://journals.sagepub.com/doi/10.1177/0963721415570732},
    urldate       = {2022-12-28},
}

@article{martin-ruiz_foundations_2015,
    title         = {Foundations of a {Smart} {Toy} {Development} for the {Early} {Detection} of {Motoric} {Impairments} at {Childhood}},
    author        = {Martin-Ruiz, Maria Luisa and Valero, M. A. and Linden, M. and Nunez-Nagy, S. and Guti\'{e}rrez Garc\'{\i}a, M.},
    year          = {2015},
    journal       = {International Journal of Pediatric Research},
    volume        = {1},
    number        = {2},
    url           = {https://clinmedjournals.org/articles/ijpr/international-journal-of-pediatric-research-ijpr-1-011.php?jid=ijpr},
    urldate       = {2022-12-28},
}

@article{wu_instructional_2015,
    title         = {Instructional design using an in-house built teaching assistant robot to enhance elementary school {English}-as-a-foreign-language learning},
    author        = {Wu, Wen-Chi Vivian and Wang, Rong-Jyue and Chen, Nian-Shing},
    year          = {2015},
    month         = nov,
    journal       = {Interactive Learning Environments},
    volume        = {23},
    number        = {6},
    pages         = {696--714},
    doi           = {10.1080/10494820.2013.792844},
    issn          = {1049-4820, 1744-5191},
    url           = {http://www.tandfonline.com/doi/full/10.1080/10494820.2013.792844},
    urldate       = {2022-12-28},
}

@inproceedings{khalifa_joining--type_2016,
    title         = {Joining-in-type {Humanoid} {Robot} {Assisted} {Language} {Learning} {System}},
    author        = {Khalifa, AlBara and Kato, Tsuneo and Yamamoto, Seiichi},
    year          = {2016},
    month         = may,
    booktitle     = {Proceedings of the {Tenth} {International} {Conference} on {Language} {Resources} and {Evaluation} ({LREC}'16)},
    publisher     = {European Language Resources Association (ELRA)},
    address       = {Portoro\v{z}, Slovenia},
    pages         = {245--249},
    url           = {https://aclanthology.org/L16-1037},
    urldate       = {2022-12-28},
}

@inproceedings{koay_prototyping_2016,
    title         = {Prototyping realistic long-term human-robot interaction for the study of agent migration},
    author        = {Koay, K. L. and Syrdal, D. S. and Ho, W. C. and Dautenhahn, K.},
    year          = {2016},
    month         = aug,
    booktitle     = {2016 25th {IEEE} {International} {Symposium} on {Robot} and {Human} {Interactive} {Communication} ({RO}-{MAN})},
    pages         = {809--816},
    doi           = {10.1109/ROMAN.2016.7745212},
    note          = {ISSN: 1944-9437},
    keywords      = {Robots, Mobile communication, Prototypes, Context, Human-robot interaction, Computer science, Atmospheric measurements},
}

@article{gutierrez_garcia_smart_2017,
    title         = {A {Smart} {Toy} to {Enhance} the {Decision}-{Making} {Process} at {Children}'s {Psychomotor} {Delay} {Screenings}: {A} {Pilot} {Study}},
    author        = {Guti\'{e}rrez Garc\'{\i}a, Mar\'{\i}a Angeles  and Mart\'{\i}n Ruiz, Mar\'{\i}a Luisa  and Rivera, Diego and Vadillo, Laura and Duboy, Miguel Angel Valero},
    year          = {2017},
    month         = may,
    journal       = {Journal of Medical Internet Research},
    volume        = {19},
    number        = {5},
    pages         = {e7533},
    doi           = {10.2196/jmir.7533},
    url           = {https://www.jmir.org/2017/5/e171},
    urldate       = {2022-12-28},
    language      = {EN},
}

@article{kocaman_factors_2017,
    title         = {Factors impeding the learning of a second language in {Spanish} school system: {Valladolid} {University} {Sample}},
    author        = {Kocaman, Orhan},
    year          = {2017},
    month         = oct,
    journal       = {Journal of Language and Linguistic Studies},
    volume        = {13},
    number        = {2},
    pages         = {578--592},
    issn          = {1305-578X},
    url           = {https://www.jlls.org/index.php/jlls/article/view/740},
    urldate       = {2022-12-28},
    copyright     = {Copyright (c) 2017 Journal of Language and Linguistic Studies},
    language      = {en},
}

@article{dewaele_does_2018,
    title         = {Does the effect of enjoyment outweigh that of anxiety in foreign language performance?},
    author        = {Dewaele, Jean-Marc and Alfawzan, Mateb},
    year          = {2018},
    month         = mar,
    journal       = {Studies in Second Language Learning and Teaching},
    volume        = {8},
    number        = {1},
    pages         = {21--45},
    doi           = {10.14746/ssllt.2018.8.1.2},
    issn          = {2084-1965},
    url           = {https://pressto.amu.edu.pl/index.php/ssllt/article/view/12383},
    urldate       = {2022-12-28},
    copyright     = {Copyright (c) 2018 Jean-Marc Dewaele, Mateb Alfawzan},
    keywords      = {foreign language anxiety, foreign language enjoyment, individual differences, learner-internal variables, teacher-centered variables},
}

@article{gerald_brief_2018,
    title         = {A {Brief} {Review} of {Independent}, {Dependent} and {One} {Sample} t-test},
    author        = {Gerald, Banda},
    year          = {2018},
    month         = aug,
    journal       = {International Journal of Applied Mathematics and Theoretical Physics},
    volume        = {4},
    number        = {2},
    pages         = {50},
    doi           = {10.11648/j.ijamtp.20180402.13},
    issn          = {2575-5927},
    url           = {https://www.sciencepublishinggroup.com/journal/paperinfo?journalid=322\&doi=10.11648/j.ijamtp.20180402.13},
    urldate       = {2022-12-28},
    copyright     = {http://www.sciencepublishinggroup.com},
}

@article{vidhiasi_dhion_classroom_2018,
    title         = {Classroom {Observation} and {Research}},
    author        = {Vidhiasi Dhion, Meitreya},
    year          = {2018},
    journal       = {Jurnal Ilmiah Ilmu-Ilmu Maritim},
    volume        = {3},
    number        = {1},
    pages         = {6--13},
    doi           = {10.6084/M9.FIGSHARE.7988522.V1},
    url           = {https://figshare.com/articles/CLASSROOM\_OBSERVATION\_AND\_RESEARCH/7988522/1},
    urldate       = {2022-12-28},
    copyright     = {Creative Commons Attribution 4.0 International},
    keywords      = {Linguistics, FOS: Languages and literature, FOS: Languages and literature, 200401 Applied Linguistics and Educational Linguistics},
}

@article{ellis_essentials_2019,
    title         = {Essentials of a {Theory} of {Language} {Cognition}},
    author        = {Ellis, Nick C.},
    year          = {2019},
    month         = jan,
    journal       = {The Modern Language Journal},
    volume        = {103},
    pages         = {39--60},
    doi           = {10.1111/modl.12532},
    issn          = {00267902},
    url           = {https://onlinelibrary.wiley.com/doi/10.1111/modl.12532},
    urldate       = {2022-12-28},
    language      = {en},
}

@article{van_den_berghe_social_2019,
    title         = {Social {Robots} for {Language} {Learning}: {A} {Review}},
    author        = {van den Berghe, Rianne and Verhagen, Josje and Oudgenoeg-Paz, Ora and van der Ven, Sanne and Leseman, Paul},
    year          = {2019},
    month         = apr,
    journal       = {Review of Educational Research},
    volume        = {89},
    number        = {2},
    pages         = {259--295},
    doi           = {10.3102/0034654318821286},
    issn          = {0034-6543, 1935-1046},
    url           = {http://journals.sagepub.com/doi/10.3102/0034654318821286},
    urldate       = {2022-12-28},
}

@article{randall_survey_2020,
    title         = {A {Survey} of {Robot}-{Assisted} {Language} {Learning} ({RALL})},
    author        = {Randall, Natasha},
    year          = {2020},
    month         = jan,
    journal       = {ACM Transactions on Human-Robot Interaction},
    volume        = {9},
    number        = {1},
    pages         = {1--36},
    doi           = {10.1145/3345506},
    issn          = {2573-9522},
    url           = {https://dl.acm.org/doi/10.1145/3345506},
    urldate       = {2022-12-28},
}

@article{reich-stiebert_exploring_2020,
    title         = {Exploring {University} {Students}' {Preferences} for {Educational} {Robot} {Design} by {Means} of a {User}-{Centered} {Design} {Approach}},
    author        = {Reich-Stiebert, Natalia and Eyssel, Friederike and Hohnemann, Charlotte},
    year          = {2020},
    month         = jan,
    journal       = {International Journal of Social Robotics},
    volume        = {12},
    number        = {1},
    pages         = {227--237},
    doi           = {10.1007/s12369-019-00554-7},
    issn          = {1875-4791, 1875-4805},
    url           = {http://link.springer.com/10.1007/s12369-019-00554-7},
    urldate       = {2022-12-28},
}

@article{tahiru_ai_2021,
    title         = {{AI} in {Education}: {A} {Systematic} {Literature} {Review}},
    author        = {Tahiru, Fati},
    year          = {2021},
    month         = jan,
    journal       = {Journal of Cases on Information Technology},
    volume        = {23},
    number        = {1},
    pages         = {1--20},
    doi           = {10.4018/JCIT.2021010101},
    issn          = {1548-7717, 1548-7725},
    url           = {https://services.igi-global.com/resolvedoi/resolve.aspx?doi=10.4018/JCIT.2021010101},
    urldate       = {2022-12-28},
    language      = {ng},
}

@inproceedings{zamfirescu-pereira_fake_2021,
    title         = {Fake {It} to {Make} {It}: {Exploratory} {Prototyping} in {HRI}},
    author        = {Zamfirescu-Pereira, J.D. and Sirkin, David and Goedicke, David and Lc, Ray and Friedman, Natalie and Mandel, Ilan and Martelaro, Nikolas and Ju, Wendy},
    year          = {2021},
    month         = mar,
    booktitle     = {Companion of the 2021 {ACM}/{IEEE} {International} {Conference} on {Human}-{Robot} {Interaction}},
    publisher     = {ACM},
    address       = {Boulder CO USA},
    pages         = {19--28},
    doi           = {10.1145/3434074.3446909},
    isbn          = {9781450382908},
    url           = {https://dl.acm.org/doi/10.1145/3434074.3446909},
    urldate       = {2022-12-28},
}

@article{gayed_exploring_2022,
    title         = {Exploring an {AI}-based writing {Assistant}'s impact on {English} language learners},
    author        = {Gayed, John Maurice and Carlon, May Kristine Jonson and Oriola, Angelu Mari and Cross, Jeffrey S.},
    year          = {2022},
    journal       = {Computers and Education: Artificial Intelligence},
    volume        = {3},
    pages         = {100055},
    doi           = {10.1016/j.caeai.2022.100055},
    issn          = {2666920X},
    url           = {https://linkinghub.elsevier.com/retrieve/pii/S2666920X22000108},
    urldate       = {2022-12-28},
    language      = {en},
}

@article{shin_review_2022,
    title         = {A {Review} of the {Participant} {Observation} {Method} in {Journalism}: {Designing} and {Reporting}},
    shorttitle    = {A {Review} of the {Participant} {Observation} {Method} in {Journalism}},
    author        = {Shin, Sooyoung and {Michigan State University, USA} and Miller, Serena and {Michigan State University, USA}},
    year          = {2022},
    journal       = {Review of Communication Research},
    volume        = {10},
    doi           = {10.12840/ISSN.2255-4165.035},
    issn          = {22554165},
    url           = {https://www.rcommunicationr.org/index.php/rcr/article/view/133},
    urldate       = {2022-12-28},
}
