@article{wilson_probable_1927,
    title         = {Probable {Inference}, the {Law} of {Succession}, and {Statistical} {Inference}},
    author        = {Wilson, Edwin B.},
    year          = {1927},
    month         = jun,
    journal       = {Journal of the American Statistical Association},
    volume        = {22},
    number        = {158},
    pages         = {209--212},
    doi           = {10.1080/01621459.1927.10502953},
    issn          = {0162-1459, 1537-274x},
    url           = {http://www.tandfonline.com/doi/abs/10.1080/01621459.1927.10502953},
    urldate       = {2024-10-09},
}

@article{aiken_content_1980,
    title         = {Content {Validity} and {Reliability} of {Single} {Items} or {Questionnaires}},
    author        = {Aiken, Lewis R.},
    year          = {1980},
    month         = dec,
    journal       = {Educational and Psychological Measurement},
    volume        = {40},
    number        = {4},
    pages         = {955--959},
    doi           = {10.1177/001316448004000419},
    issn          = {0013-1644, 1552-3888},
    url           = {https://journals.sagepub.com/doi/10.1177/001316448004000419},
    urldate       = {2024-10-09},
    copyright     = {https://journals.sagepub.com/page/policies/text-and-data-mining-license},
}

@article{aiken_three_1985,
    title         = {Three coefficients for analyzing the reliability and validity of ratings},
    author        = {Aiken, Lewis R.},
    year          = {1985},
    journal       = {Educational and Psychological Measurement},
    volume        = {45},
    number        = {1},
    pages         = {131--142},
    doi           = {10.1177/0013164485451012},
    issn          = {1552-3888},
    keywords      = {Computer Software, Interrater Reliability, Rating, Statistical Analysis, Statistical Validity, Content Validity},
}

@article{mayaute_cuantificacion_1988,
    title         = {Cuantificación de la validez de contenido por criterio de jueces},
    author        = {Escurra Mayaute, Luis Miguel},
    year          = {1988},
    journal       = {Revista de Psicología},
    volume        = {6},
    number        = {1-2},
    pages         = {103--111},
    doi           = {10.18800/psico.198801-02.008},
    issn          = {2223-3733},
    url           = {https://revistas.pucp.edu.pe/index.php/psicologia/article/view/4555},
    urldate       = {2024-10-09},
}

@book{papert_mindstorms:_1993,
    title         = {Mindstorms: {Children}, {Computers}, and {Powerful} {Ideas}},
    author        = {Papert, Seymour},
    year          = {1993},
    publisher     = {Basic Books},
    address       = {New York},
}

@article{cicchetti_guidelines_1994,
    title         = {Guidelines, criteria, and rules of thumb for evaluating normed and standardized assessment instruments in psychology.},
    author        = {Cicchetti, Domenic V.},
    year          = {1994},
    month         = dec,
    journal       = {Psychological Assessment},
    volume        = {6},
    number        = {4},
    pages         = {284--290},
    doi           = {10.1037/1040-3590.6.4.284},
    issn          = {1939-134x, 1040-3590},
}

@book{landeta_metodo_1999,
    title         = {El método {Delphi}: una técnica de previsión del futuro},
    author        = {Landeta, Jon},
    year          = {1999},
    publisher     = {Ariel},
    address       = {Barcelona},
}

@article{penfield_applying_2004,
    title         = {Applying a {Score} {Confidence} {Interval} to {Aiken}'s {Item} {Content}-{Relevance} {Index}},
    author        = {Penfield, Randall D. and Giacobbi, Jr., Peter R.},
    year          = {2004},
    month         = dec,
    journal       = {Measurement in Physical Education and Exercise Science},
    volume        = {8},
    number        = {4},
    pages         = {213--225},
    doi           = {10.1207/s15327841mpee0804_3},
    issn          = {1091-367x, 1532-7841},
    url           = {http://www.tandfonline.com/doi/abs/10.1207/s15327841mpee0804_3},
    urldate       = {2024-10-09},
}

@article{wing_computational_2006,
    title         = {Computational thinking},
    author        = {Wing, Jeannette M.},
    year          = {2006},
    month         = mar,
    journal       = {Commun. ACM},
    volume        = {49},
    number        = {3},
    pages         = {33--35},
    doi           = {10.1145/1118178.1118215},
    issn          = {0001-0782},
}

@book{bers_blocks_2008,
    title         = {Blocks to robots: learning with technology in the early childhood classroom},
    author        = {Bers, Marina Umaschi},
    year          = {2008},
    publisher     = {Teachers College Press},
    address       = {New York},
}

@article{garcia_procedimiento_2008,
    title         = {Procedimiento de aplicación del trabajo creativo en grupo de expertos},
    author        = {García, Luis and Fernández, Sergio J.},
    year          = {2008},
    journal       = {Ingeniería Energética},
    volume        = {XXIX},
    number        = {2},
    pages         = {46--50},
    issn          = {, 1815-5901},
    url           = {https://www.redalyc.org/articulo.oa?id=329127758006},
    urldate       = {2024-10-09},
    keywords      = {Expertos, procedimiento de selección de expertos, Experts, procedure of selection of experts},
}

@article{lopez_gutierrez_establecimiento_2011,
    title         = {Establecimiento de conceptos básicos para una {Educación} {Física} saludable a través del {Método} {Experto}},
    author        = {López Gutiérrez, Carlos J. and Stuart Rivero, Alexis J. and Granado Mejías, Anairis},
    year          = {2011},
    month         = jan,
    journal       = {Revista electrónica de investigación educativa},
    volume        = {13},
    number        = {2},
    pages         = {22--40},
    issn          = {1607-4041},
    url           = {http://www.scielo.org.mx/scielo.php?script=sci_abstract&pid=S1607-40412011000200002&lng=es&nrm=iso&tlng=es},
    urldate       = {2024-10-09},
}

@article{sheehy_beaming_2011,
    title         = {Beaming {Children} where they cannot go: {Telepresence} {Robots} and {Inclusive} {Education}: {An} {Exploratory} {Study}},
    author        = {Sheehy, Kieron and Green, Ashley A.},
    year          = {2011},
    journal       = {Ubiquitous Learning: An International Journal},
    volume        = {3},
    number        = {1},
    pages         = {135--146},
    doi           = {10.18848/1835-9795/CGP/v03i01/40261},
    issn          = {1835-9795},
    url           = {https://cgscholar.com/bookstore/works/beaming-children-where-they-cannot-go},
    urldate       = {2024-10-09},
}

@misc{adams_k.;_alvarez_l.;_rios_a.;_encarnacao_p.;_cook_a._big_2012,
    title         = {Big lessons from small users: {What} {Robots} {Reveal} about {Development} in {Children} with {Disabilities}},
    shorttitle    = {Big lessons from small users},
    author        = {{Adams, K.; Alvarez, L.; Rios, A.; Encarnação, P.; Cook, A.}},
    year          = {2012},
    publisher     = {University of Alberta Libraries},
    doi           = {10.7939/r33x83z6t},
    url           = {https://era.library.ualberta.ca/items/995b5d05-d4a6-4ada-a91b-c332dd5143c6},
    urldate       = {2024-10-09},
}

@article{cabero_almenara_utilizacion_2013,
    title         = {La utilización del juicio de experto para la evaluación de {TIC}: el {Coeficiente} de competencia experta},
    author        = {Cabero Almenara, Julio  and Barroso Osuna, Julio},
    year          = {2013},
    month         = jul,
    journal       = {Bordón. Revista de Pedagogía},
    volume        = {65},
    number        = {2},
    pages         = {25--38},
    issn          = {2340-6577},
    url           = {https://recyt.fecyt.es/index.php/BORDON/article/view/brp.2013.65202},
    urldate       = {2024-10-09},
    copyright     = {Derechos de autor},
    keywords      = {Coeficiente de competencia experta.},
}

@article{betancurth_loaiza_validation_2015,
    title         = {Validation and adaptation of the {Fantastico} questionnaire by {Delphi} technique},
    author        = {Betancurth Loaiza, Diana Paola and Vélez Álvarez, Consuelo and Jurado Vargas, Liliana},
    year          = {2015},
    month         = may,
    journal       = {Revista Salud Uninorte},
    volume        = {31},
    number        = {2},
    pages         = {214--227},
    issn          = {0120-5552},
    url           = {http://www.scielo.org.co/scielo.php?script=sci_abstract&pid=S0120-55522015000200003&lng=en&nrm=iso&tlng=es},
    urldate       = {2024-10-09},
}

@inproceedings{conchinha_playful_2015,
    title         = {Playful learning: {Educational} robotics applied to students with learning disabilities},
    author        = {Conchinha, Cristina and Osorio, Patricia and De Freitas, Joao Correia},
    year          = {2015},
    month         = nov,
    booktitle     = {2015 {International} {Symposium} on {Computers} in {Education} ({SIIE})},
    publisher     = {Ieee},
    address       = {Setubal},
    pages         = {167--171},
    doi           = {10.1109/siie.2015.7451669},
    isbn          = {9781509014354},
    url           = {http://ieeexplore.ieee.org/document/7451669/},
    urldate       = {2024-10-09},
}

@article{ferm_participation_2015,
    title         = {Participation and {Enjoyment} in {Play} with a {Robot} between {Children} with {Cerebral} {Palsy} who use {AAC} and their {Peers}},
    author        = {Ferm, Ulrika M. and Claesson, Britt K. and Ottesjö, Cajsa and Ericsson, Stina},
    year          = {2015},
    month         = apr,
    journal       = {Augmentative and Alternative Communication},
    volume        = {31},
    number        = {2},
    pages         = {108--123},
    doi           = {10.3109/07434618.2015.1029141},
    issn          = {0743-4618, 1477-3848},
    url           = {http://www.tandfonline.com/doi/full/10.3109/07434618.2015.1029141},
    urldate       = {2024-10-09},
}

@article{kafai_computational_2016,
    title         = {From computational thinking to computational participation in {K}--12 education},
    author        = {Kafai, Yasmin B.},
    year          = {2016},
    month         = jul,
    journal       = {Commun. ACM},
    volume        = {59},
    number        = {8},
    pages         = {26--27},
    doi           = {10.1145/2955114},
    issn          = {0001-0782},
    url           = {https://dl.acm.org/doi/10.1145/2955114},
    urldate       = {2024-10-09},
}

@book{bers_coding_2017,
    title         = {Coding as a {Playground}: {Programming} and {Computational} {Thinking} in the {Early} {Childhood} {Classroom}},
    author        = {Bers, Marina Umaschi},
    year          = {2017},
    publisher     = {Routledge},
    address       = {New York, NY},
}

@incollection{kafai_computational_2017,
    title         = {Computational {Participation}: {Teaching} {Kids} to {Create} and {Connect} {Through} {Code}},
    author        = {Kafai, Yasmin B. and Burke, Quinn},
    year          = {2017},
    booktitle     = {Emerging {Research}, {Practice}, and {Policy} on {Computational} {Thinking}},
    publisher     = {Springer International Publishing},
    address       = {Cham},
    pages         = {393--405},
    doi           = {10.1007/978-3-319-52691-1_24},
    isbn          = {9783319526911},
    url           = {https://doi.org/10.1007/978-3-319-52691-1_24},
    urldate       = {2024-10-09},
    editor        = {Rich, Peter J. and Hodges, Charles B.},
}

@phdthesis{marcao_robots_2017,
    title         = {Robots \& {Necessidades} {Educativas} {Especiais}: {O} desenho de uma oficina de formação para a aplicação da robótica educativa em contexto inclusivo},
    author        = {Marcão, Cristina Isabel Conchinha},
    year          = {2017},
    month         = sep,
    address       = {Lisboa},
    url           = {https://run.unl.pt/handle/10362/24221},
    urldate       = {2024-10-09},
    copyright     = {openAccess},
    type          = {Tese ({Doutoramento} em {Ciências} da {Educação})},
    school        = {Faculdade de Ciências e Tecnologia da Universidade Nova de Lisboa},
}

@article{souza_propriedades_2017,
    title         = {Propriedades psicométricas na avaliação de instrumentos: avaliação da confiabilidade e da validade},
    author        = {Souza, Ana Cláudia De and Alexandre, Neusa Maria Costa and Guirardello, Edinêis De Brito and Souza, Ana Cláudia De and Alexandre, Neusa Maria Costa and Guirardello, Edinêis De Brito},
    year          = {2017},
    month         = jul,
    journal       = {Epidemiologia e Serviços de Saúde},
    volume        = {26},
    number        = {3},
    pages         = {649--659},
    doi           = {10.5123/s1679-49742017000300022},
    issn          = {1679-4974},
    url           = {http://revista.iec.gov.br/template_doi_ess.php?doi=10.5123/S1679-49742017000300649&scielo=S2237-96222017000300649},
    urldate       = {2024-10-09},
}

@article{bers_coding_2018,
    title         = {Coding and {Computational} {Thinking} in {Early} {Childhood}: {The} {Impact} of {ScratchJr} in {Europe}},
    author        = {Bers, Marina Umaschi},
    year          = {2018},
    month         = sep,
    journal       = {European Journal of STEM Education},
    volume        = {3},
    number        = {3},
    pages         = {08},
    doi           = {10.20897/ejsteme/3868},
    issn          = {2468-4368},
    url           = {https://www.lectitopublishing.nl/Article/Detail/coding-and-computational-thinking-in-early-childhood-the-impact-of-scratchjr-in-europe-3868},
    urldate       = {2024-10-09},
}

@phdthesis{casaca_crescer_2018,
    title         = {“{Crescer} a {Brincar}” {A} {Robótica} no desenvolvimento {Motor}},
    author        = {Casaca, Cláudia Sofia Roque Mendes},
    year          = {2018},
    address       = {Odivelas},
    url           = {http://hdl.handle.net/10400.26/39496},
    urldate       = {2024-10-09},
    type          = {Dissertação para obtenção do grau de {Mestre} em {Educação} {Especial}, {Domínio} {Cognitivo} e {Motor}},
    school        = {Instituto Superior de Ciências Educativas},
}

@article{nora_validacao_2018,
    title         = {Validação por peritos: importância na tradução e adaptação de instrumentos},
    shorttitle    = {Validação por peritos},
    author        = {Nora, Carlise Rigon Dalla and Zoboli, Elma and Vieira, Margarida M.},
    year          = {2018},
    month         = apr,
    journal       = {Revista Gaúcha de Enfermagem},
    volume        = {38},
    doi           = {10.1590/1983-1447.2017.03.64851},
    issn          = {0102-6933, 1983-1447},
    url           = {https://www.scielo.br/j/rgenf/a/ZLbbJxnZy9kBNpHFTmBPpKK/?lang=pt},
    urldate       = {2024-10-09},
    keywords      = {Inquéritos e questionários, Estudos de validação, Pesquisa em enfermagem, Revisão por pares},
}

@book{portugal_decreto-lei_2018,
    title         = {Decreto-lei nº 54, de 6 de julho de 2018. {Diário} da {República} n.º 129/2018, {Série} {I} de 2018-07-06},
    author        = {{Portugal}},
    year          = {2018},
}

@article{bers_coding_2019,
    title         = {Coding as a playground: {Promoting} positive learning experiences in childhood classrooms},
    author        = {Bers, Marina U. and González-González, Carina and Armas–Torres, Mª Belén},
    year          = {2019},
    month         = sep,
    journal       = {Computers \& Education},
    volume        = {138},
    pages         = {130--145},
    doi           = {10.1016/j.compedu.2019.04.013},
    issn          = {0360-1315},
    url           = {https://www.sciencedirect.com/science/article/pii/S0360131519300995},
    urldate       = {2024-10-09},
    keywords      = {Cooperative/collaborative learning, Teaching/learning strategies, Improving classroom teaching, Elementary education},
}

@article{gonzalez_gonzalez_estrategias_2019,
    title         = {Estrategias para la enseñanza del pensamiento computacional y uso efectivo de tecnologías en educación infantil: una propuesta inclusiva: {Strategies} for teaching computational thinking and effective use of technologies in childhood education: an inclusive proposal},
    author        = {González González, Carina Soledad},
    year          = {2019},
    month         = dec,
    journal       = {Revista Interuniversitaria de Investigación en Tecnología Educativa},
    number        = {7},
    doi           = {10.6018/riite.405171},
    issn          = {2529-9638},
    url           = {https://revistas.um.es/riite/article/view/405171},
    urldate       = {2024-10-09},
    copyright     = {http://creativecommons.org/licenses/by-nc-sa/4.0},
}

@phdthesis{lourenco_utilizacao_2019,
    title         = {A utilização das {TIC} como meio de aprendizagem da matemática com alunos com {Necessidades} {Especiais}},
    author        = {Lourenço, Elisabete Mesquitela dos Santos},
    year          = {2019},
    month         = jul,
    address       = {Portugal},
    url           = {https://repositorio.ipv.pt/handle/10400.19/6060},
    urldate       = {2024-10-09},
    copyright     = {openAccess},
    type          = {Trabalho de {Projeto} em {Educação} {Especial} do curso de {Mestrado} em {Educação} {Especial}},
    school        = {Escola Superior de Educação do Instituto Politécnico de Viseu},
}

@article{valente_pensamento_2019,
    title         = {Pensamento {Computacional}, {Letramento} {Computacional} ou {Competência} {Digital}? {Novos} desafios da educação},
    author        = {Valente, José Armando},
    year          = {2019},
    month         = feb,
    journal       = {Revista Educação e Cultura Contemporânea},
    volume        = {16},
    number        = {43},
    pages         = {147--168},
    issn          = {2238-1279},
    url           = {https://mestradoedoutoradoestacio.periodicoscientificos.com.br/index.php/reeduc/article/view/5852},
    urldate       = {2024-10-09},
    copyright     = {Copyright (c)},
    keywords      = {Educação, Cultura, Representações Sociais, Tecnologias de Informação e Comunicação nos Processos Educacionais, Políticas Públicas e Gestão, TIC e Educação},
}

@article{resnick_coding_2020,
    title         = {Coding at a crossroads},
    author        = {Resnick, Mitchel and Rusk, Natalie},
    year          = {2020},
    month         = oct,
    journal       = {Commun. ACM},
    volume        = {63},
    number        = {11},
    pages         = {120--127},
    doi           = {10.1145/3375546},
    issn          = {0001-0782},
    url           = {https://dl.acm.org/doi/10.1145/3375546},
    urldate       = {2024-10-09},
}

@article{loureiro_pensamiento_2022,
    title         = {El pensamiento computacional en los marcos de competencia digital docente},
    author        = {Loureiro, Ana Claudia and Meirinho, Manuel and Osório, Antonio José and Valente Teixeira, Antonio Luis},
    year          = {2022},
    journal       = {Prisma Social: revista de investigación social},
    number        = {38},
    pages         = {77--93},
    issn          = {1989-3469},
}

@inproceedings{loureiro_robotica_2022,
    title         = {Robótica educativa e codificación en contextos de inclusión: un estudio exploratório},
    author        = {Loureiro, Ana Claudia and Miranda-Pinto, Maribel},
    year          = {2022},
    booktitle     = {Libro de {Actas} {Edutec} 2022},
    address       = {Palma de Mallorca},
    pages         = {688--690},
}

@book{ramos_introducao_2022,
    title         = {Introdução à programação, robótica e ao pensamento computacional na {Educação} {Pré}-escolar e 1.o {Ciclo} do {Ensino} {Básico}. {Necessidades} de {Formação} de {Educadores} e {Professores}},
    author        = {Ramos, José Luís Pires and Espadeiro, Rui Gonçalo and Monginho, Ricardo},
    year          = {2022},
    publisher     = {Centro de Investigação em Educação e Psicologia da Universidade de Évora (CIEP-UE)},
}

@inproceedings{loureiro_educational_2023,
    title         = {Educational robotics and programming in inclusive educational settings: a scoping review},
    author        = {Loureiro, Ana Claudia and Meirinhos, Manuel},
    year          = {2023},
    month         = nov,
    booktitle     = {2023 {International} {Symposium} on {Computers} in {Education} ({SIIE})},
    pages         = {1--5},
    doi           = {10.1109/siie59826.2023.10423697},
    url           = {https://ieeexplore.ieee.org/document/10423697/},
    urldate       = {2024-10-09},
    note          = {Issn: 2476-2172},
    keywords      = {Databases, Education, Market research, Encoding, Complexity theory, Robots, Programming profession, educational robotics, coding, inclusion},
}

@article{luis_desenvolvimento_2023,
    title         = {Desenvolvimento e validação de conteúdo de um {Programa} de {Intervenção} em {Processamento} {Auditivo} para crianças em idade escolar},
    author        = {Luís, Cátia and Abrantes, Ana and Oliveira, Catarina and Alves, Marisa and Martins, Jorge Humberto},
    year          = {2023},
    month         = oct,
    journal       = {CoDAS},
    volume        = {35},
    pages         = {e20210146},
    doi           = {10.1590/2317-1782/20212021146pt},
    issn          = {2317-1782},
    url           = {https://www.scielo.br/j/codas/a/GJBnFcpHhgjhfZMfqdwnwjR/?lang=pt},
    urldate       = {2024-10-09},
    keywords      = {Processamento Auditivo, Reabilitação, Criança, Portugal, Escolaridade},
}

@article{merino-soto_coeficientes_2023,
    title         = {Coeficientes {V} de {Aiken}: diferencias en los juicios de validez de contenido},
    author        = {Merino-Soto, Cesar},
    year          = {2023},
    month         = jan,
    journal       = {MHSalud: Revista en Ciencias del Movimiento Humano y Salud},
    volume        = {20},
    number        = {1},
    pages         = {1--10},
    doi           = {10.15359/mhs.20-1.3},
    issn          = {1659-097x},
    url           = {https://www.revistas.una.ac.cr/index.php/mhsalud/article/view/15070},
    urldate       = {2024-10-09},
    copyright     = {Copyright (c) 2022 MHSalud: Revista en Ciencias del Movimiento Humano y Salud},
    keywords      = {psychometric, psychological test, statistical analysis, validation studies, methodology, psicometría, test psicológico, análisis estadístico, estudio de validación, metodología, psicometria, teste psicológico, análise estatística, estudo de validação, metodologia},
}

@article{pereira_escala_2023,
    title         = {Escala de {Estratégias} de {Enfrentamento} para {Pacientes} {Oncológicos}: {Desenvolvimento} de uma {Medida}},
    author        = {Pereira, Fillipe Rodrigues Santos and Sá, Lucas Guimarães Cardoso de and Silva, Mariana do Nascimento and Santos, Alice Parentes da Silva},
    year          = {2023},
    month         = jan,
    journal       = {Psico-USF},
    volume        = {28},
    pages         = {783--797},
    doi           = {10.1590/1413-82712023280410},
    issn          = {1413-8271, 2175-3563},
    url           = {https://www.scielo.br/j/pusf/a/nJKBnvtN4LS38RjkN74npsk/?lang=pt},
    urldate       = {2024-10-09},
    keywords      = {enfrentamento, neoplasias, psicometria},
}

@article{ventura-silva_escala_2023,
    title         = {Escala de avaliação dos métodos de trabalho dos enfermeiros: um estudo de validação de conteúdo},
    author        = {Ventura-Silva, João Miguel Almeida and Silva Martins, Maria Manuela Ferreira Pereira da and Trindade, Letícia de Lima and Faria, Ana da Conceição Alves and Barros, Sónia Cristina da Costa and Melo, Ricardo Manuel da Costa and Forte, Elaine Cristina Novatzki and Ribeiro, Olga Maria Pimenta Lopes},
    year          = {2023},
    month         = feb,
    journal       = {Revista Brasileira de Enfermagem},
    volume        = {76},
    pages         = {e20220396},
    doi           = {10.1590/0034-7167-2022-0396pt},
    issn          = {0034-7167, 1984-0446},
    url           = {https://www.scielo.br/j/reben/a/Vcyx63YNbNb8VHwvVg8mGNM/?lang=pt},
    urldate       = {2024-10-09},
    keywords      = {Estudos de Validação, Cuidados de Enfermagem, Trabalho, Enfermeiras e Enfermeiros, Pesquisa em Administração de Enfermagem},
}
