
@article{echeita_sarrionandia_pandemia_2020,
	title = {La {Pandemia} del {Covid}-19.: ¿{Una} oportunidad para pensar en cómo hacer más inclusivos nuestros sistemas educativos?},
	volume = {9},
	url = {https://dialnet.unirioja.es/servlet/articulo?codigo=7398144},
	number = {1},
	urldate = {2022-09-23},
	journal = {Revista internacional de educación para la justicia social (RIEJS)},
	author = {Echeita, G.},
	year = {2020},
	pages = {7--16},
}

@article{carnine_professional_1995,
	title = {The {Professional} {Context} for {Collaboration} and {Collaborative} {Research}},
	volume = {16},
	url = {http://journals.sagepub.com/doi/10.1177/074193259501600607},
	doi = {10.1177/074193259501600607},
	number = {6},
	urldate = {2022-09-23},
	journal = {Remedial and Special Education},
	author = {Carnine, D.},
	month = nov,
	year = {1995},
	pages = {368--371},
}

@article{crockett_acculturative_2007,
	title = {Acculturative stress, social support, and coping: relations to psychological adjustment among {Mexican} {American} college students},
	volume = {13},
	doi = {10.1037/1099-9809.13.4.347},
	number = {4},
	journal = {Cultural Diversity \& Ethnic Minority Psychology},
	author = {Crockett, L. J. and Iturbide, M. I. and Torres Stone, R. A. and McGinley, M. and Raffaelli, M. and Carlo, G.},
	month = oct,
	year = {2007},
	keywords = {Acculturation, Adaptation, Psychological, Adult, Female, Humans, Male, Mexican Americans, Social Support, Stress, Psychological, Students},
	pages = {347--355},
}

@article{leiva_olivencia_conflictos_2007,
	title = {Los conflictos escolares en los escenarios educativos de diversidad cultural},
	copyright = {Cuando no se especifique otra condición, los documentos incorporados a Redined a texto completo, se hallan bajo las condiciones de uso de sólo lectura y únicamente podrán ser citados con reconocimiento del autor(es). Para cualquier otro uso, deberá solicitarse el permiso del autor (es)},
	url = {https://redined.educacion.gob.es/xmlui/handle/11162/14032},
	urldate = {2022-09-24},
	journal = {Kikirikí : cooperación educativa},
	author = {Leiva Olivencia, J. J.},
	year = {2007},
}

@article{hombrados-mendieta_apoyo_2013,
	title = {Apoyo social, clima social y percepción de conflictos en un contexto educativo intercultural},
	volume = {29},
	url = {https://scielo.isciii.es/scielo.php?script=sci_abstract&pid=S0212-97282013000100014&lng=es&nrm=iso&tlng=es},
	doi = {10.6018/analesps.29.1.123311},
	number = {1},
	urldate = {2022-09-24},
	journal = {Anales de Psicología},
	author = {Hombrados-Mendieta, I. and Castro-Travé, M.},
	month = jan,
	year = {2013},
	pages = {108--122},
}

@article{graham_peer_2006,
	title = {Peer {Victimization} in {School}: {Exploring} the {Ethnic} {Context}},
	volume = {15},
	url = {http://journals.sagepub.com/doi/10.1111/j.1467-8721.2006.00460.x},
	doi = {10.1111/j.1467-8721.2006.00460.x},
	number = {6},
	urldate = {2022-09-24},
	journal = {Current Directions in Psychological Science},
	author = {Graham, S.},
	month = dec,
	year = {2006},
	pages = {317--321},
}

@incollection{battro_neuroeducacion:_2011,
	address = {Buenos Aires},
	title = {Neuroeducación: el cerebro en la escuela},
	url = {http://education.esp.macam.ac.il/article/608},
	urldate = {2022-09-24},
	booktitle = { {La} {Pizarra} de {Babel}. {Puentes} entre las neurociencias, psicología y educación},
	publisher = {Libros del Zorzal},
	author = {Battro, A. M.},
	editor = {Lipina, S. and Sigman, M.},
	year = {2011},
}

@book{mejia_metodologiinvestigacion_2005,
	address = {Lima},
	title = {Metodología de la investigación científica},
	publisher = {Universidad Nacional Mayor de San Marco},
	author = {Mejía, E.},
	year = {2005},
}

@article{malla_prevision_1978,
	title = {La previsión del futuro en la empresa ({III}): el método {Delphi}},
	volume = {39},
	number = {1},
	journal = {Estudios Empresariales},
	author = {Malla, F. and Zabala, I.},
	year = {1978},
	pages = {13--24},
}

@book{iraossi_poder_2006,
	address = {Washington, DC},
	title = {El poder del diseño de una encuesta: guía del usuario para administrar encuestas, interpretar resultados e influir en los encuestados},
	publisher = {The World Bank},
	author = {Iraossi, G.},
	year = {2006},
}

@book{diaz-de-rada_tecnicas_2002,
	address = {Madrid},
	title = {Técnicas de análisis multivariante para investigación social y comercial},
	publisher = {RA-MA},
	author = {Díaz-De-Rada, V.},
	year = {2002},
}

@article{acevedo_ciencia_1998,
	title = {Ciencia, {Tecnología} y {Sociedad}: una mirada desde la educación en tecnología},
	volume = {18},
	copyright = {Derechos de autor},
	url = {https://rieoei.org/RIE/article/view/1094},
	doi = {10.35362/rie1801094},
	urldate = {2022-09-15},
	journal = {Revista Iberoamericana de Educación},
	author = {Acevedo, G. D. R.},
	month = sep,
	year = {1998},
	keywords = {CTS, educación, tecnología},
	pages = {107--143},
}

@article{battro_neuroeducacion:_2012,
	title = {Neuroeducación: el cerebro en la escuela. {La} pizarra de {Babel}. {Puentes}  entre neurociencia, psicología y educación},
	journal = {Revista Latinoamericana de Ciencia Psicológica},
	author = {Battro, A.},
	year = {2012},
	pages = {25--70},
}

@article{blasco_education_2006,
	title = {Education, gender and sport : {Young} gypsy and practiced sport},
	volume = {61},
	number = {2},
	journal = {Revista De Dialectologia y Tradiciones Populares},
	author = {Blasco, D.},
	year = {2006},
	pages = {115--128},
}


@book{murray_estadistica_2005,
	address = {México, D.F.},
	title = {Estadística},
	publisher = {Mc Graw-Hill},
	author = {Murray, R. S. and Larry, J.},
	year = {2005},
}

@article{kaiser_index_1974,
	title = {An index of factorial simplicity},
	volume = {39},
	issn = {1860-0980},
	url = {https://doi.org/10.1007/BF02291575},
	doi = {10.1007/BF02291575},
	number = {1},
	urldate = {2022-09-29},
	journal = {Psychometrika},
	author = {Kaiser, H. F.},
	month = mar,
	year = {1974},
	keywords = {Public Policy, Statistical Theory, Factorial Simplicity, Factor Pattern, Pattern Matrix},
	pages = {31--36},
}

@phdthesis{mengual_importancia_2011,
	address = {Alicante},
	type = {Tesis doctoral},
	title = {La importancia percibida por el profesorado y el alumnado sobre la inclusión de la competencia digital en {Educación} {Superior}.: {Un} análisis en {Ciencias} de la {Actividad} {Física} y el {Deporte} de la {Universidad} de {Alicante}},
	school = {Universitat d'Alacant - Universidad de Alicante},
	author = {Mengual, S.},
	year = {2011},
}
@article{leon_atencion_2008,
	title = {Atención plena y rendimiento académico en estudiantes de enseñanza secundaria},
	volume = {1},
	issn = {1888-8992, 1989-2209},
	url = {https://dialnet.unirioja.es/servlet/articulo?codigo=2761660},
	number = {3},
	urldate = {2022-09-29},
	journal = {European journal of education and psychology},
	author = {León, B.},
	year = {2008},
	pages = {17--26},
}

@article{andres_imagenes_2006,
	title = {Imágenes e historia de la educación: construcción, reconstrucción y representación de las prácticas escolares en el aula},
	volume = {25},
	copyright = {Derechos de autor},
	issn = {2386-3846},
	url = {https://revistas.usal.es/index.php/0212-0267/article/view/11183},
	urldate = {2022-09-29},
	journal = {Historia de la Educación},
	author = {Andrés, M. D. M. P.},
	year = {2006},
	keywords = {historia de la cultura escolar},
	pages = {291--315},
}

@article{benavidez_importancia_2019,
	title = {La importancia de las emociones para la neurodidáctica},
	volume = {14},
	copyright = {Derechos de autor 2019 Verónica Benavidez V, Ramón Flores P},
	url = {https://revistas.ucr.ac.cr/index.php/wimblu/article/view/35935},
	doi = {10.15517/wl.v14i1.35935},
	number = {1},
	urldate = {2022-09-15},
	journal = {Wimblu. Tec. Estudiantil de Psicología},
	author = {Benavidez, V. and Flores, R.},
	month = jan,
	year = {2019},
	keywords = {neurociencias, neuroeducación, neurodidáctica, emociones},
	pages = {25--53},
}

@article{carmona_santiago_colaboracion_2021,
	title = {Colaboración entre familia y escuela y su relación con las competencias sociales y académicas del alumnado de etnia gitana de {Canarias}},
	copyright = {Atribución-NoComercial 3.0 España},
	url = {https://redined.educacion.gob.es/xmlui/handle/11162/213631},
	doi = {10.4438/1988-592X-RE-2021-394-512},
	urldate = {2022-09-15},
	journal = {Revista de educación},
	author = {Carmona Santiago, J. and García Ruiz, M. and Máiquez Chaves, M. L. and Rodrigo López, M. J.},
	year = {2021},
}

@article{florian_enhancing_2020,
	title = {Enhancing teacher education for inclusion},
	volume = {43},
	url = {https://doi.org/10.1080/02619768.2020.1707579},
	doi = {10.1080/02619768.2020.1707579},
	number = {1},
	urldate = {2022-09-15},
	journal = {European Journal of Teacher Education},
	author = {Florian, L. and Camedda, D.},
	month = jan,
	year = {2020},
	pages = {4--8},
}

@article{hernández_inclusion_2021,
	title = {Inclusión, atención a la diversidad y neuroeducación en {Educación} {Física} ({Inclusion}, attention to diversity and neuroeducation in physical education)},
	volume = {41},
	url = {https://recyt.fecyt.es/index.php/retos/article/view/86070},
	doi = {10.47197/retos.v0i41.86070},
	urldate = {2022-09-15},
	journal = {Retos},
	author = {Hernández, A. and De Barros, C.},
	month = jul,
	year = {2021},
	keywords = {(inclusive education, diversity, neuroscience, neuroeducation, physical education)},
	pages = {555--561},
}

@book{hernandez_martinez_neuroeducacion_2020,
	address = {Bogotá},
	title = {La neuroeducación y sus aportes al desarrollo de habilidades cognoscitivas: una propuesta para docentes de grados 3°  4°  y 5° de primaria pertenecientes al {Colegio} {Julio} {Garavito} {Armero} ubicado en la localidad 16 de {Puente} {Aranda} de la ciudad de {Bogotá} {D}.{C}},
	url = {https://ciencia.lasalle.edu.co/maest_docencia/698},
	urldate = {2022-09-15},
	publisher = {Universidad de la Salle},
	author = {Hernández Martínez, F. and Garcia Achiardy, A. and Moreno Baracaldo, D.},
	month = jan,
	year = {2020},
}

@article{higueras_active_2020,
	title = {Active methodologies as a key element in teacher training for educational inclusion},
	number = {7},
	journal = {New Trends and Issues Proceedings on Humanities and Social Sciences},
	author = {Higueras, L. and Medina, M.},
	year = {2020},
	pages = {13--19},
}

@article{lacruz-perez_teachers_2021,
	title = {Teachers’ {Attitudes} toward {Educational} {Inclusion} in {Spain}: {A} {Systematic} {Review}},
	volume = {11},
	url = {https://www.mdpi.com/2227-7102/11/2/58},
	doi = {10.3390/educsci11020058},
	number = {2},
	urldate = {2022-09-15},
	journal = {Education Sciences},
	author = {Lacruz-Pérez, I. and Sanz-Cervera, P. and Tárraga-Mínguez, R.},
	month = feb,
	year = {2021},
	pages = {58},
}

@book{mepf-espana_pisa_2020,
	address = {Madrid},
	title = {{PISA} 2018. {La} organización escolar},
	publisher = {Gobierno de España},
	author = {{MEPF-España}},
	year = {2020},
}

@book{mepf-espana_datos_2021,
	address = {Madrid},
	title = {Datos y cifras: {Curso} escolar 2021/2022},
	publisher = {Gobierno de España},
	author = {{MEPF-España}},
	year = {2021},
}

@article{olivan-gonzalvo_comparacion_2004,
	title = {Comparación entre los niños de etnia gitana e inmigrantes extranjeros ingresados en centros de protección por maltrato},
	volume = {18},
	url = {http://scielo.isciii.es/scielo.php?script=sci_abstract&pid=S0213-91112004000700007&lng=es&nrm=iso&tlng=es},
	urldate = {2022-09-15},
	journal = {Gaceta Sanitaria},
	author = {Oliván-Gonzalvo, G.},
	month = may,
	year = {2004},
	pages = {380--386},
}

@book{orbe_aplicacion_2019,
	address = {Lima},
	title = {Aplicación de la neuroeducación},
	publisher = {Universidad Nacional de Tumbes},
	author = {Orbe, Y. H.},
	year = {2019},
}

@article{rosell_aiquel_neurociencia_2020,
	title = {Neurociencia aplicada como nueva herramienta para la educación},
	issn = {1012-1587},
	url = {https://dialnet.unirioja.es/servlet/articulo?codigo=7626841},
	number = {92 (Agosto)},
	urldate = {2022-09-15},
	journal = {Opción: Revista de Ciencias Humanas y Sociales},
	author = {Rosell Aiquel, R. and Juppet Ewing, M. F.  and Ramos Marquez, Y. M. and Ramírez Molina, R. I.  and Barrientos Oradini, N.},
	year = {2020},
	pages = {792--818},
}

@article{ruiz_diaz_aportes_2020,
	title = {Aportes de la {Neurociencia} a la {Educación}: {Contributions} of {Neuroscience} to {Education}},
	volume = {2},
	copyright = {Derechos de autor 2020 Revista Científica en Ciencias Sociales},
	url = {http://www.upacifico.edu.py:8040/index.php/PublicacionesUP_Sociales/article/view/59},
	doi = {10.53732/rccsociales/02.01.2020.63},
	number = {1},
	urldate = {2022-09-15},
	journal = {Revista científica en ciencias sociales - ISSN: 2708-0412},
	author = {Ruiz Díaz, M. and Kwan Chung, C. K. },
	month = mar,
	year = {2020},
	keywords = {cerebro},
	pages = {63--71},
}

@article{tzuc_salinas_inclusion_2022,
	title = {Inclusión {Educativa} y {Vulnerabilidad}. {Caso} de la {Población} {Jornalera} {Agrícola} {Migrante}.},
	copyright = {Derechos de autor 2021},
	url = {https://dilemascontemporaneoseducacionpoliticayvalores.com/index.php/dilemas/article/view/3051},
	doi = {10.46377/dilemas.v9i2.3051},
	urldate = {2022-09-15},
	journal = {Dilemas contemporáneos: Educación, Política y Valores},
	author = {Tzuc Salinas, H.},
	month = jan,
	year = {2022},
	keywords = {Inclusión educativa, vulnerabilidad, justicia social, migración},
}

@article{ramos-navas-parejo_uso_2020,
	title = {El uso de las {TIC} para la animación a la lectura en contextos vulnerables: una revisión sistemática en la última década},
	volume = {13},
	copyright = {Copyright (c) 2020 Texto Livre: Linguagem e Tecnologia},
	url = {https://periodicos.ufmg.br/index.php/textolivre/article/view/25730},
	doi = {10.35699/1983-3652.2020.25730},
	number = {3},
	urldate = {2022-09-15},
	journal = {Texto Livre},
	author = {Ramos-Navas-Parejo, M. and Cáceres-Reche, M. P. and Soler-Costa, R. and Marín-Marín, J. A.},
	month = oct,
	year = {2020},
	keywords = {Incentivo à leitura, Hábitos de leitura, TIC, Alunos em risco, Revisão sistemática},
	pages = {240--261},
}

@article{romero_rodriguez_tecnologias_2020,
	title = {Tecnologías del aprendizaje: teorías, metodologías y procesos didácticos para favorecer el aprendizaje de los estudiantes del siglo {XXI}},
	volume = {13},
	copyright = {Copyright (c) 2020 Texto Livre: Linguagem e Tecnologia},
	url = {https://periodicos.ufmg.br/index.php/textolivre/article/view/26454},
	number = {3},
	urldate = {2022-09-15},
	journal = {Texto Livre},
	author = {Romero Rodríguez, J. M. and Alonso García, S.},
	month = nov,
	year = {2020},
	keywords = {Editorial, Educação, Tecnologia},
	pages = {i--ii},
}