@book{barton2015,
  title={Linguagem Online: textos e práticas digitais},
  author={David Barton and Carmen Lee},
  isbn={9788579340888},
  translator = {Milton Camargo Mota},
  publisher={Parábola},
  edition = {1},
  address = {São Paulo},
  year = {2015},
  pagetotal = {270}
}

@InCollection{barreto2017,
author = {Raquel Goulart Barreto},
editor = {{Giselle Martins dos Santos} Ferreira and {Luiz Alexandre da Silva} Rosado and {Jaciara de Sá} Carvalho},
editortype = {organizer},
booktitle = {Educação e Tecnologia},
booksubtitle = {abordagens críticas},
title = {Objetos como sujeitos: o deslocamento radical},
publisher = {SESES/UNESA},
year = {2017},
address = {Rio de Janeiro},
pages = {124--141},
url = {https://ticpe.files.wordpress.com/2017/04/ebook-ticpe-2017.pdf},
urldate = {2018-06-20}
}

@article{bragana2016,
  doi = {10.4025/imagenseduc.v6i1.25321},
  url = {https://doi.org/10.4025/imagenseduc.v6i1.25321},
  urldate = {2020-09-19},
  year = {2016},
  month = apr,
  publisher = {Universidade Estadual de Maringa},
  volume = {6},
  number = {1},
  pages = {3},
  author = {Marcela Langa Lacerda Bragan{\c{c}}a and Marcos Ant{\^{o}}nio Rocha Baltar},
  title = {Novos estudos de letramento: conceitos,  implica{\c{c}}{\~{o}}es metodol{\'{o}}gicas e silenciamentos},
  journal = {Imagens da Educa{\c{c}}{\~{a}}o}
}

@article{cazden1996,
  doi = {10.17763/haer.66.1.17370n67v22j160u},
  url = {https://doi.org/10.17763/haer.66.1.17370n67v22j160u},
  year = {1996},
  month = apr,
  publisher = {Harvard Education Publishing Group},
  volume = {66},
  number = {1},
  pages = {60--93},
  author = {Courtney Cazden and Bill Cope and Norman Fairclough and Jim Gee and Mary Kalantzis},
  title = {A Pedagogy of Multiliteracies: Designing Social Futures},
  journal = {Harvard Educational Review}
}

@article{cope2009,
  doi = {10.1080/15544800903076044},
  url = {https://doi.org/10.1080/15544800903076044},
  year = {2009},
  month = aug,
  publisher = {Informa {UK} Limited},
  volume = {4},
  number = {3},
  pages = {164--195},
  author = {Bill Cope and Mary Kalantzis},
  title = {{\textquotedblleft}Multiliteracies{\textquotedblright}: New Literacies,  New Learning},
  journal = {Pedagogies: An International Journal}
}

@Book{freire1989,
author = {Paulo Freire},
title = {A importância do ato de ler: em três artigos que se completam},
publisher = {Cortez},
year = {1989},
address = {São Paulo}
}

@Book{kato1986,
author = {Mary Kato},
title = {No mundo da escrita: uma perspectiva psicolinguistica},
publisher = {Ática},
year = {1986},
address = {São Paulo}
}

@Book{kleiman2003,
author = {Angela B. Kleiman},
title = {Os significados do letramento},
publisher = {Mercado das Letras},
year = {2003},
address = {Campinas-SP}
}

@Article{kleiman2014,
author = {Angela B. Kleiman},
title = {Letramento na contemporaneidade},
journal = {Bakhtiniana},
year = {2014},
volume = {9},
number = {2},
pages = {72--91}
}

@Book{knobel2007,
author = {Michele Knobel and Colin Lankshear},
title = {A New Literacies Sampler},
publisher = {Peter Lang},
year = {2007},
address = {New York}
}

@InCollection{maia2013,
author = {{Junot de Oliveira} Maia},
editor = {Roxane Rojo},
editortype = {organizer},
title = {Novos e híbridos letramentos em contexto de periferia},
booktitle = {Escol@ conectada},
booksubtitle = {os multiletramentos e as TICs},
publisher = {Parábola},
year = {2013},
address = {São Paulo},
pages = {59--71}
}

@MastersThesis{raulik2916,
author = {{Viviane de Fátima Pettirossi} Raulik},
title = {Práticas colaborativas de escrita em disciplina de língua inglesa de curso militar},
school = {Universidade Estadual de Campinas},
year = {2016},
address = {Campinas}
}

@Book{rojo2009,
author = {Roxane Rojo},
title = {Letramentos múltiplos, escola e inclusão social},
publisher = {Parábola Editorial},
year = {2009},
address = {São Paulo}
}

@InCollection{rojo2012,
author = {Roxane Rojo},
editor = {Roxane Rojo and Eduardo Moura},
editortype = {organizer},
booktitle = {Multiletramentos na escola},
title = {Pedagogia dos Multiletramentos},
publisher = {Parábola Editorial},
year = {2012},
address = {São Paulo},
pages = {11--31}
}

@Book{rojo2013,
editor = {Roxane Rojo},
editortype = {organizer},
title = {Escol@ conectada: os multiletramentos e as TICs},
publisher = {Parábola},
year = {2013},
address = {São Paulo}
}

@online{rojo2016,
title = {Pedagogia dos Multiletramentos: parte II. [Entrevista concedida a Cristiane Mori]},
author = {Roxane Rojo},
year = {2016},
url = {https://www.youtube.com/watch?v=IRFrh3z5T5w},
urldate = {2020-10-02}
}

@Article{silva2016,
author = {{Themis Rondão Barbosa da Costa} Silva},
title = {Pedagogia dos multiletramentos: principais proposições metodológicas e pesquisas no âmbito nacional},
journal = {Letras, Santa Maria},
year = {2016},
volume = {26},
number = {52},
pages = {11--23},
url = {https://periodicos.ufsm.br/letras/article/view/25319/14659},
urldate = {2020-09-22}
}

@article{soares2002,
  doi = {10.1590/s0101-73302002008100008},
  url = {https://doi.org/10.1590/s0101-73302002008100008},
  year = {2002},
  month = dec,
  publisher = {{FapUNIFESP} ({SciELO})},
  volume = {23},
  number = {81},
  pages = {143--160},
  author = {Magda Soares},
  title = {Novas pr{\'{a}}ticas de leitura e escrita: letramento na cibercultura},
  journal = {Educa{\c{c}}{\~{a}}o {\&} Sociedade}
}

@Book{soares2004,
author = {Magda Soares},
title = {Letramento: um tema em três gêneros},
publisher = {Autêntica},
year = {2004},
edition = {2},
address = {Belo Horizonte}
}

@Book{soares2017,
author = {Magda Soares},
title = {Alfabetização e letramento},
publisher = {Contexto},
year = {2017},
edition = {7},
address = {São Paulo}
}

@Article{street2009,
author = {Brian  Street},
title = {Entrevista com Brian Street},
journal = {Revista Língua Escrita},
year = {2009},
number = {7},
pages = {84--92},
url = {http://www.ceale.fae.ufmg.br/app/webroot/files/uploads/revista%20lingua%20escrita/LinguaEscrita_7.pdf},
urldate = {2020-09-21}
}

@Book{street2014,
author = {Brian Street},
translator = {Marcos Bagno},
title = {Letramentos sociais: abordagens críticas do letramento no desenvolvimento, na etnografia e na educação},
publisher = {Parábola Editorial},
year = {2014},
address = {São paulo}
}

@Article{terra2020,
author = {Márcia Regina Terra},
title = {Letramento {\&} letramentos: uma perspectiva sociocultural dos usos da escrita},
journal = {Delta: documentação de estudos em lingüística teórica e aplicada},
year = {2013},
volume = {29},
number = {1},
pages = {29--58},
url = {https://www.scielo.br/pdf/delta/v29n1/02.pdf},
urldate = {2020-09-19}
}

@Article{novalondres,
author = {{Grupo de Nova Londres}},
title = {pedagogy of multiliteracies: designing social futures},
journal = {The Harvard educational review},
year = {1996},
volume = {1},
number = {66},
pages = {60--92}
}

