@article{alperstedtneto2018,
	title = {Acessibilidade e {Tecnologia} na {Construção} da {Cidade} {Inteligente}},
	volume = {22},
	url = {http://www.scielo.br/scielo.php?script=sci_arttext&pid=S1415-65552018000200291&lng=pt&tlng=pt},
	doi = {10.1590/1982-7849rac2018170295},
	number = {2},
	urldate = {2021-08-27},
	journal = {Revista de Administração Contemporânea},
	author = {Alperstedt Neto, Carlos Augusto and Rolt, Carlos Roberto de and Alperstedt, Graziela Dias},
	month = apr,
	year = {2018},
	pages = {291-310},
}
@article{amaral2012,
	title = {Fatores associados com a dificuldade no acesso de idosos com deficiência aos serviços de saúde},
	volume = {17},
	url = {http://www.scielo.br/scielo.php?script=sci_arttext&pid=S1413-81232012001100016&lng=pt&tlng=pt},
	doi = {10.1590/S1413-81232012001100016},
	number = {11},
	urldate = {2021-08-27},
	journal = {Ciência \& Saúde Coletiva},
	author = {Amaral, Fabienne Louise Juvêncio dos Santos and Motta, Márcia Heloyse Alves and Silva, Laíla Pereira Gomes da and Alves, Simone Bezerra},
	month = nov,
	year = {2012},
	pages = {2991-3001},
}
@article{anache2018,
	title = {Análise das condições de permanência do estudante com deficiência na {Educação} {Superior}},
	volume = {22},
	url = {http://www.scielo.br/scielo.php?script=sci_arttext&pid=S1413-85572018000400115&lng=pt&tlng=pt},
	doi = {10.1590/2175-35392018042},
	number = {spe},
	urldate = {2021-08-27},
	journal = {Psicologia Escolar e Educacional},
	author = {Anache, Alexandra Ayach and Cavalcante, Lysa Duarte},
	year = {2018},
	pages = {115-125},
}
@article{barbosa2018,
	title = {Produção de conteúdo acessível para surdos na web: análise do canal de vídeos Ôxe},
	volume = {41},
	url = {http://www.scielo.br/scielo.php?script=sci_arttext&pid=S1809-58442018000200153&lng=pt&tlng=pt},
	doi = {10.1590/1809-5844201829},
	number = {2},
	urldate = {2021-08-27},
	journal = {Intercom: Revista Brasileira de Ciências da Comunicação},
	author = {Barbosa, Gabriela Lapa Teles and Müller, Karin},
	month = aug,
	year = {2018},
	pages = {153-165},
}
@article{borges2018,
	title = {Usabilidade de {Aplicativos} de {Tecnologia} {Assistiva} por {Pessoas} com {Baixa} {Visão}},
	volume = {24},
	url = {http://www.scielo.br/scielo.php?script=sci_arttext&pid=S1413-65382018000400483&lng=pt&tlng=pt},
	doi = {10.1590/s1413-65382418000500002},
	number = {4},
	urldate = {2021-08-27},
	journal = {Revista Brasileira de Educação Especial},
	author = {Borges, Wanessa Ferreira and Mendes, Enicéia Gonçalves},
	month = dec,
	year = {2018},
	pages = {488-500},
}
@article{branco2019,
	title = {Avaliação da satisfação de estudantes público-alvo da educação inclusiva em cursos de pós-graduação de universidades públicas},
	volume = {24},
	url = {http://www.scielo.br/scielo.php?script=sci_arttext&pid=S1414-40772019000100045&tlng=pt},
	doi = {10.1590/s1414-40772019000100004},
	number = {1},
	urldate = {2021-08-27},
	journal = {Avaliação: Revista da Avaliação da Educação Superior (Campinas)},
	author = {Branco, Ana Paula Silva Cantarelli and Almeida, Maria Amélia},
	month = may,
	year = {2019},
	pages = {45-67},
}
@misc{brasil_lei_2015,
	chapter = {Lei Brasileira de Inclusão da Pessoa com Deficiência (Estatuto da Pessoa com Deficiência)},
	title = {Lei nº 13.146, de 6 de julho de 2015},
	url = {http://www.planalto.gov.br/ccivil_03/_ato2015-2018/2015/lei/l13146.htm},
	urldate = {2020-06-16},
	author = {{BRASIL}},
	month = jun,
	year = {2015},
}
@article{bruno2019,
	title = {Política de {Acessibilidade}: o que dizem as pessoas com deficiência visual},
	volume = {44},
	url = {http://www.scielo.br/scielo.php?script=sci_arttext&pid=S2175-62362019000100206&tlng=pt},
	doi = {10.1590/2175-623684848},
	number = {1},
	urldate = {2021-08-27},
	journal = {Educação \& Realidade},
	author = {Bruno, Marilda Moraes Garcia and Nascimento, Ricardo Augusto Lins do},
	year = {2019},
	pages = {e84848},
}
@article{camargo2008,
	title = {A comunicação como barreira à inclusão de alunos com deficiência visual em aulas de óptica},
	volume = {30},
	url = {http://www.scielo.br/scielo.php?script=sci_arttext&pid=S1806-11172008000300016&lng=pt&tlng=pt},
	doi = {10.1590/S1806-11172008000300016},
	number = {3},
	urldate = {2021-08-27},
	journal = {Revista Brasileira de Ensino de Física},
	author = {Camargo, Eder Pires de and Nardi, Roberto and Veraszto, Estéfano Vizconde},
	month = sep,
	year = {2008},
	pages = {3401.1-3401.13},
}
@article{cantoranipilatti2015,
	title = {Acessibilidade na {Universidade} {Tecnológica} {Federal} do {Paraná}: análise a partir de relatórios do {Inep} e do olhar do gestor},
	url = {http://www.scielo.br/scielo.php?script=sci_arttext&pid=S0104-40602015000300171&lng=pt&tlng=pt},
	doi = {10.1590/0104-4060.41363},
	number = {57},
	urldate = {2021-08-27},
	journal = {Educar em Revista},
	author = {Cantorani, José Roberto Herrera and Pilatti, Luiz Alberto},
	month = sep,
	year = {2015},
	pages = {171-189},
}
@article{cantoranietal2015,
	title = {Análise das versões do instrumento {WHOQOL}-{DIS} frente aos aspectos que motivaram sua criação: participação e autonomia},
	volume = {21},
	url = {http://www.scielo.br/scielo.php?script=sci_arttext&pid=S1413-65382015000400407&lng=pt&tlng=pt},
	doi = {10.1590/S1413-65382115000400007},
	number = {4},
	urldate = {2021-08-27},
	journal = {Revista Brasileira de Educação Especial},
	author = {Cantorani, José Roberto Herrera and Pilatti, Luiz Alberto and Gutierrez, Gustavo Luis},
	month = dec,
	year = {2015},
	pages = {407-426},
}
@article{carvalho2003,
	title = {O papel da interação humano-computador na inclusão digital},
	volume = {15},
	url = {http://www.scielo.br/scielo.php?script=sci_arttext&pid=S0103-37862003000500004&lng=pt&tlng=pt},
	doi = {10.1590/S0103-37862003000500004},
	number = {spe},
	urldate = {2021-08-27},
	journal = {Transinformação},
	author = {Carvalho, José Oscar Fontanini de},
	month = dec,
	year = {2003},
	pages = {75-89},
}
@article{carvalho2018,
	title = {Construction of assistive technology as online course for the blind about hypertension},
	volume = {71},
	url = {http://www.scielo.br/scielo.php?script=sci_arttext&pid=S0034-71672018000401970&lng=en&tlng=en},
	doi = {10.1590/0034-7167-2017-0056},
	number = {4},
	urldate = {2021-08-27},
	journal = {Revista Brasileira de Enfermagem},
	author = {Carvalho, Luciana Vieira de and Carvalho, Aline Tomaz de and Áfio, Aline Cruz Esmeraldo and Silva, Andréa Soares Rocha da and Silva, Máguida Gomes da and Pagliuca, Lorita Marlena Freitag},
	month = aug,
	year = {2018},
	pages = {1970-1976},
}
@article{ciantelli2016,
	title = {Ações {Exercidas} pelos {Núcleos} de {Acessibilidade} nas {Universidades} {Federais} {Brasileiras}},
	volume = {22},
	url = {http://www.scielo.br/scielo.php?script=sci_arttext&pid=S1413-65382016000300413&lng=pt&tlng=pt},
	doi = {10.1590/S1413-65382216000300008},
	number = {3},
	urldate = {2021-08-27},
	journal = {Revista Brasileira de Educação Especial},
	author = {Ciantelli, Ana Paula Camilo and Leite, Lúcia Pereira},
	month = sep,
	year = {2016},
	pages = {413-428},
}
@article{ely2009,
	title = {Unidades habitacionais hoteleiras na {Ilha} de {Santa} {Catarina}: um estudo sobre acessibilidade espacial},
	volume = {19},
	url = {http://www.scielo.br/scielo.php?script=sci_arttext&pid=S0103-65132009000300007&lng=pt&tlng=pt},
	doi = {10.1590/S0103-65132009000300007},
	number = {3},
	urldate = {2021-08-27},
	journal = {Production},
	author = {Ely, Vera Helena Moro Bins and Silva, Cristiane Silveira da},
	year = {2009},
	pages = {489-501},
}
@article{estabel2009,
	title = {A formação de professores e a capacitação de bibliotecários com limitação visual por meio da {EAD} em ambiente virtual de aprendizagem},
	volume = {21},
	number = {1},
	journal = {Transinformação},
	author = {Estabel, L. B. and Moro, E. L. S. and Santaros, L. M.},
	year = {2009},
	pages = {23-32},
}
@article{fialho2012,
	title = {Informação e conhecimento acessíveis aos deficientes visuais nas bibliotecas universitárias},
	volume = {17},
	url = {http://www.scielo.br/scielo.php?script=sci_arttext&pid=S1413-99362012000100009&lng=pt&tlng=pt},
	doi = {10.1590/S1413-99362012000100009},
	number = {1},
	urldate = {2021-08-27},
	journal = {Perspectivas em Ciência da Informação},
	author = {Fialho, Janaina and Silva, Daiane de Oliveira},
	month = mar,
	year = {2012},
	pages = {153-168},
}
@article{flor2015,
	title = {Acessibilidade do {Moodle} para surdos: abordagem dos discursos de surdos e ouvintes},
	volume = {27},
	url = {http://www.scielo.br/scielo.php?script=sci_arttext&pid=S0103-37862015000200157&lng=pt&tlng=pt},
	doi = {10.1590/0103-37862015000200005},
	number = {2},
	urldate = {2021-08-27},
	journal = {Transinformação},
	author = {Flor, Carla da Silva and Saito, Daniela Satomi and Pivetta, Elisa Maria and Ulbricht, Vania Ribas and Vanzin, Tarcisio},
	month = aug,
	year = {2015},
	pages = {157-163},
}
@article{flor2013,
	title = {Recomendações da {WCAG} 2.0 (2008) e a acessibilidade de surdos em conteúdos da {Web}},
	volume = {19},
	url = {http://www.scielo.br/scielo.php?script=sci_arttext&pid=S1413-65382013000200002&lng=pt&tlng=pt},
	doi = {10.1590/S1413-65382013000200002},
	number = {2},
	urldate = {2021-08-27},
	journal = {Revista Brasileira de Educação Especial},
	author = {Flor, Carla da Silva and Vanzin, Tarcisio and Ulbricht, Vânia},
	month = jun,
	year = {2013},
	pages = {161-168},
}
@article{freire2009,
	title = {Acessibilidade dos sítios web dos governos estaduais brasileiros: uma análise quantitativa entre 1996 e 2007},
	volume = {43},
	number = {2},
	journal = {Revista de Administração Pública},
	author = {Freire, A. P. and Castro, M. and Fortes, R. P. M.},
	year = {2009},
	pages = {395-414},
}
@article{garcia2018,
	title = {Acessibilidade e permanência na educação superior: percepção de estudantes com deficiência},
	volume = {22},
	url = {http://www.scielo.br/scielo.php?script=sci_arttext&pid=S1413-85572018000400033&lng=pt&tlng=pt},
	doi = {10.1590/2175-3539/2018/035},
	number = {spe},
	urldate = {2021-08-27},
	journal = {Psicologia Escolar e Educacional},
	author = {Garcia, Raquel Araújo Bonfim and Bacarin, Ana Paula Siltrão and Leonardo, Nilza Sanches Tessaro},
	year = {2018},
	pages = {33-40},
}
@article{gesser2017,
	title = {A participação dos estudantes com deficiência física e visual no ensino superior: apontamentos e contribuições das teorias feministas da deficiência},
	url = {http://www.scielo.br/scielo.php?script=sci_arttext&pid=S0104-40602017000700151&lng=pt&tlng=pt},
	doi = {10.1590/0104-4060.52925},
	number = {spe.3},
	urldate = {2021-08-27},
	journal = {Educar em Revista},
	author = {Gesser, Marivete and Nuernberg, Adriano Henrique},
	year = {2017},
	pages = {151-166},
}
@article{hott2019,
	title = {Acessibilidade, tecnologia assistiva e unidades de informação: articulações à realidade da inclusão},
	volume = {24},
	url = {http://www.scielo.br/scielo.php?script=sci_arttext&pid=S1413-99362019000400199&tlng=pt},
	doi = {10.1590/1981-5344/4194},
	number = {4},
	urldate = {2021-08-27},
	journal = {Perspectivas em Ciência da Informação},
	author = {Hott, Daniela Francescutti Martins and Fraz, Joeanne Neves},
	month = dec,
	year = {2019},
	pages = {199-210},
}
@article{kraemer2018,
	title = {Acessibilidade como {Condição} de {Acesso}, {Participação}, {Desenvolvimento} e {Aprendizagem} de {Alunos} com {Deficiência}},
	volume = {38},
	url = {http://www.scielo.br/scielo.php?script=sci_arttext&pid=S1414-98932018000300554&lng=pt&tlng=pt},
	doi = {10.1590/1982-3703000062018},
	number = {3},
	urldate = {2021-08-27},
	journal = {Psicologia: Ciência e Profissão},
	author = {Kraemer, Graciele Marjana and Thoma, Adriana da Silva},
	month = sep,
	year = {2018},
	pages = {554-563},
}
@article{lazzarin2015,
	title = {Aspectos que interferem no acesso à informação e interação dos usuários cegos com o {OPAC} em bibliotecas universitárias},
	volume = {20},
	url = {http://www.scielo.br/scielo.php?script=sci_arttext&pid=S1413-99362015000100075&lng=pt&tlng=pt},
	doi = {10.1590/1981-5344/1882},
	number = {1},
	urldate = {2021-08-27},
	journal = {Perspectivas em Ciência da Informação},
	author = {Lazzarin, Fabiana Aparecida and Sousa, Marckson Roberto Ferreira de},
	month = mar,
	year = {2015},
	pages = {75-91},
}
@article{leria2018,
	title = {Enem {Acessível}: {Autonomia} para a {Pessoa} com {Deficiência} {Visual} {Total} no {Exame} {Nacional} do {Ensino} {Médio}},
	volume = {24},
	url = {http://www.scielo.br/scielo.php?script=sci_arttext&pid=S1413-65382018000100103&lng=pt&tlng=pt},
	doi = {10.1590/s1413-65382418000100009},
	number = {1},
	urldate = {2021-08-27},
	journal = {Revista Brasileira de Educação Especial},
	author = {Leria, Lucinda De Almeida and Filgueiras, Lucia Vilela Leite and Silva, Francisco José Fraga da and Ferreira, Leonardo Alves},
	month = mar,
	year = {2018},
	pages = {103-120},
}
@article{lima2016,
	title = {Online recruitment of people with disabilities: technology in favor of diversity?},
	volume = {17},
	url = {http://www.scielo.br/scielo.php?script=sci_arttext&pid=S1678-69712016000200042&lng=en&tlng=en},
	doi = {10.1590/1678-69712016/administracao.v17n2p42-66},
	number = {2},
	urldate = {2021-08-27},
	journal = {RAM. Revista de Administração Mackenzie},
	author = {Lima, Michelle Pinto De},
	month = apr,
	year = {2016},
	pages = {42-66},
}
@article{machado2016,
	title = {A meta-avaliação como instrumento de qualidade nas {Políticas} {Públicas}: o {Programa} {Segundo} {Tempo}},
	volume = {8},
	url = {http://revistas.cesgranrio.org.br/index.php/metaavaliacao/article/view/1034},
	doi = {10.22347/2175-2753v8i0.1034},
	urldate = {2021-08-30},
	journal = {Revista Meta: Avaliação},
	author = {Machado, Tania Russo and Chaise, Rosa Maria and Elliot, Ligia Gomes},
	month = jul,
	year = {2016},
	pages = {1-20},
}
@inproceedings{marchand2012,
	title = {L’analyse de similitude appliquée aux corpus textuels: les primaires socialistes pour l’élection présidentielle française (septembre-octobre 2011)},
	booktitle = {Actes des 11eme {Journées} {Internationales} d’{Analyse} {Statistique} des {Données} {Textuelles}},
	author = {Marchand, P. and Ratinaud, P.},
	year = {2012},
	pages = {687-699},
}
@article{marins2009,
	title = {Avaliação de políticas públicas: a inclusão de alunos com necessidades educacionais especiais no {Ensino} {Fundamental} das cidades-pólo do {Estado} de {São} {Paulo}},
	volume = {15},
	number = {1},
	journal = {Revista Brasileira de Educação Especial},
	author = {Marins, S. C. F. and Matsukura, T. S.},
	year = {2009},
	pages = {45-64},
}
@phdthesis{martins2012,
	address = {Porto Alegre},
	type = {Dissertação de mestrado},
	title = {Design de recursos e estratégias em tecnologia assistiva para acessibilidade ao computador e à comunicação alternativa},
	school = {Escola de Engenharia, Programa de Pós-Graduação em Design, Universidade Federal do Rio Grande do Sul},
	author = {Martins, D. S.},
	year = {2012},
}
@article{melo2018,
	title = {Núcleos de {Acessibilidade} nas {Universidades}: reflexões a partir de uma experiência institucional},
	volume = {22},
	url = {http://www.scielo.br/scielo.php?script=sci_arttext&pid=S1413-85572018000400057&lng=pt&tlng=pt},
	doi = {10.1590/2175-35392018046},
	number = {spe},
	urldate = {2021-08-30},
	journal = {Psicologia Escolar e Educacional},
	author = {Melo, Francisco Ricardo Lins Vieira de and Araújo, Eliana Rodrigues},
	year = {2018},
	pages = {57-66},
}
@article{nogueira2018,
	title = {Accessibility centers in brazilian federal institutions and contributions of occupational therapists for the inclusion of persons with disabilities in higher education},
	volume = {26},
	url = {http://www.scielo.br/scielo.php?script=sci_arttext&pid=S2526-89102018000400859&lng=pt&nrm=iso&tlng=pt},
	doi = {10.4322/2526-8910.ctoAO1743},
	number = {4},
	urldate = {2021-08-30},
	journal = {Cadernos Brasileiros de Terapia Ocupacional},
	author = {Nogueira, Lilian de Fatima Zanoni and Oliver, Fátima Corrêa},
	year = {2018},
	pages = {859-882},
}
@article{novelli2014,
	title = {Ferramentas para mediação de fontes de informação: avaliação sobre seus usos em bibliotecas universitárias nacionais e internacionais},
	volume = {19},
	url = {http://www.scielo.br/scielo.php?script=sci_arttext&pid=S1413-99362014000300003&lng=pt&tlng=pt},
	doi = {10.1590/1981-5344/1626},
	number = {3},
	urldate = {2021-08-30},
	journal = {Perspectivas em Ciência da Informação},
	author = {Novelli, Valéria Aparecida Moreira and Hoffmann, Wanda Aparecida Machado and Gracioso, Luciana de Souza},
	month = sep,
	year = {2014},
	pages = {30-51},
}
@article{oliva2016,
	title = {Barreiras e recursos à aprendizagem e à participação de alunos em situação de inclusão},
	volume = {27},
	url = {http://www.scielo.br/scielo.php?script=sci_arttext&pid=S0103-65642016000300492&lng=pt&tlng=pt},
	doi = {10.1590/0103-656420140099},
	number = {3},
	urldate = {2021-08-30},
	journal = {Psicologia USP},
	author = {Oliva, Diana Villac},
	month = dec,
	year = {2016},
	pages = {492-502},
}
@article{oliveira2013,
	title = {Jovens deficientes na universidade: experiências de acessibilidade?},
	volume = {18},
	url = {http://www.scielo.br/scielo.php?script=sci_arttext&pid=S1413-24782013000400009&lng=pt&tlng=pt},
	doi = {10.1590/S1413-24782013000400009},
	number = {55},
	urldate = {2021-08-30},
	journal = {Revista Brasileira de Educação},
	author = {Oliveira, Cristina Borges de},
	month = dec,
	year = {2013},
	pages = {961-984},
}
@article{oliveira2015,
	title = {Instrumentos para {Avaliação} {Psicológica} de {Pessoas} com {Deficiência} {Visual}: {Tecnologias} para {Desenvolvimento} e {Adaptação}},
	volume = {35},
	url = {http://www.scielo.br/scielo.php?script=sci_arttext&pid=S1414-98932015000300886&lng=pt&tlng=pt},
	doi = {10.1590/1982-3703001902013},
	number = {3},
	urldate = {2021-08-30},
	journal = {Psicologia: Ciência e Profissão},
	author = {Oliveira, Cassandra Melo and Nunes, Carlos Henrique Sancineto da Silva},
	month = sep,
	year = {2015},
	pages = {886-899},
}
@article{ortega2013,
	title = {Análisis y evaluación de sitios web universitarios españoles a partir del proceso de {Bolonia}},
	volume = {18},
	url = {http://www.scielo.br/scielo.php?script=sci_arttext&pid=S1413-99362013000400006&lng=es&tlng=es},
	doi = {10.1590/S1413-99362013000400006},
	number = {4},
	urldate = {2021-08-30},
	journal = {Perspectivas em Ciência da Informação},
	author = {Ortega, Sergio and Montero, Yusef Hassan},
	month = dec,
	year = {2013},
	pages = {70-92},
}
@article{pagliuca2015,
	title = {Repercussão de políticas públicas inclusivas segundo análise das pessoas com deficiência},
	volume = {19},
	number = {3},
	journal = {Escola Anna Nery},
	author = {Pagliuca, L. M. F. and Mariano, M. R.  and Oliveira, P. M. P.  and Oliveira, M. G. and França, I. S. X. and Almeida, P. C.},
	year = {2015},
	pages = {498-504},
}
@article{pereira2020,
	title = {Processos e metodologias não-tradicionais no {Ensino} {Superior} de {Engenharia} {Elétrica}: a percepção de coordenadores de curso em dois países lusófonos},
	volume = {12},
	number = {34},
	journal = {Meta: Avaliação},
	author = {Pereira, C. A. and Oliveira, P. M. and Reis, M. J. C. S.},
	year = {2020},
	pages = {211-246},
}
@article{petroni2018,
	title = {Introdução ao uso do {Tablet} para {Comunicação} {Alternativa} por uma {Jovem} com {Paralisia} {Cerebral}},
	volume = {24},
	url = {http://www.scielo.br/scielo.php?script=sci_arttext&pid=S1413-65382018000300327&lng=pt&tlng=pt},
	doi = {10.1590/s1413-65382418000300002},
	number = {3},
	urldate = {2021-08-30},
	journal = {Revista Brasileira de Educação Especial},
	author = {Petroni, Natalia Nascimento and Boueri, Iasmin Zanchi and Lourenço, Gerusa Ferreira},
	month = sep,
	year = {2018},
	pages = {327-342},
}
@article{pivetta2014,
	title = {Surdos e acessibilidade: análise de um ambiente virtual de ensino e aprendizagem},
	volume = {20},
	url = {http://www.scielo.br/scielo.php?script=sci_arttext&pid=S1413-65382014000100011&lng=pt&tlng=pt},
	doi = {10.1590/S1413-65382014000100011},
	number = {1},
	urldate = {2021-08-30},
	journal = {Revista Brasileira de Educação Especial},
	author = {Pivetta, Elisa Maria and Saito, Daniela Satomi and Ulbricht, Vânia Ribas},
	month = mar,
	year = {2014},
	pages = {147-162},
}
@article{porte2018,
	title = {Pesquisa em auditoria: principais temas},
	volume = {29},
	number = {76},
	journal = {Revista Contabilidade \& Finanças - USP},
	author = {Porte, M. and Saur-Amaral, I. and Pinho, C.},
	year = {2018},
	pages = {41-59},
}
@article{reinert1990,
	title = {Alceste une méthodologie d’analyse des données textuelles et une application: {Aurelia} {De} {Gerard} {De} {Nerval}},
	volume = {26},
	number = {1},
	journal = {Bulletin of Sociological Methodology/Bulletin de Méthodologie Sociologique},
	author = {Reinert, M.},
	year = {1990},
	pages = {24-54},
}
@article{santarosa2015,
	title = {Tecnologias móveis na inclusão escolar e digital de estudantes com transtornos de espectro autista},
	volume = {21},
	url = {http://www.scielo.br/scielo.php?script=sci_arttext&pid=S1413-65382015000400349&lng=pt&tlng=pt},
	doi = {10.1590/S1413-65382115000400003},
	number = {4},
	urldate = {2021-08-30},
	journal = {Revista Brasileira de Educação Especial},
	author = {Santarosa, Lucila Maria Costi and Conforto, Débora},
	month = dec,
	year = {2015},
	pages = {349-366},
}
@article{santarosa2012,
	title = {Eduquito: ferramentas de autoria e de colaboração acessíveis na perspectiva da web 2.0},
	volume = {18},
	url = {http://www.scielo.br/scielo.php?script=sci_arttext&pid=S1413-65382012000300007&lng=pt&tlng=pt},
	doi = {10.1590/S1413-65382012000300007},
	number = {3},
	urldate = {2021-08-30},
	journal = {Revista Brasileira de Educação Especial},
	author = {Santarosa, Lucila Maria Costi and Conforto, Débora and Basso, Lourenço de Oliveira},
	month = sep,
	year = {2012},
	pages = {449-468},
}
@book{sassaki2006,
	address = {Rio de Janeiro},
	edition = {7ª edição},
	title = {Inclusão: construindo uma sociedade para todos.},
	publisher = {WVA},
	author = {Sassaki, Romeu Kazumi},
	year = {2006},
}
@article{silva+ferreira2017,
	title = {Sombreando a {Pessoa} com {Deficiência}: {Aplicabilidade} da {Técnica} de {Sombreamento} na {Coleta} de {Dados} em {Pesquisa} {Qualitativa}},
	volume = {23},
	url = {http://www.scielo.br/scielo.php?script=sci_arttext&pid=S1413-65382017000200185&lng=pt&tlng=pt},
	doi = {10.1590/s1413-65382317000200003},
	number = {2},
	urldate = {2021-08-30},
	journal = {Revista Brasileira de Educação Especial},
	author = {Silva, Jackeline Susann Souza da and Ferreira, Windyz Brazão},
	month = jun,
	year = {2017},
	pages = {185-200},
}
@article{silva+gonzalezgil2017,
	title = {Acessibilidade, {Gênero} e {Educação} {Superior}: {Indicativos} {Procedentes} das {Investigações} {Científicas}},
	volume = {23},
	url = {http://www.scielo.br/scielo.php?script=sci_arttext&pid=S1413-65382017000400607&lng=pt&tlng=pt},
	doi = {10.1590/s1413-65382317000400010},
	number = {4},
	urldate = {2021-08-30},
	journal = {Revista Brasileira de Educação Especial},
	author = {Silva, Jackeline Susann Souza da and González-Gil, Francisca},
	month = dec,
	year = {2017},
	pages = {607-622},
}
@article{silva2015,
	title = {A acessibilidade nos sites do {Poder} {Executivo} estadual à luz dos direitos fundamentais das pessoas com deficiência},
	volume = {49},
	url = {http://www.scielo.br/scielo.php?script=sci_arttext&pid=S0034-76122015000200315&lng=pt&tlng=pt},
	doi = {10.1590/0034-7612130130},
	number = {2},
	urldate = {2021-08-30},
	journal = {Revista de Administração Pública},
	author = {Silva, Rosane Leal da and Rue, Letícia Almeida de la},
	month = apr,
	year = {2015},
	pages = {315-336},
}
@article{siqueira2010,
	title = {Propostas de acessibilidade para a inclusão de pessoas com deficiências no ensino superior},
	volume = {16},
	url = {http://www.scielo.br/scielo.php?script=sci_arttext&pid=S1413-65382010000100010&lng=pt&tlng=pt},
	doi = {10.1590/S1413-65382010000100010},
	number = {1},
	urldate = {2021-08-30},
	journal = {Revista Brasileira de Educação Especial},
	author = {Siqueira, Inajara Mills and Santana, Carla da Silva},
	month = apr,
	year = {2010},
	pages = {127-136},
}
@article{soares2016,
	title = {Produção do conhecimento sobre educação popular e audiologia na atenção primária},
	volume = {18},
	url = {http://www.scielo.br/scielo.php?script=sci_arttext&pid=S1516-18462016000300789&lng=pt&tlng=pt},
	doi = {10.1590/1982-0216201618320415},
	number = {3},
	urldate = {2021-08-30},
	journal = {Revista CEFAC},
	author = {Soares, Marcelo Luiz Medeiros},
	month = jun,
	year = {2016},
	pages = {789-800},
}
@article{souza2018,
	title = {Cegueira, {Acessibilidade} e {Inclusão}: {Apontamentos} de uma {Trajetória}},
	volume = {38},
	url = {http://www.scielo.br/scielo.php?script=sci_arttext&pid=S1414-98932018000300564&lng=pt&tlng=pt},
	doi = {10.1590/1982-3703000092018},
	number = {3},
	urldate = {2021-08-30},
	journal = {Psicologia: Ciência e Profissão},
	author = {Souza, Joana Belarmino de},
	month = sep,
	year = {2018},
	pages = {564-571},
}
@article{souza2019,
	title = {Limitações da {Avaliação} {Automatizada} de {Acessibilidade} em uma {Plataforma} de {MOOCS}: {Estudo} de {Caso} de uma {Plataforma} {Brasileira}},
	volume = {25},
	url = {http://www.scielo.br/scielo.php?script=sci_arttext&pid=S1413-65382019000400603&tlng=pt},
	doi = {10.1590/s1413-65382519000400005},
	number = {4},
	urldate = {2021-08-30},
	journal = {Revista Brasileira de Educação Especial},
	author = {Souza, Napoliana and Cardoso, Eduardo and Perry, Gabriela Trindade},
	month = dec,
	year = {2019},
	pages = {603-616},
}
@article{souza2016,
	title = {A inclusão de surdos no trânsito},
	volume = {18},
	url = {http://www.scielo.br/scielo.php?script=sci_arttext&pid=S1516-18462016000300677&lng=pt&tlng=pt},
	doi = {10.1590/1982-0216201618317615},
	number = {3},
	urldate = {2021-08-30},
	journal = {Revista CEFAC},
	author = {Souza, Vânia Mendes de and Mascarenhas, Vanessa Dourado and Antas, Leticia Ohanna Felipe dos Santos and Soares, Jaims Franklin Ribeiro and Andrade, Wagner Teobaldo Lopes de},
	month = jun,
	year = {2016},
	pages = {677-687},
}
@article{spolidorio2017,
	title = {{MAPEANDO} {A} {TRADUÇÃO} {AUDIOVISUAL} {ACESSÍVEL} {NO} {BRASIL}},
	volume = {56},
	url = {http://www.scielo.br/scielo.php?script=sci_arttext&pid=S0103-18132017000200002&lng=pt&tlng=pt},
	doi = {10.1590/010318138648885280741},
	number = {2},
	urldate = {2021-08-30},
	journal = {Trabalhos em Linguística Aplicada},
	author = {Spolidorio, Samira},
	month = aug,
	year = {2017},
	pages = {313-345},
}
@article{vianna2017,
	title = {Deficiência, acessibilidade e tecnologia assistiva em bibliotecas: aspectos bibliométricos relevantes},
	volume = {22},
	url = {http://www.scielo.br/scielo.php?script=sci_arttext&pid=S1413-99362017000200125&lng=pt&tlng=pt},
	doi = {10.1590/1981-5344/2951},
	number = {2},
	urldate = {2021-08-30},
	journal = {Perspectivas em Ciência da Informação},
	author = {Vianna, William Barbosa and Pinto, Adilson Luiz},
	month = jun,
	year = {2017},
	pages = {125-151},
}
@article{wataya2006,
	title = {O uso de leitores de tela no {TelEduc}},
	volume = {10},
	url = {http://www.scielo.br/scielo.php?script=sci_arttext&pid=S1414-32832006000100016&lng=pt&tlng=pt},
	doi = {10.1590/S1414-32832006000100016},
	number = {19},
	urldate = {2021-08-30},
	journal = {Interface - Comunicação, Saúde, Educação},
	author = {Wataya, Roberto Sussumu},
	month = jun,
	year = {2006},
	pages = {227-242},
}
@phdthesis{bersch2009,
	address = {Porto Alegre},
	type = {Dissertação de mestrado},
	title = { {Design} de um serviço de tecnologia assistiva em escolas públicas},
	school = {Escola de Engenharia, Programa de Pós-Graduação em Design, Universidade Federal do Rio Grande do Sul},
	author = {Bersch, R. C. R.},
	year = {2009},
}
@misc{brasil_lei_2009,
	chapter = {Promulga a Convenção Internacional sobre os Direitos das Pessoas com Deficiência e seu Protocolo Facultativo, assinados em Nova York, em 30 de março de 2007.},
	title = {Lei nº 6.949, de 25 de agosto de 2009},
	url = {http://www.planalto.gov.br/ccivil_03/_ato2007-2010/2009/decreto/d6949.htm},
	urldate = {2020-05-23},
	author = {{BRASIL}},
	year = {2009},
}
@inproceedings{galvaofilho2011,
	address = {Natal},
	title = {Tecnologia assistiva e paradigmas educacionais: percepção e prática dos professores},
	booktitle = {34ª {Reunião} anual da {Associação} {Nacional} de {Pós}-{Graduação} e {Pesquisa} em {Educação} ({ANPEd})},
	publisher = {ANPED},
	author = {Galvão Filho, T. and Miranda, T.},
	year = {2011},
}