@online{museudosememes2025,
    title         = {Dinossauro filósofo (Philosoraptor)},
    author        = {{Museu Dos Memes}},
    url           = {https://museudememes.com.br/collection/dinossauro-filosofo-philosoraptor},
    note          = {Acesso em: 1 fev. 2025},
}

@article{brugger2007,
    title         = {Proibição ou proteção do discurso do ódio?: algumas observações sobre o direito alemão e o americano},
    author        = {Brugger, Winfried},
    year          = {2007},
    month         = jan-mar,
    journal       = {Direito Público},
    address       = {Porto Alegre},
    volume        = {4},
    number        = {15},
    pages         = {117--136},
}

@book{greimas2008,
    title         = {Dicionário de Semiótica},
    author        = {Greimas, Algirdas Julien and Courtés, Joseph},
    year          = {2008},
    publisher     = {Contexto},
    address       = {São Paulo},
}

@book{fiorin2014,
    title         = {Figuras de retórica},
    author        = {Fiorin, José Luiz},
    year          = {2014},
    publisher     = {Contexto},
    address       = {São Paulo},
}

@book{greimas2014,
    title         = {Sobre o sentido II: ensaios semióticos},
    author        = {Greimas, Algirdas Julien},
    year          = {2014},
    publisher     = {EdUSP / Nankin},
    address       = {São Paulo},
}

@book{landowski2014,
    title         = {Interações arriscadas},
    author        = {Landowski, Eric},
    year          = {2014},
    publisher     = {Centro de Pesquisas Sociossemióticas / Estação das Letras e Cores},
    address       = {São Paulo},
    translator    = {Luiza Helena O. da Silva},
}

@online{gazetadopovo2015,
    title         = {Kim Kataguiri, criador do Movimento Brasil Livre, está entre os jovens mais influentes do mundo},
    author        = {{Gazeta Do Povo}},
    year          = {2015},
    url           = {http://www.gazetadopovo.com.br/vida-publica/kim-kataguiri-criador-do-movimento-brasil-livre-esta-entre-os-jovens-mais-influentes-do-mundo-7qx2o61t3wl0eqdjhi6zl5sc5},
    note          = {Acesso em: 31 out. 2024},
}

@article{torres2016,
    title         = {O fenômeno dos memes},
    author        = {Torres, Ton},
    year          = {2016},
    journal       = {Ciência e cultura},
    volume        = {68},
    number        = {3},
    pages         = {60--61},
}

@article{rezende2019,
    title         = {Teorias da conspiração: significados em contexto brasileiro},
    author        = {Rezende, Alessandro Teixeira and others},
    year          = {2019},
    journal       = {Estudos de Psicologia (Campinas)},
    volume        = {36},
    pages         = {e180010},
}

@incollection{aggio2021,
    title         = {Teorias Conspiratórias, verdade e democracia},
    author        = {Aggio, Camilo},
    year          = {2021},
    booktitle     = {Sociedade da Desinformação e Infodemia},
    publisher     = {Selo PPGCOM / Fafich / UFMG},
    address       = {Belo Horizonte},
    volume        = {1},
    pages         = {63--86},
    editor        = {Alzamora, Geane Car\-valho and Mendes, Conrado Moreira and Ribeiro, Daniel Melo},
    edition       = {1},
}

@book{alzamora2021,
    title         = {Sociedade da desinformação e infodemia},
    year          = {2021},
    publisher     = {Contexto / Selo PPGCOM / UFMG},
    address       = {Belo Horizonte},
    volume        = {1},
    editor        = {Alzamora, Geane Car\-valho and Mendes, Conrado Moreira and Ribeiro, Daniel Melo},
    edition       = {1},
}

@article{landowski2022,
    title         = {As metamorfoses da verdade, entre sentido e interação},
    author        = {Landowski, Eric},
    year          = {2022},
    month         = aug,
    journal       = {Estudos Semióticos},
    volume        = {18},
    number        = {2},
    pages         = {1--22},
    doi           = {10.11606/issn.1980-4016.esse.2022.198273},
}

@inproceedings{ribeiro2022,
    title         = {A relação entre crença e verdade no contexto da desinformação: uma leitura comparativa de Peirce e Greimas},
    author        = {Ribeiro, Daniel Melo and Mendes, Conrado Moreira and Alzamora, Geane Carvalho},
    year          = {2022},
    booktitle     = {Anais do 31º Encontro Anual da COMPÓS},
    address       = {Imperatriz},
    organization  = {Compós},
}

@online{bbc2024inundacoes,
    title         = {BBC News Brasil. Inundações no Rio Grande do Sul: a cronologia da tragédia},
    author        = {{Bbc}},
    year          = {2024},
    month         = may,
    publisher     = {Bbc},
    url           = {https://www.bbc.com/portuguese/articles/cd1qwpg3z77o},
    note          = {Acesso em: 31 out. 2024},
}

@online{endireitando2024youtube,
    title         = {Canal Endireitando Brasil},
    author        = {{Endireitando Brasil}},
    year          = {2024},
    publisher     = {YouTube},
    url           = {https://www.youtube.com/@EndireitandoBrasil},
    note          = {Acesso em: 27 fev. 2025},
}

@online{mbl2024whatsapp,
    title         = {Canal oficial do MBL no WhatsApp},
    author        = {{MBL – Movimento Brasil Livre}},
    year          = {2024},
    publisher     = {WhatsApp},
    url           = {https://www.whatsapp.com/channel/0029Va4OdRkL2ATwTl5HmE0a},
    note          = {Acesso em: 27 fev. 2025},
}

@online{agenciabrasil2024,
    title         = {Secom pede investigação de postagens com fake news sobre ações no RS},
    author        = {{Agência Brasil}},
    year          = {2024},
    url           = {https://agenciabrasil.ebc.com.br/politica/noticia/2024-05/rsecom-pede-investigacao-de-postagens-com-fake-news-sobre-ações-no-rs},
    note          = {Acesso em: 31 out. 2024},
}

@online{michaelis2024,
    title         = {Dicionário Michaelis da Língua Portuguesa},
    author        = {{Michaelis}},
    year          = {2024},
    url           = {https://michaelis.uol.com.br/moderno-portugues/},
    note          = {Acesso em: 31 out. 2024},
}

@online{telegram2024,
    title         = {Aplicativo de mensagens instantâneas},
    author        = {{Telegram}},
    year          = {2024},
    url           = {https://telegram.org/},
    note          = {Acesso em: 2 abr. 2024},
}

@online{emojipedia2025,
    title         = {Página inicial de significados de emoji},
    author        = {{Emojipedia}},
    year          = {2025},
    url           = {https://emojipedia.org/pt},
    note          = {Acesso em: 27 fev. 2025},
}

@inproceedings{mendes2025,
    title         = {Desinformação em perspectiva semiótico-interacional},
    author        = {Mendes, Conrado Moreira},
    year          = {2025},
    booktitle     = {Anais do 34º Encontro Anual da COMPÓS},
    address       = {Curitiba},
    organization  = {Universidade Federal do Paraná},
}
