@article{ahn2014,
	title = {Effects of perceived interactivity and web organization on user attitudes},
	volume = {14},
	url = {http://www.tandfonline.com/doi/abs/10.1080/16184742.2014.880496},
	doi = {10.1080/16184742.2014.880496},
	number = {2},
	urldate = {2021-05-07},
	journal = {European Sport Management Quarterly},
	author = {Ahn, Taesoo and Hong, Moonki and Pedersen, Paul M.},
	month = mar,
	year = {2014},
	pages = {111-128},
}
@online{aimc2019,
	title = {21º {Navegantes} en la red},
	url = {https://www.aimc.es/otros-estudios-trabajos/navegantes-la-red/},
	urldate = {2021-07-28},
	journal = {Asociación para la Investigación de Medios de Comunicación},
	author = {{AIMC}},
	year = {2019},
	note = {publisher: Asociación para la Investigación de Medios de Comunicación},
}
@online{alami2018,
	title = {The {Soccer} {Politics} of {Morocco}},
	url = {https://www.nybooks.com/daily/2018/12/20/the-soccer-politics-of-morocco/},
	urldate = {2021-05-07},
	journal = {The New York Review of Books},
	author = {Alami, Aida},
	year = {2018},
}
@book{barabasi2016,
	address = {Cambridge, United Kingdom},
	title = {Network science},
	publisher = {Cambridge University Press},
	author = {Barabási, Albert-László},
	year = {2016},
	keywords = {Computer networks, Information networks},
}
@article{camposdominguez2017,
	title = {Electoral campaign on the {Internet}: {Planning}, impact and viralization on {Twitter} during the {Spanish} general election, 2015},
	url = {http://www.comunicacionysociedad.cucsh.udg.mx/index.php/comsoc/article/view/6423},
	doi = {10.32870/cys.v0i29.6423},
	number = {29},
	urldate = {2021-05-07},
	journal = {Comunicación y Sociedad},
	author = {Campos-Domínguez, Eva and Calvo, Dafne},
	month = apr,
	year = {2017},
	pages = {93-116},
}
@book{cardoso2006,
	address = {Lisboa},
	title = {The media in the network society: browsing, news, filters and citizenship},
	publisher = {CIES, Centre for Research and Studies in Sociology},
	author = {Cardoso, Gustavo},
	year = {2006},
}
@book{castells2007,
	address = {Lisboa},
	title = {A sociedade em rede: {A} era da informação. {Economia}, sociedade e cultura},
	publisher = {Fundação Calouste Gulbenkian},
	author = {Castells, Manuel},
	year = {2007},
}
@book{castells2009,
	address = {Oxford},
	title = {Communication power},
	publisher = {Oxford University Press},
	author = {Castells, Manuel},
	year = {2009},
}
@book{cato2020,
	address = {Washington, DC},
	title = {The {Human} {Freedom} {Index} 2020},
	url = {http://www.deslibris.ca/ID/10105748},
	urldate = {2021-07-28},
	publisher = {Cato Institute/Fraser Institute},
	author = {{Cato Institute}},
	year = {2020},
}
@article{chadwick2014,
	title = {Connecting with the {Passion} of {Fans}},
	volume = {2014},
	url = {https://onlinelibrary.wiley.com/doi/10.1002/rwm3.20058},
	doi = {10.1002/rwm3.20058},
	number = {44},
	urldate = {2021-07-28},
	journal = {Research World},
	author = {Chadwick, Simon},
	month = jan,
	year = {2014},
	pages = {4-5},
}
@article{chehabi2002,
	title = {A political history of football in {Iran}},
	volume = {35},
	url = {http://www.tandfonline.com/doi/abs/10.1080/00210860208702025},
	doi = {10.1080/00210860208702025},
	number = {4},
	urldate = {2021-07-28},
	journal = {Iranian Studies},
	author = {Chehabi, H. E.},
	month = sep,
	year = {2002},
	pages = {371-402},
}
@article{clark1998,
	title = {Internet comes to {Morocco}},
	volume = {41},
	url = {https://dl.acm.org/doi/10.1145/269012.269016},
	doi = {10.1145/269012.269016},
	number = {2},
	urldate = {2021-07-28},
	journal = {Communications of the ACM},
	author = {Clark, Jan Guynes and Lai, Vincent S.},
	month = feb,
	year = {1998},
	pages = {21-23},
}
@article{claussen2007,
	title = {On {Stupidity} in {Football}},
	volume = {8},
	url = {http://www.tandfonline.com/doi/full/10.1080/14660970701441061},
	doi = {10.1080/14660970701441061},
	number = {4},
	urldate = {2021-05-13},
	journal = {Soccer \& Society},
	author = {Claussen, Detlev},
	month = oct,
	year = {2007},
	pages = {654-662},
}
@article{clavio2010,
	title = {Uses and {Gratifications} of a {Retired} {Female} {Athlete}’s {Twitter} {Followers}},
	volume = {3},
	url = {https://journals.humankinetics.com/view/journals/ijsc/3/4/article-p485.xml},
	doi = {10.1123/ijsc.3.4.485},
	number = {4},
	urldate = {2021-05-10},
	journal = {International Journal of Sport Communication},
	author = {Clavio, Galen and Kian, Ted M.},
	month = dec,
	year = {2010},
	pages = {485-500},
}
@book{constant2011,
	address = {Washington},
	title = {Broadband in {Morocco}: {Political} will meets socio-economic reality},
	publisher = {infoDev},
	author = {Constant, Samantha},
	year = {2011},
}
@book{di_fatima2019,
	address = {São Paulo},
	title = {Dias de {Tormenta}},
	publisher = {Geração Editorial},
	author = {Di Fátima, B.},
	year = {2019},
}
@article{domingos2006,
	title = {Futebol e colonialismo, dominação e apropriação: {Sobre} o caso moçambicano},
	volume = {41},
	number = {179},
	journal = {Análise Social},
	author = {Domingos, Nuno},
	year = {2006},
	pages = {397-416},
}
@book{dorsey2016,
	address = {Oxford},
	title = {The turbulent world of {Middle} {East} soccer},
	publisher = {Oxford University Press},
	author = {Dorsey, James M.},
	year = {2016},
}
@article{dousti2013,
	title = {Sport policy in {Iran}},
	volume = {5},
	url = {https://www.tandfonline.com/doi/full/10.1080/19406940.2013.766808},
	doi = {10.1080/19406940.2013.766808},
	number = {1},
	urldate = {2021-05-08},
	journal = {International Journal of Sport Policy and Politics},
	author = {Dousti, M. and Goodarzi, M. and Asadi, H. and Khabiri, M.},
	month = mar,
	year = {2013},
	pages = {151-158},
}
@misc{economist2021,
	title = {Democracy {Index} 2020: {In} sickness and in health?},
	url = {https://www.eiu.com/n/campaigns/democracy-index-2020/},
	urldate = {2021-05-03},
	journal = {Economist Intelligence Unit},
	author = {{ECONOMIST INTELLIGENCE UNIT}},
	year = {2021},
}
@article{el-caid2006,
	title = {La {Coupe} du {Monde} de football au secours du {Maroc}},
	volume = {3},
	url = {http://www.cairn.info/revue-confluences-mediterranee-2004-3-page-75.htm?ref=doi},
	doi = {10.3917/come.050.0075},
	number = {50},
	urldate = {2021-05-03},
	journal = {Confluences Méditerranée},
	author = {El-Caïd, Samir B.},
	year = {2006},
	pages = {75},
}
@online{fifa2021,
	title = {Men's {Ranking}},
	url = {https://www.fifa.com/fifa-world-ranking/origin1904-p.cxm.fifa.com/fifa-world-ranking/men},
	urldate = {2021-05-10},
	author = {{FIFA}},
	month = apr,
	year = {2021},
}
@article{fozooni2004,
	title = {Religion, politics and class: conflict and contestation in the development of football in {Iran}},
	volume = {5},
	url = {http://www.tandfonline.com/doi/full/10.1080/1466097042000279607},
	doi = {10.1080/1466097042000279607},
	number = {3},
	urldate = {2021-05-07},
	journal = {Soccer \& Society},
	author = {Fozooni, Babak},
	month = jan,
	year = {2004},
	pages = {356-370},
}
@article{frederick2016,
	title = {Prayers, punishment, and perception: an analysis of the response to the {Tony} {Stewart} – {Kevin} {Ward} {Jr}. incident on {Facebook}},
	volume = {19},
	url = {https://www.tandfonline.com/doi/full/10.1080/17430437.2015.1133598},
	doi = {10.1080/17430437.2015.1133598},
	number = {10},
	urldate = {2021-05-07},
	journal = {Sport in Society},
	author = {Frederick, Evan L. and Stocz, Mike and Pegoraro, Ann},
	month = nov,
	year = {2016},
	pages = {1460-1477},
}
@book{giddens1999,
	address = {Oeiras},
	title = {Modernidade e identidade pessoal},
	publisher = {Celta Editora},
	author = {Giddens, Anthony},
	year = {1999},
}
@book{giulianotti2015,
	address = {Cambridge},
	title = {Sport: {A} critical sociology},
	publisher = {Polity Press},
	author = {Giulianotti, Richard},
	year = {2015},
}
@article{gouveia2019,
	title = {Futebol e religião: {A} devoção dos adeptos portugueses},
	volume = {5},
	number = {1},
	journal = {Revista Observatorio del Deporte},
	author = {Gouveia, Célia and Tavares, Ana and David, Alexandra},
	year = {2019},
	pages = {37-59},
}
@incollection{gruneau2017,
	address = {Londres},
	title = {From {Durkheim} to {Marx}},
	booktitle = {Media events, mega-events and social theory},
	publisher = {Routledge},
	author = {Gruneau, Richard and Compton, James},
	editor = {Wenner, L. and Billings, A. C.},
	year = {2017},
}
@article{hambrick2012,
	title = {Six {Degrees} of {Information}: {Using} {Social} {Network} {Analysis} to {Explore} the {Spread} of {Information} {Within} {Sport} {Social} {Networks}},
	volume = {5},
	url = {https://journals.humankinetics.com/view/journals/ijsc/5/1/article-p16.xml},
	doi = {10.1123/ijsc.5.1.16},
	number = {1},
	urldate = {2021-05-10},
	journal = {International Journal of Sport Communication},
	author = {Hambrick, Marion E.},
	month = mar,
	year = {2012},
	pages = {16-34},
}
@article{haugh2016,
	title = {Tag {Me}, {Tweet} {Me} if {You} {Want} to {Reach} {Me}: {An} {Investigation} {Into} {How} {Sports} {Fans} {Use} {Social} {Media}},
	volume = {9},
	url = {https://journals.humankinetics.com/view/journals/ijsc/9/3/article-p278.xml},
	doi = {10.1123/ijsc.2016-0044},
	number = {3},
	urldate = {2021-05-07},
	journal = {International Journal of Sport Communication},
	author = {Haugh, Betsy R. and Watkins, Brandi},
	month = sep,
	year = {2016},
	pages = {278-293},
}
@book{hobsbawm2003,
	address = {São Paulo},
	title = {Era dos extremos: o breve século {XX}, 1914-1991},
	publisher = {Companhia das Letras},
	author = {Hobsbawm, Eric},
	year = {2003},
}
@incollection{hobsbawm2012,
	address = {Cambridge},
	title = {Introduction: {Inventing} traditions},
	booktitle = {The invention of tradition},
	publisher = {Cambridge University Press},
	author = {Hobsbawm, Eric},
	editor = {Hobsbawm, E. and Ranger, T.},
	year = {2012},
	pages = {1-14},
}
@online{internet2019b,
	title = {Internet users in the {European} {Union} ({EU}) – 2019},
	url = {https://www.internetworldstats.com/stats9.htm},
	urldate = {2021-05-06},
	year = {2019b},
	journal = {Internet World Stats},
	author = {{Internet World Stats}},
}
@online{internet2019a,
	title = {Internet users’ statistics for {Africa}: {Population} stats and {Facebook} subscribers},
	url = {https://www.internetworldstats.com/stats1.htm},
	urldate = {2021-05-06},
	year = {2019a},
	journal = {Internet World Stats},
	author = {{Internet World Stats}},
}
@online{internet2018,
	title = {Iran: {Internet} usage, broadband and telecommunications reports},
	url = {https://www.internetworldstats.com/middle.htm},
	urldate = {2021-05-06},
	author = {{Internet World Stats}},
	year = {2018},
}
@book{jarvie2006,
	address = {London},
	title = {Sport, culture and society: an introduction},
	publisher = {Routledge},
	author = {Jarvie, Grant},
	year = {2006},
}
@book{jenkins2012,
	address = {Cardiff},
	title = {It’s not just a game: {Community} work in the {UK} football industry and approaches to corporate social responsibility},
	publisher = {The Centre for Business Relationships, Accountability, Austainability and Society},
	author = {Jenkins, Heledd and James, Laura},
	year = {2012},
}
@book{kamrava2012,
	address = {Londres},
	title = {Politics and society in the developing world},
	publisher = {Routledge},
	author = {Kamrava, Mehran},
	year = {2012},
}
@incollection{lapa2019,
	address = {Lisboa},
	title = {Novos media e gerações. {Pensar} as veredas da literacia},
	booktitle = {Literacia dos novos media},
	publisher = {Mundos Sociais},
	author = {Lapa, Tiago and Di Fátima, Branco},
	editor = {Espanha, R. and Lapa, T.},
	year = {2019},
	pages = {125-141},
}
@article{leen2018,
	title = {Identifying {Lead} {Users} for {User}-{Centered} {Design} ({UCD}) in {Sports} {Product} {Development}},
	volume = {2},
	url = {http://www.mdpi.com/2504-3900/2/6/276},
	doi = {10.3390/proceedings2060276},
	number = {6},
	urldate = {2021-05-07},
	journal = {Proceedings of the 12th Conference of the International Sports Engineering Association},
	author = {Leen, Robert and Usma, Clara and Antlej, Kaja and Collins, Paul K.},
	month = feb,
	year = {2018},
	pages = {1-6},
}
@article{llopis_goig2016,
	title = {Un análisis referido a la sociedad española},
	doi = {http://dx.doi.org/10.12795/anduli},
	number = {6},
	journal = {Anduli},
	author = {Llopis Goig, Ramón},
	year = {2016},
	pages = {115-132},
}
@book{llopis-goig2015,
	address = {Londres},
	title = {Spanish {Football} and {Social} {Change}: {Sociological} {Investigations}.},
	publisher = {Palgrave Macmillan},
	author = {Llopis-Goig, Ram‍ón},
	year = {2015},
}
@incollection{macedo2011,
	address = {Coimbra},
	title = {Por mares nunca dantes navegados: {Contributos} para uma cartografia do ciberespaço lusófono},
	booktitle = {Anuário {Internacional} de {Comunicação} {Lusófona} 2010: {Lusofonia} e sociedade em rede},
	publisher = {Grácio Editor},
	author = {Macedo, Lurdes and Martins, Moisés de Lemos and Macedo, Isabel Moreira},
	editor = {Martins, M. L. and Cabecinhas, R. and Macedo, L.},
	year = {2011},
	pages = {11-39},
}
@article{magalhaes2008,
	title = {Redes sociais e participação eleitoral em {Portugal}},
	volume = {43},
	url = {https://www.jstor.org/stable/41012649},
	number = {188},
	urldate = {2021-07-28},
	journal = {Análise Social},
	author = {Magalhães, Pedro},
	year = {2008},
	pages = {473-504},
}
@article{maguire1993,
	title = {Globalisation, {Sport} {And} {National} {Identities}: “{The} {Empires} {Strike} {Back}”?},
	volume = {16},
	url = {http://www.tandfonline.com/doi/abs/10.1080/07053436.1993.10715455},
	doi = {10.1080/07053436.1993.10715455},
	number = {2},
	urldate = {2021-05-08},
	journal = {Society and Leisure},
	author = {Maguire, Joseph},
	month = jan,
	year = {1993},
	pages = {293-321},
}
@book{marivoet2006,
	address = {Lisboa},
	title = {Euro 2004: {Um} evento global em {Portugal}},
	publisher = {Livro Horizonte},
	author = {Marivoet, Salomé},
	year = {2006},
}
@book{miller2001,
	address = {Londres},
	title = {Globalization and sport: playing the world},
	publisher = {Sage},
	author = {Miller, Toby and Lawrence, Geoffrey and McKay, Jim},
	year = {2001},
}
@book{newman2017,
	address = {London},
	title = {Social media in sport marketing},
	publisher = {Routledge},
	author = {Newman, Timothy and Peck, Jason and Wilhide, Brendan},
	year = {2017},
}
@article{novak2015,
	title = {Sentiment of {Emojis}},
	volume = {10},
	url = {https://dx.plos.org/10.1371/journal.pone.0144296},
	doi = {10.1371/journal.pone.0144296},
	number = {12},
	urldate = {2021-05-05},
	journal = {PLOS ONE},
	author = {Novak, Petra K. and Smailović, Jasmina and Sluban, Borut and Mozetič, Igor},
	editor = {Perc, Matjaz},
	month = dec,
	year = {2015},
	pages = {e0144296},
}
@online{palma2021,
	title = {André {Ventura}: a criação da celebridade mediática – {MediaLab} {Iscte}},
	url = {https://medialab.iscte-iul.pt/andre-ventura-a-criacao-da-celebridade-mediatica/},
	urldate = {2021-05-13},
	journal = {MediaLab-ISCTE},
	author = {Palma, Nuno and Couraceiro, Paulo and Narciso, Inês and Moreno, José and Cardoso, Gustavo},
	year = {2021},
}
@book{pinheiro2002,
	address = {Porto},
	title = {A paixão do povo: {História} do futebol em {Portugal}},
	publisher = {Afrontamento},
	author = {Pinheiro, Francisco and Coelho , João N.},
	year = {2002},
}
@article{poblet2018,
	title = {Distributed, privacy-enhancing technologies in the 2017 {Catalan} referendum on independence: {New} tactics and models of participatory democracy},
	volume = {23},
	url = {https://www.firstmonday.org/ojs/index.php/fm/article/view/9402},
	doi = {10.5210/fm.v23i12.9402},
	number = {12},
	urldate = {2021-05-05},
	journal = {First Monday},
	author = {Poblet, Marta},
	month = dec,
	year = {2018},
}
@book{quiroga2013,
	address = {Londres},
	title = {Football and national identities in {Spain}: the strange death of {Don} {Quixote}},
	publisher = {Palgrave Macmillan},
	author = {Quiroga, Alejandro},
	year = {2013},
}
@article{raaij1997,
	title = {Globalisation of marketing communication?},
	volume = {18},
	url = {https://linkinghub.elsevier.com/retrieve/pii/S016748709700007X},
	doi = {10.1016/S0167-4870(97)00007-X},
	number = {2-3},
	urldate = {2021-05-05},
	journal = {Journal of Economic Psychology},
	author = {Raaij, W. Fred Van},
	month = apr,
	year = {1997},
	pages = {259-270},
}
@article{rahimi2011,
	title = {Facebook {Iran} {The} {Carnivalesque} {Politics} of {Online} {Social} {Networking}},
	url = {https://doi.org/10.2383/36424},
	doi = {10.2383/36424},
	number = {3},
	urldate = {2021-05-05},
	journal = {Sociologica},
	author = {Rahimi, Babak},
	year = {2011},
	pages = {1--17},
}
@online{reporteres2019,
	title = {World {Press} {Freedom} {Index}: {Data} of press freedom ranking 2019},
	url = {https://rsf.org/en/ranking_table},
	urldate = {2021-05-05},
	journal = {RSF},
	author = {{Repórteres Sem Fronteiras}},
	year = {2019},
}
@misc{rieder2019,
	title = {Facebook’s app review and how independent research just got a lot harder},
	url = {http://thepoliticsofsystems.net/2018/08/facebooks-app-review-and-how-independent-research-just-got-a-lot-harder/},
	urldate = {2021-05-10},
	journal = {The Politics of Systems},
	author = {Rieder, Bernhard},
	year = {2019},
}
@inproceedings{rieder2013,
	address = {Paris, France},
	title = {Studying {Facebook} via data extraction: the {Netvizz} application},
	volume = {1},
	url = {http://dl.acm.org/citation.cfm?doid=2464464.2464475},
	doi = {10.1145/2464464.2464475},
	urldate = {2021-05-05},
	booktitle = {Proceedings of the 5th {Annual} {ACM} {Web} {Science} {Conference} on - {WebSci} '13},
	publisher = {ACM Press},
	author = {Rieder, Bernhard},
	year = {2013},
	pages = {346-355},
}
@book{roche2000,
	address = {Londres},
	title = {Mega-events and modernity: olympics and expos in the growth of global culture},
	publisher = {Routledge},
	author = {Roche, Maurice},
	year = {2000},
}
@article{rowe2003,
	title = {Sport and the {Repudiation} of the {Global}},
	volume = {38},
	url = {http://journals.sagepub.com/doi/10.1177/10126902030383002},
	doi = {10.1177/10126902030383002},
	number = {3},
	urldate = {2021-05-05},
	journal = {International Review for the Sociology of Sport},
	author = {Rowe, David},
	month = sep,
	year = {2003},
	pages = {281--294},
}
@incollection{rowe1998,
	address = {Londres},
	title = {Come together: {Sport}, nationalism and the media},
	booktitle = {Mediasport},
	publisher = {Routledge},
	author = {Rowe, David and Mckay, Jim and Miller, Toby},
	editor = {Wenner, L. A.},
	year = {1998},
	pages = {119-133},
}
@article{shoraka2002,
	title = {The {Internet} in {Iran}},
	volume = {21},
	url = {http://ieeexplore.ieee.org/document/993598/},
	doi = {10.1109/44.993598},
	number = {1},
	urldate = {2021-05-05},
	journal = {IEEE Technology and Society Magazine},
	author = {Shoraka, Majid and Omidi, Mohammad R.},
	year = {2002},
	pages = {28-32},
}
@book{souza2017,
	address = {Rio de Janeiro},
	title = {Mundo virtual: {Portas} abertas às redes sociais},
	publisher = {Clube de Autores},
	author = {Souza, Raphael and Morais, Leonardo},
	year = {2017},
}
@book{sreberny2010,
	address = {Londres},
	series = {International library of {Iranian} studies},
	title = {Blogistan: the internet and politics in {Iran}},
	volume = {18},
	publisher = {I. B. Tauris},
	author = {Sreberny, Annabelle and Khiabany, Gholam},
	year = {2010}
}
@article{tunon2012,
	title = {Sports and {Politics} in {Spain} – {Football} and {Nationalist} {Attitudes} within the {Basque} {Country} and {Catalonia}},
	volume = {9},
	url = {http://www.tandfonline.com/doi/full/10.1080/16138171.2012.11687887},
	doi = {10.1080/16138171.2012.11687887},
	number = {1-2},
	urldate = {2021-05-03},
	journal = {European Journal for Sport and Society},
	author = {Tuñón, Jorge and Brey, Elisa},
	month = jan,
	year = {2012},
	pages = {7-32},
}
@inproceedings{vadivu2015,
	title = {Digital brand management - {A} study on the factors affecting customers' engagement in {Facebook} pages},
	booktitle = {Proceedings of the {International} {Conference} on {Smart} {Technologies} and {Management} for {Computing}, {Communication}, {Controls}, {Energy} and {Materials}},
	author = {Vadivu, Mangala and Neelamalar, Maraimalai},
	year = {2015},
	pages = {71--75},
}
@book{wenner1989,
	address = {Newbury Park, Calif},
	title = {Media, sports, \& society},
	publisher = {Sage Publications},
	editor = {Wenner, Lawrence A.},
	year = {1989},
}
@article{williams2012,
	title = {Social media posters and lurkers: {The} impact on team identification and game attendance in minor league baseball},
	volume = {13},
	url = {http://link.springer.com/10.1057/dddmp.2011.44},
	doi = {10.1057/dddmp.2011.44},
	number = {4},
	urldate = {2021-05-04},
	journal = {Journal of Direct, Data and Digital Marketing Practice},
	author = {Williams, Jo and Heiser, Robert and Chinn, Susan J},
	month = apr,
	year = {2012},
	pages = {295-310},
}
@article{zaid2016,
	title = {Internet and democracy in {Morocco}: {A} force for change and an instrument for repression},
	volume = {12},
	url = {http://journals.sagepub.com/doi/10.1177/1742766515626826},
	doi = {10.1177/1742766515626826},
	number = {1},
	urldate = {2021-05-08},
	journal = {Global Media and Communication},
	author = {Zaid, Bouziane},
	month = apr,
	year = {2016},
	pages = {49-66},
}
@article{wagg2006,
	title = {Anjos de todos nós? {Os} treinadores de futebol, a globalização e as políticas de celebridade},
	volume = {41},
	number = {179},
	journal = {Análise Social},
	author = {Wagg, Stephen and Cabral, Rui},
	year = {2006},
	pages = {347-369},
}
