@book{forgoson1959,
    title         = {Diglossia},
    author        = {Fergoson, Charles},
    year          = {1959},
    publisher     = {Word},
}

@book{shevelyov,
    title         = {The Ukrainian language in the first half of the twentieth century (1900â€“1941)},
    author        = {Shevelyov, Yuri},
    year          = {1987},
    publisher     = {Modernity},
    address       = {New York},
}

@book{burda2001,
    title         = {Linguistic behavior of the individual in the conditions of Ukrainian-Russian bilingualism (youth environment of Kyiv)},
    author        = {Burda, Tatyana},
    year          = {2001},
    publisher     = {Kyiv: Kyiv National University named after Taras Shevchenko},
}

@book{dzyuba2005,
    title         = {Internationalism or Russification},
    author        = {Dzyuba, Ivan},
    year          = {2005},
    publisher     = {Kyiv: Kyiv-Mohylyan. Acad.},
}

@book{kochergan2010,
    title         = {General Linguistics},
    author        = {Kochergan, Mykhailo},
    year          = {2010},
    publisher     = {Kyiv: Publishing Center "Akademiya"},
}

@article{sokolova2012,
    title         = {The language situation of Kyiv: an outside view},
    author        = {Solokova, Svitlana},
    year          = {2012},
    journal       = {Ukrainian language},
    volume        = {4},
    pages         = {3--17},
}

@article{zhovnirenko2013,
    title         = {Definition of the term language situation in linguistic encyclopedic literature. Dnipropetrovsk},
    author        = {Zhovnirenko, Yaroslav},
    year          = {2013},
    journal       = {Bulletin of Dnipropetrovsk University. Series: Linguistics},
    pages         = {52--57},
}

@article{matveieva2018language,
    title         = {Language situation in the capital in the second half of the nineteenth century},
    author        = {Matveieva, Natalya},
    year          = {2018},
    journal       = {Linguistic Bulletin},
    volume        = {24},
    pages         = {106--113},
}

@book{danylevska2019ukrainian,
    title         = {Ukrainian language in the Ukrainian school at the beginning of the 21st century: sociolinguistic essays},
    author        = {Danylevska, Oksana},
    year          = {2019},
    publisher     = {Kyiv: Kyiv-Mohyla Academy Publishing House},
}

@article{matveieva2020,
    title         = {Modern communicative space of the Ukrainian capital},
    author        = {Matveieva, Natalya},
    year          = {2020},
    journal       = {Ukrainian Language},
    volume        = {1},
    pages         = {141--152},
}

@book{kulyk2021,
    title         = {Language policy in multilingual countries. Foreign experience and its suitability for Ukraine},
    author        = {Kulyk, Volodymyr},
    year          = {2021},
    publisher     = {Kyiv: Spirit and letter},
}
