@book{bakhtin1981,
  author = {{Mikhail [=Valentin Volóchinov]} Bakhtin},
  title = {Marxismo e filosofia da linguagem},
  publisher = {Hucitec},
  address = {São Paulo},
  year = {1981}
}

@book{barkuizen2014,
  author = {Gary Barkhuizen and Phil Benson and Alice Chik},
  title = {Narrative inquiry in language teaching and learning research},
  publisher = {Routledge},
  address = {New York},
  year = {2014}
}

@book{clandinin2000,
  author = {D. Jean Clandinin and F. Michael Connelly},
  title = {Narrative inquiry: experience and story in qualitative research},
  publisher = {Jossey-Bass},
  address = {San Francisco},
  year = {2000}
}

@book{clandinin2011,
  author = {D. Jean Clandinin and F. Michael Connelly},
  translator = {Grupo de Pesquisa Narrativa e Educação de Professores ILEEI/UFU},
  title = {Pesquisa narrativa: experiência e história em pesquisa qualitativa},
  publisher = {EDUFU},
  address = {Uberlândia},
  year = {2011}
}

@article{gomes2016, 
  title = {Os aprendizes são viajantes: identidades metaforizadas de estudantes de inglês de Hong Kong e Belo Horizonte}, 
  volume = {20}, 
  url = {http://periodicos.pucminas.br/index.php/scripta/article/view/P.2358-3428.2016v20n40p193}, 
  DOI = {10.5752/P.2358-3428.2016v20n40p193}, 
  number = {40}, 
  journal = {Scripta}, 
  author = {Ronaldo Corrêa {Gomes Junior}}, 
  year = {2016}, 
  month = {dez.}, 
  pages = {193-211} 
}

@book{jordao2016,
  author = {Matheus Hoffmann Jordão},
  title = {A mudança de comportamento das gerações X, Y, Z e alfa e suas implicações},
  publisher = {USP},
  address = {São Carlos},
  year = {2016},
  url = {www.gradadm.ifsc.usp.br/dados/20162/SLC0631-1/geracoes%20xyz.pdf}
}

@article{kennedy2003,
  URL = {http://www.jstor.org/stable/23540390},
  author = {Helen Kennedy},
  journal = {Biography},
  number = {1},
  pages = {120--139},
  publisher = {University of Hawai'i Press},
  title = {Technobiography: researching lives, online and off},
  volume = {26},
  year = {2003}
}

@book{kleiman1995,
  editor = {Angela Kleiman},
  editortype = {organizer},
  title = {Os significados do letramento: uma nova perspectiva sobre a prática social da escrita},
  publisher = {Mercado de Letras},
  address = {Campinas},
  year = {1995}
}

@book{lakoff1980,
  author = {George Lakoff and Mark Johnson},
  title = {Metaphors We Live By},
  publisher = {University of Chicago Press},
  address = {Chicago},
  year = {1980}
}

@incollection{menezes2008,
  title = {Multimedia Language Learning Histories},
  author = {Vera Menezes},
  booktitle = {Narratives of Learning and Teaching EFL},
  editor = {Paula Kalaja and Vera Menezes and Ana Maria F. Barcelos},
  editortype = {organizer},
  address = {Basing-stoke, UK},
  publisher = {Palgrave Macmillan},
  year = {2008},
  pages = {199-215}
}

@book{moita2002,
  author = {Luiz Paulo da {Moita Lopes}},
  title = {Identidades fragmentadas: a construção discursiva de raça, gênero e sexualidade na escola},
  publisher = {Mercado de Letras},
  address = {Campinas},
  year = {2002}
}

@book{riessman1993,
  author = {Catherine Kohler Riessman},
  title = {Narrative analysis},
  publisher = {Sage},
  address = {California},
  year = {1993}
}

@book{soares1998,
  author = {Magda Soares},
  title = {Letramento: um tema em três gêneros},
  publisher = {Autêntica},
  address = {Belo Horizonte},
  year = {1998}
}

@article{street2003,
  author = {Brian Street},
  title = {The Limits of the Local – “Autonomous” or “Disembedding”?},
  journal = {International Journal of Learning},
  url = {https://doi.org/10.18848/1447-9494/CGP/v10/58409},
  volume = {10},
  number = {1},
  year = {2003},
  pages = {2825-2830},
  doi = {10.18848/1447-9494/CGP/v10/58409}
}

@incollection{street2012,
  title = {Eventos de letramento e práticas de letramento: teoria e prática nos Novos Estudos do Letramento},
  author = {Brian Street},
  booktitle = {Discursos e práticas de letramento},
  editor = {Izabel Magalhães},
  editortype = {organizer},
  address = {Campinas},
  publisher = {Mercado de Letras},
  year = {2012},
  pages = {69-92}
}