@incollection{malinowski1923,
    title         = {The Problem of Meaning in Primitive Languages},
    author        = {Malinowski, Bronis\l{}aw},
    year          = {1923},
    booktitle     = {The Meaning of Meaning: A Study of the Influence of Language upon Thought and of the Science of Symbolism},
    publisher     = {Harcourt, Brace \& Company},
    address       = {New York},
    pages         = {451--510},
    editor        = {Ogden, Charles K. and Postgate, John P. and Richards, Ivor A.},
}

@book{ogden1946,
    title         = {The Meaning of Meaning},
    author        = {Ogden, Charles Kay and Richards, Ivor Armstrong and Malinowski, Bronis\l{}aw},
    year          = {1946},
    publisher     = {Harcourt, Brace \& World},
    address       = {New York},
}

@article{simmel1949,
    title         = {The Sociology of Sociability},
    author        = {Simmel, Georg and Hughes, Everett C.},
    year          = {1949},
    journal       = {American Journal of Sociology},
    publisher     = {University of Chicago Press},
    volume        = {55},
    number        = {3},
    pages         = {254--261},
    issn          = {00029602, 15375390},
}

@incollection{jakobson1960,
    title         = {Linguistics and Poetics},
    author        = {Jakobson, Roman},
    year          = {1960},
    booktitle     = {Style in Language},
    publisher     = {MIT Press},
    address       = {MA},
    pages         = {350--377},
    editor        = {Jakobson, Roman},
}

@incollection{goffman1967,
    title         = {On Face-Work: An Analysis of Ritual Elements in Social Interaction},
    author        = {Goffman, Ervin},
    year          = {1967[1955]},
    booktitle     = {Interaction Ritual: Essays on Face-to-Face Behavior},
    publisher     = {Pantheon Books},
    address       = {New York},
    pages         = {5--45},
    editor        = {Goffman, Ervin},
}

@book{austin1975,
    title         = {How to Do Things with Words},
    author        = {Austin, John Langshaw},
    year          = {1975},
    publisher     = {Oxford University Press},
    address       = {Oxford},
    doi           = {10.1093/acprof:oso/9780198245537.001.0001},
    isbn          = {9780198245537},
}

@incollection{laver1975,
    title         = {Communicative Functions of Phatic Communion},
    author        = {Laver, John},
    year          = {1975},
    booktitle     = {Organization of Behavior in Face-to-Face Interaction},
    publisher     = {Mouton \& Co.},
    address       = {The Hague},
    pages         = {215--238},
    doi           = {10.1515/9783110907643.215},
    editor        = {Adam Kendon and Richard M. Harris and Mary R. Key},
}

@article{nunez1983,
    title         = {Para un Tratamiento Aut\'{o}nomo de la Noci\'{o}n y las Funciones del Medio de Comunicaci\'{o}n de Masas},
    author        = {N\'{u}\~{n}ez, Luis},
    year          = {1983},
    journal       = {Reis},
    volume        = {83},
    pages         = {101--118},
}

@book{brown1987,
    title         = {Politeness: Some Universals in Language Usage},
    author        = {Brown, Penelope and Levinson, Stephen},
    year          = {1987},
    publisher     = {Cambridge University Press},
    address       = {Cambridge},
}

@incollection{house1989,
    title         = {Politeness in English and German: The Functions of Please and Bitte},
    author        = {House, Juliane},
    year          = {1989},
    booktitle     = {Cross-Cultural Pragmatics: Requests and Apologies},
    publisher     = {N.J. Press},
    address       = {Norwood},
    pages         = {96--119},
    editor        = {Shoshana Blum-Kulka and Juliane House and Gabriel Kasper},
}

@book{kerbrat1992,
    title         = {Les Interactions Verbales},
    author        = {Kerbrat-Orecchioni, Catherine},
    year          = {1992},
    volume        = {3},
    number        = {2},
}

@article{knorr1997,
    title         = {Sociality with Objects},
    author        = {Knorr-Cetina, Karin},
    year          = {1997},
    journal       = {Theory, Culture \& Society},
    volume        = {14},
    number        = {4},
    pages         = {1--30},
}

@article{culpeper2003,
    title         = {Impoliteness Revisited: The Special Reference to Dynamic and Prosodic Aspects},
    author        = {Culpeper, Jonathan and Bousfield, D. and Wichmann, A.},
    year          = {2003},
    journal       = {Journal of Pragmatics},
    volume        = {35},
    number        = {10},
    pages         = {1545--1555},
    doi           = {10.1016/S0378-2166(02)00118-2},
    issn          = {0378-2166},
}

@incollection{meltzer2003,
    title         = {Phatic communion: Bringing unfocused interaction into focus},
    author        = {Meltzer, Bernard and Musolf, Gil Richard},
    year          = {2003},
    booktitle     = {Structure \& agence in everyday life},
    publisher     = {Rowman \& Littlefield},
    pages         = {141--154},
    editor        = {Musolf, Gil Richard},
}

@article{locher2005,
    title         = {Politeness Theory and Relational Work},
    author        = {Locher, Miriam and Watts, Richard},
    year          = {2005},
    journal       = {Journal of Politeness Research},
    volume        = {1},
    number        = {1},
    pages         = {9--33},
    doi           = {10.1515/jplr.2005.1.1.9},
}

@article{locher2006,
    title         = {Polite Behavior within Relational Work: The Discursive Approach to Politeness},
    author        = {Locher, Miriam},
    year          = {2006},
    journal       = {Multilingua},
    volume        = {25},
    number        = {3},
    pages         = {249--267},
    doi           = {10.1515/MULTI.2006.015},
}

@article{spencer2007,
    title         = {Theories of Identity and the Analysis of Face},
    author        = {Spencer-Oatey, Helen},
    year          = {2007},
    journal       = {Journal of Pragmatics},
    volume        = {39},
    number        = {4},
    pages         = {639--656},
    doi           = {10.1016/j.pragma.2006.12.004},
    issn          = {0378-2166},
}

@article{miller2008,
    title         = {New Media, Networking and Phatic Culture},
    author        = {Miller, Vincent},
    year          = {2008},
    journal       = {Convergence},
    volume        = {14},
    number        = {4},
    pages         = {387--400},
    doi           = {10.1177/1354856508094659},
}

@article{mccarthy2009,
    title         = {Utilising Facebook: immersing Generation-Y students into first year university},
    author        = {McCarthy, Joshua},
    year          = {2009},
    journal       = {The Journal of the Education Research Group of Adelaide},
    volume        = {1},
    number        = {2},
    pages         = {39--50},
    issn          = {1835-6850},
}

@article{coupland2010other,
    title         = {Other representation},
    author        = {Coupland, Nikolas},
    year          = {2010},
    journal       = {Society and language use},
    publisher     = {John Benjamins Amsterdam},
    volume        = {7},
    pages         = {241--260},
}

@article{haugh2013,
    title         = {Im/Politeness, Social Practice and the Participation Order},
    author        = {Haugh, Michael},
    year          = {2013},
    journal       = {Journal of Pragmatics},
    volume        = {58},
    pages         = {52--72},
    doi           = {10.1016/j.pragma.2013.07.003},
    issn          = {0378-2166},
}

@book{leech2014,
    title         = {The Pragmatics of Politeness},
    author        = {Leech, Geoffrey},
    year          = {2014},
    publisher     = {Oxford University Press},
    doi           = {10.1093/acprof:oso/9780195341386.001.0001},
    isbn          = {9780195341386},
}

@article{hazaparu2015,
    title         = {Phatic Uses of Language in Print Media Discourse: Designing a New Model for Reader Engagement},
    author        = {Hazaparu, Marius-Adrian},
    year          = {2015},
    journal       = {Journal of Humanistic and Social Studies},
    publisher     = {Editura Universit\u{a}È›ii Aurel Vlaicu},
    volume        = {6},
    number        = {1},
    pages         = {77--9},
}

@article{mogos2015,
    title         = {YouTube Video Genres: Amateur How-To Videos versus Professional Tutorials},
    author        = {Mogos, Andrea and Constantin, Trofin},
    year          = {2015},
    journal       = {Acta Universitatis Danubius. Communicatio},
    volume        = {1},
    pages         = {9--22},
}

@article{culpeper2016,
    title         = {Impoliteness Strategies},
    author        = {Culpeper, Jonathan},
    year          = {2016},
    journal       = {Interdisciplinary Studies in Pragmatics, Culture and Society},
    volume        = {27},
    pages         = {421--445},
}

@article{zuckerman2016,
    title         = {Phatic Violence? Gambling and the Arts of Distraction in Laos},
    author        = {Zuckerman, Charles},
    year          = {2016},
    journal       = {Journal of Linguistic Anthropology},
    volume        = {26},
    number        = {3},
    pages         = {294--314},
}

@article{grainger2018,
    title         = {We're Not in a Club Now: A Neo-Brown and Levinson Approach to Analyzing Courtroom Data},
    author        = {Grainger, Karen},
    year          = {2018},
    journal       = {Journal of Politeness Research},
    volume        = {14},
    number        = {1},
    pages         = {19--38},
    doi           = {doi:10.1515/pr-2017-0039},
}

@article{oliveira2018,
    title         = {Emojis como Estrat\'{e}gias de Reparo em Pedidos de Desculpas: Um Estudo sobre Conversas em Ambiente Digital},
    author        = {Oliveira, Ana Larissa and Cunha, Gustavo Ximenes and Avelar, Fernanda Teixeira},
    year          = {2018},
    journal       = {Trabalhos em Lingu\'{\i}stica Aplicada},
    volume        = {57},
    number        = {3},
    pages         = {1615--1635},
}

@article{tarquini2019,
    title         = {Video Tutorials: An Expanding Audiovisual Genre},
    author        = {Tarquini, Gianna and McDorman, Richard},
    year          = {2019},
    journal       = {The Journal of Specialised Translation},
    volume        = {32},
    pages         = {146--170},
}

@article{yus2019,
    title         = {An Outline of Some Future Research Issues for Internet Pragmatics},
    author        = {Yus, Francisco},
    year          = {2019},
    journal       = {Internet Pragmatics},
    volume        = {2},
    number        = {1},
    pages         = {1--33},
}

@article{Cunha2019,
    title         = {O uso agressivo da linguagem em uma audi\^{e}ncia: uma abordagem discursiva e interacionista para o estudo da im/polidez},
    author        = {Cunha, Gustavo Ximenes and Tomazi, Micheline Mattedi},
    year          = {2019},
    journal       = {Calidosc\'{o}pio},
    volume        = {17},
    number        = {2},
    pages         = {297â€“-319},
    adress        = {S\~{a}o Leopoldo},
}

@article{cunha2020teorias,
    title         = {Teorias de im/polidez lingu\'{\i}stica: revisitando o estado da arte para uma contribui\c{c}\~{a}o te\'{o}rica sobre o tema},
    author        = {Cunha, Gustavo Ximenes and Oliveira, Ana Larissa},
    year          = {2020},
    journal       = {Estudos da L\'{\i}ngua (gem)},
    volume        = {18},
    number        = {2},
    pages         = {135--162},
    doi           = {10.22481/el.v18i2.6409},
}

@article{carneiro2020,
    title         = {A Pragmatic View of Hashtags: The Case of Impoliteness and Offensive Verbal Behavior in Brazilian Twitter},
    author        = {Oliveira, Ana Larissa and Carneiro, Marisa},
    year          = {2020},
    journal       = {Acta Scientiarum. Language and Culture},
    volume        = {42},
    number        = {1},
    pages         = {1--13},
}

@book{xie2021,
    title         = {Approaches to Internet Pragmatics: Theory and Practice},
    author        = {Xie, Chaoquin and Yus, Francisco},
    year          = {2021},
    publisher     = {John Benjamins Publishing Company},
    volume        = {318},
}

@article{labinza2021,
    title         = {The problem of knowledge dissemination in social network discussions},
    author        = {Labinaz, Paolo and Sbis\`{a}, Marina},
    year          = {2021},
    journal       = {Journal of Pragmatics},
    volume        = {175},
    pages         = {67--80},
    doi           = {10.1016/j.pragma.2021.01.009},
    issn          = {0378-2166},
}
