@misc{de_frascati_manual_2015,
	title = {Manual de {Frascati} 2015: {Guía} para la recopilación y presentación de información sobre la investigación y el desarrollo experimental {\textbar} es {\textbar} {OCDE} {\textbar} {OECD}},
	url = {https://www.oecd.org/publications/manual-de-frascati-2015-9789264310681-es.htm},
	urldate = {2022-05-02},
	author = {De Frascati, Manual},
	year = {2015},
	note = {publisher: España: Fecyt},
}

@phdthesis{abarca_rendimiento_2020,
	address = {Zaguan},
	type = {Tesis ({Maestría} en educación primaria)},
	title = {Rendimiento escolar en una intervención educativa gamificada con {Exergames}},
	school = {Universidad de Zaragoza},
	author = {Abarca, J. and Quintas, A.},
	year = {2020},
}

@inproceedings{adell_proceso_2018,
	title = {Proceso de innovación educativa en educación especial: {Enseñanza} de la prosodia con fines comunicativos con el apoyo de un videojuego educativo.},
	url = {https://dialnet.unirioja.es/servlet/articulo?codigo=7902940},
	urldate = {2022-04-26},
	booktitle = {Humanidades digitales: {Retos}, recursos y nuevas propuestas, 2018, {ISBN} 978-84-16178-83-4, págs. 179-191},
	publisher = {Agilice Digital},
	author = {Adell, F. and Aguilar, L. and Astorgano, M. C. and Mancebo, D. E.},
	year = {2018},
	pages = {179--191},
}

@inproceedings{alvarez_serious_2007,
	address = {Newcastle upon Tyne, Royaume-Uni},
	title = {Serious {Game}: just a question of posture?},
	volume = {7},
	url = {http://www.ludoscience.com/EN/diffusion/261-Serious-Game-just-a-question-of-posture.html},
	urldate = {2022-04-26},
	booktitle = {Actes du colloque "{Artificial} and {Ambient} {Intelligence} convention ({Artificial} {Societies} for {Ambient} {Intelligence}) ({AISB} ({ASAMi}) 2007)"},
	publisher = {The Society for the Study of Artificial Intelligence and Simulation of Behaviour},
	author = {Alvarez, J. and Rampnoux, O. and Jessel, J.-P. and Methel, G.},
	year = {2007},
	pages = {420--423},
}

@article{araujo_exergames_2017,
	title = {Exergames na educação física: uma revisão sistemática},
	copyright = {Copyright (c) 2017 Movimento (ESEF/UFRGS)},
	url = {https://seer.ufrgs.br/index.php/Movimento/article/view/65330},
	doi = {10.22456/1982-8918.65330},
	urldate = {2022-04-26},
	journal = {Movimento},
	author = {Araújo, J. G. E. and Souza, C. B. de and Moura, D. L.},
	month = jun,
	year = {2017},
	keywords = {Desenvolvimento de tecnologias. Jogos de vídeo. Atividades científicas e tecnológicas. Aprendizagem.},
	pages = {529--542},
}

@article{aznar_diaz_tecnologimovil_2018,
	title = {La tecnología móvil de {Realidad} {Virtual} en educación: una revisión del estado de la literatura científica en {España}},
	volume = {7},
	copyright = {Derechos de autor 2018 EDMETIC},
	url = {https://www.uco.es/ucopress/ojs/index.php/edmetic/article/view/10139},
	doi = {10.21071/edmetic.v7i1.10139},
	number = {1},
	urldate = {2022-04-26},
	journal = {EDMETIC, Revista de Educación Mediática y TIC},
	author = {Aznar Díaz, I. and Rodríguez, J. M. R. and Rodríguez García, A. M.},
	month = jan,
	year = {2018},
	keywords = {Realidad Virtual, Tecnología Educativa, Mobile Learning, Competencia Digital},
	pages = {256--274},
}

@article{baranowski_descriptive_2020,
	title = {Descriptive {Normative} {Nutrition} {Messages} to {Maximize} {Effect} in a {Videogame}: {Narrative} {Review}},
	volume = {9},
	url = {https://www.liebertpub.com/doi/10.1089/g4h.2019.0106},
	doi = {10.1089/g4h.2019.0106},
	number = {4},
	urldate = {2022-04-26},
	journal = {Games for Health Journal},
	author = {Baranowski, T. and Thompson, D.},
	month = aug,
	year = {2020},
	pages = {237--254},
}

@inproceedings{cervantes_cabello_incursionando_2020,
	address = {Cancún, México},
	title = {Incursionando hacia las {Tecnologías} de la {Información} y la comunicación ({TIC}´s) en el Área de {Manufactura} de la {Facultad} de {Ingeniería} de la {UNAM}.},
	copyright = {Aquellos autores/as que envíen propuestas aceptan los términos siguientes:   Los autores conceden a favor de los organizadores del congreso una licencia de uso de forma no exclusiva, con carácter gratuito y para el ámbito territorial mundial y durante el tiempo legal que duren los derechos de autor, para reproducir y comunicar públicamente el resumen de su propuesta a través de la página web del Congreso. Esta publicación irá siempre acompañada del nombre y apellidos del/los autor/es.},
	url = {https://conferences.eagora.org/index.php/edutecno/2020/paper/view/11774},
	urldate = {2022-04-26},
	booktitle = {[{GKA} {EDUTECH} 2020] {Congreso} {Internacional} de {Tecnologías} en la {Educación}},
	author = {Cervantes Cabello, J. J.},
	month = feb,
	year = {2020},
}

@article{corral_carrillo_recursos_2016,
	title = {Los recursos {TIC} y el {ePortfolio} como estrategia para la interacción didáctica en secundaría: estudio de caso ({ICT} and {ePortfolio} resources strategy for instructional interaction in secondary schools: a case study)},
	volume = {0},
	url = {http://revistas.uned.es/index.php/rdh/article/view/16496},
	doi = {10.5944/rdh.28.2016.16496},
	number = {28},
	urldate = {2022-04-26},
	journal = {Revista de Humanidades},
	author = {Corral Carrillo, M. J. and Cacheiro González, M. L.},
	month = may,
	year = {2016},
	pages = {115},
}

@article{castro_maximum_2015,
	title = {Maximum {Consequentia}: un videojuego educativo para ejercitar la comprensión lectora},
	copyright = {Copyright (c)},
	url = {https://revistas.usc.gal/index.php/ie/article/view/1919},
	doi = {10.15304/ie.25.1919},
	number = {25},
	urldate = {2022-04-26},
	journal = {Innovación educativa},
	author = {Castro, A. E. de C. de},
	month = dec,
	year = {2015},
}

@article{delice_sampling_2010,
	title = {The {Sampling} {Issues} in {Quantitative} {Research}},
	volume = {10},
	url = {https://eric.ed.gov/?id=EJ919871},
	number = {4},
	urldate = {2022-04-26},
	journal = {Educational Sciences: Theory and Practice},
	author = {Delice, A.},
	year = {2010},
	keywords = {Statistical Analysis, Sampling, Sample Size, Effect Size, Research Design, Reliability, Masters Theses, Mathematics Education, Educational Research, Foreign Countries},
	pages = {2001--2018},
}

@book{collado_sector_2018,
	address = {Madrid},
	title = {El {Sector} de los videojuegos en {España}: impacto económico y escenarios fiscales},
	publisher = {Asociación Española del Videojuego},
	author = {Collado, J. C.},
	year = {2018},
}

@article{diaz_history_2018,
	title = {History {Lessons} on virtual worlds: {How} we can improve it?},
	journal = {Campus Virtuales},
	author = {Díaz, S. and Díaz, J. and Arango},
	year = {2018},
	pages = {81--91},
}

@phdthesis{escobar_videojuego_2019,
	address = {Córdoba},
	type = {Tesis ({Licenciatura} en informática y medios audiovisuales)},
	title = {Videojuego como herramientas facilitadoras del proceso de enseñanza-aprendizaje},
	school = {Universidad de Córdoba},
	author = {Escobar, E.},
	year = {2019},
}

@article{esnaola_mediacion_2018,
	title = {Mediación {Tecnológica} y {Educación}: {Los} {Videojuegos} como {Opción} {Pedagógica}},
	volume = {1},
	copyright = {Derechos de autor 2018 Docentes Conectados},
	url = {https://www.evirtual.unsl.edu.ar/revistas/index.php/dc/article/view/34},
	number = {2},
	urldate = {2022-04-26},
	journal = {Docentes Conectados},
	author = {Esnaola, G.},
	month = nov,
	year = {2018},
	pages = {3--14},
}

@article{gomez_navarro_brecha_2018,
	title = {La brecha digital: una revisión conceptual y aportaciones metodológicas para su estudio en {México}},
	volume = {6},
	copyright = {Entreciencias: Diálogos en la Sociedad del Conocimiento reconoce y respeta el derecho moral de los autores, así como la titularidad del derecho patrimonial, transferida de forma no exclusiva a la revista para su difusión en acceso abierto y su preservación, por lo que los autores que publiquen en esta revista aceptan las siguientes condiciones:   Entreciencias: Diálogos en la Sociedad del Conocimiento por  Universidad Nacional Autónoma de México  se distribuye bajo una  Licencia Creative Commons Atribución-NoComercial-SinDerivar 4.0 Internacional , la cual permite utilizar la información y los metadatos sin fines comerciales siempre y cuando se realice la citación correspondiente.  Los autores tendrán el derecho de realizar la distribución no exclusiva de la contribución publicada en Entreciencias: Diálogos en la Sociedad del Conocimiento, es decir, podrán incluirlo en un repositorio institucional o darlo a conocer en otros medios digitales o impresos, siempre y cuando se indique que el artículo fue publicado por primera vez en Entreciencias: Diálogos en la Sociedad del Conocimiento, y además se incluyan datos como: autor de correspondencia, año, volumen, número de páginas, paginación electrónica y DOI.  Los autores cuyas contribuciones sean aceptadas para su publicación deberán enviar la  Carta de Cesión de Derechos  en el formato llenado y firmado según corresponda, es decir, de   un autor  , o de   dos o más autores  .},
	shorttitle = {La brecha digital},
	url = {http://revistas.unam.mx/index.php/entreciencias/article/view/62611},
	doi = {http://dx.doi.org/10.22201/enesl.20078064e.2018.16.62611},
	number = {16},
	urldate = {2022-04-26},
	journal = {Entreciencias: Diálogos en la Sociedad del Conocimiento},
	author = {Gómez Navarro, D. A. and Alvarado López, R. A. and Martínez Domínguez, M. and Díaz de León Castañeda, C.},
	month = mar,
	year = {2018},
	keywords = {TIC, brecha digital, apropiación social, Sociedad de la Información y el Conocimiento, ICT, digital divide, appropriation, Information and Knowledge Society},
}

@article{gonzalez_gonzalez_programa_2016,
	title = {Programa de intervención educativa para el tratamiento de la obesidad infantil basado en videojuegos activos},
	volume = {25},
	url = {http://educa.fcc.org.br/scielo.php?script=sci_abstract&pid=S0104-70432016000300155&lng=pt&nrm=iso&tlng=es},
	doi = {10.2015/01047043v25n472016155},
	language = {e},
	number = {47},
	urldate = {2022-04-26},
	journal = {Revista da FAEEBA: Educação e Contemporaneidade},
	author = {González González, C. S. and Gómez-del-Rio, N. and Navarro-Adelantado, V.},
	month = dec,
	year = {2016},
	pages = {155--172},
}

@article{gonzalez-sancho_estado_2019,
	title = {Estado general de la investigación sobre videojuegos: un breve análisis y posibles tendencias a futuro},
	copyright = {Derechos de autor},
	url = {https://www.revistas.una.ac.cr/index.php/repertorio/article/view/13526},
	doi = {10.15359/ra.1-29.15},
	number = {29},
	urldate = {2022-04-26},
	journal = {Repertorio Americano},
	author = {González-Sancho, R.},
	year = {2019},
	keywords = {videojuegos, investigación social, salud, educación, violencia},
	pages = {249--268},
}

@article{grande_de_prado_beneficios_2018,
	title = {Beneficios educativos y videojuegos: revisión de la literatura española},
	volume = {19},
	copyright = {Derechos de autor},
	url = {https://revistas.usal.es/index.php/eks/article/view/eks20181931535},
	doi = {10.14201/eks20181933751},
	number = {3},
	urldate = {2022-04-26},
	journal = {Education in the Knowledge Society (EKS)},
	author = {Grande de Prado, M. G.},
	month = oct,
	year = {2018},
	keywords = {tecnología educativa},
	pages = {15--35},
}

@article{islas_torres_implicacion_2017,
	title = {La implicación de las {TIC} en la educación: {Alcances}, {Limitaciones} y {Prospectiva} / {The} role of {ICT} in education: {Applications}, {Limitations}, and {Future} {Trends}},
	volume = {8},
	copyright = {Derechos de autor},
	url = {http://www.ride.org.mx/index.php/RIDE/article/view/324},
	doi = {10.23913/ride.v8i15.324},
	number = {15},
	urldate = {2022-04-26},
	journal = {RIDE Revista Iberoamericana para la Investigación y el Desarrollo Educativo},
	author = {Islas Torres, C.},
	year = {2017},
	keywords = {TIC, educación, alcances, limitaciones, prospectiva},
	pages = {861--876},
}

@article{jimenez_uso_2016,
	title = {Uso didáctico del videojuego educativo para la enseñanza de las ciencias sociales: un estado del arte},
	copyright = {Derechos de autor 2016 Universidad de Concepción},
	url = {http://revistas.udec.cl/index.php/paideia/article/view/1450},
	number = {58},
	urldate = {2022-04-26},
	journal = {Paideia},
	author = {Jiménez, I. and Escobar, C.},
	year = {2016},
	keywords = {recursos didácticos},
	pages = {53--70},
}

@article{leon-atiencia_videojuegos_nodate,
	title = {Videojuegos y enseñanza-aprendizaje de {Historia}: {Una} revisión sistemática para la vinculación al currículo ecuatoriano},
	volume = {6},
	url = {https://cienciamatriarevista.org.ve/index.php/cm/article/view/410},
	doi = {10.35381/cm.v6i3.410},
	number = {3},
	year = {2020},
	urldate = {2022-04-26},
	journal = {CIENCIAMATRIA},
	author = {León-Atiencia, J. D. and García-Herrera, D. G. and Cabrera-Berrezueta, L. B. and Erazo-Álvarez, J. C.},
	pages = {450--475},
}

@article{lopez_raventos_videojuego_2016,
	title = {El videojuego como herramienta educativa. {Posibilidades} y problemáticas acerca de los serious games},
	volume = {8},
	url = {http://www.scielo.org.mx/scielo.php?script=sci_abstract&pid=S1665-61802016000200010&lng=es&nrm=iso&tlng=es},
	number = {1},
	urldate = {2022-04-26},
	journal = {Apertura (Guadalajara, Jal.)},
	author = {López Raventós, C. and López Raventós, C.},
	year = {2016},
	pages = {0--0},
}

@article{lopez-angulo_revision_2020,
	title = {Revisión sistemática sobre instrumentos de autorregulación del aprendizaje en estudiantes de educación secundaria},
	volume = {31},
	url = {http://www.scielo.cl/scielo.php?script=sci_abstract&pid=S0718-07642020000400085&lng=es&nrm=iso&tlng=es},
	doi = {10.4067/S0718-07642020000400085},
	number = {4},
	urldate = {2022-04-26},
	journal = {Información tecnológica},
	author = {López-Angulo, Y. and Sáez-Delgado, F. and Arias-Roa, N. and Díaz-Mujica, A. and López-Angulo, Y. and Sáez-Delgado, F. and Arias-Roa, N. and Díaz-Mujica, A.},
	month = aug,
	year = {2020},
	pages = {85--98},
}

@article{macias_ruiz_videojuegos_2020,
	title = {Los videojuegos para el desarrollo del lenguaje en niños con síndrome de {Down}: fundación “fasinarm”},
	volume = {5},
	url = {https://dialnet.unirioja.es/servlet/articulo?codigo=7436054},
	number = {1},
	urldate = {2022-04-26},
	journal = {Polo del Conocimiento: Revista científico - profesional},
	author = {Macías Ruiz, M. J.  and Castro, L. V.},
	year = {2020},
	pages = {674--699},
}

@article{maraza_quispe_efectos_2018,
	title = {Los efectos de los videojuegos en el desarrollo de aprendizajes significativos en estudiantes en el área de {Matemática}},
	volume = {5},
	copyright = {Copyright (c) 2018 International Journal of Information Systems and Software Engineering for Big Companies (IJISEBC)},
	url = {http://www.uajournals.com/ojs/index.php/ijisebc/article/view/341},
	language = {es},
	number = {1},
	urldate = {2022-04-26},
	journal = {International Journal of Information Systems and Software Engineering for Big Companies},
	author = {Maraza Quispe, B. and Alfaro Casas, L. and Herrera Quispe, J. and Ayesta Ramirez, A. and Caytuiro Silva, N.},
	month = jun,
	year = {2018},
	pages = {53--65},
}

@article{martinez_soto_evaluacion_2018,
	title = {Evaluación de un videojuego educativo de contenido histórico. {La} opinión de los estudiantes},
	copyright = {Atribución-NoComercial-SinDerivadas 3.0 España},
	url = {https://dehesa.unex.es:8443/handle/10662/7997},
	language = {spa},
	urldate = {2022-04-26},
	author = {Martínez Soto, J. M. and Egea Vivancos, A. and Arias Ferrer, L.},
	year = {2018},
}

@article{mendez_uso_2021,
	title = {Uso de los videojuegos en básica primaria: una revisión sistemática},
	volume = {42},
	url = {https://revistaespacios.com/a21v42n01/a21v42n01p06.pdf},
	doi = {10.48082/espacios-a21v42n01p06},
	number = {01},
	urldate = {2022-04-26},
	journal = {Espacios},
	author = {Mendez, M. and Boude, O. and {Universidad de La Sabana. Colombia}},
	month = jan,
	year = {2021},
	pages = {66--80},
}

@article{miranda_redes_2018,
	title = {Redes sociales y la construcción social del yo en los adolescentes de una institución educativa},
	copyright = {Copyright (c)},
	url = {https://www.uctunexpo.autanabooks.com/index.php/uct/article/view/6},
	number = {4},
	urldate = {2022-04-26},
	journal = {Universidad Ciencia y Tecnología},
	author = {Miranda, E. and Tubay, M. and Plaza, H.},
	year = {2018},
}

@article{murillo_segregacion_2017,
	title = {Segregación social en las escuelas públicas y privadas en {América} {Latina}},
	volume = {38},
	url = {http://www.scielo.br/j/es/a/Wg7mK345N7ZDWzQXjv6f7wz/?lang=es},
	doi = {10.1590/ES0101-73302017167714},
	urldate = {2022-04-26},
	journal = {Educação \& Sociedade},
	author = {Murillo, F. J. and Garrido, C. M.},
	month = mar,
	year = {2017},
	keywords = {Segregación escolar, Escuelas públicas y privadas, Nivel socioeconómico, América Latina},
	pages = {727--750},
}

@article{estarli_items_2016,
	title = {Ítems de referencia para publicar {Protocolos} de {Revisiones} {Sistemáticas} y {Metaanálisis}: {Declaración} {PRISMA}-{P} 2015},
	volume = {20},
	url = {http://renhyd.org/index.php/renhyd/article/view/223},
	doi = {10.14306/renhyd.20.2.223},
	number = {2},
	urldate = {2022-04-26},
	journal = {Revista Española de Nutrición Humana y Dietética},
	author = {Estarli, M. and Aguilar Barrera, E. S. and Martínez-Rodríguez, R. and Baladia, E. and Duran Agüero, S. and Camacho, S. and Buhring, K. and Herrero-López, A. and Gil-González, D. M.},
	month = feb,
	year = {2016},
	pages = {148},
}

@article{nunez-barriopedro_videojuegos_2020,
	title = {Los videojuegos en la educación: {Beneficios} y perjuicios},
	volume = {24},
	url = {https://www.revistas.una.ac.cr/index.php/EDUCARE/article/view/11130},
	doi = {10.15359/ree.24-2.12},
	number = {2},
	urldate = {2022-04-26},
	journal = {Revista Electrónica Educare},
	author = {Núñez-Barriopedro, E. and Sanz-Gomez, Y. and Ravina-Ripoll, R.},
	month = apr,
	year = {2020},
	pages = {1--18},
}

@phdthesis{padilla_metodologipara_2011,
	address = {Granada},
	type = {Tesis ({Doctorado} en informática con mención europea)},
	title = {Metodología para el diseño de videojuegos educativos sobre una arquitectura para el análisis del aprendizaje colaborativo},
	school = {Universidad de Granada. Departamento de lenguajes y sistemas informativos},
	author = {Padilla, N.},
	year = {2011},
}

@article{page_declaracion_2021,
	title = {Declaración {PRISMA} 2020: una guía actualizada para la publicación de revisiones sistemáticas},
	volume = {74},
	url = {https://linkinghub.elsevier.com/retrieve/pii/S0300893221002748},
	doi = {10.1016/j.recesp.2021.06.016},
	number = {9},
	urldate = {2022-04-26},
	journal = {Revista Española de Cardiología},
	author = {Page, M. J. and McKenzie, J. E. and Bossuyt, P. M. and Boutron, I. and Hoffmann, T. C. and Mulrow, C. D. and Shamseer, L. and Tetzlaff, J. M. and Akl, E. A. and Brennan, S. E. and Chou, R. and Glanville, J. and Grimshaw, J. M. and Hróbjartsson, A. and Lalu, M. M. and Li, T. and Loder, E. W. and Mayo-Wilson, E. and McDonald, S. and McGuinness, L. A. and Stewart, L. A. and Thomas, J. and Tricco, A. C. and Welch, V. A. and Whiting, P. and Moher, D.},
	month = sep,
	year = {2021},
	pages = {790--799},
}

@phdthesis{pineda_videojuego_2019,
	address = {Colombia},
	type = {Tesis ({Grado} de licenciada en educación preescolar)},
	title = {El videojuego educativo como herramienta didáctica para la autorregulación en el aprendizaje},
	school = {Universidad Santo Tomás Abierta y a Distancia. Facultad de educación},
	author = {Pineda, Y.},
	year = {2019},
}

@article{prieto_andreu_revision_2021,
	title = {Revisión sistemática sobre la evaluación de propuestas de gamificación en siete disciplinas educativas},
	volume = {34},
	url = {https://revistas.usal.es/index.php/1130-3743/article/view/teri.27153},
	doi = {10.14201/teri.27153},
	number = {1},
	urldate = {2022-04-26},
	journal = {Teoría de la Educación. Revista Interuniversitaria},
	author = {Prieto Andreu, J. M.},
	month = sep,
	year = {2021},
	pages = {189--214},
}

@phdthesis{recio_formacion_2016,
	address = {Murcia},
	type = {Tesis ({Doctorado})},
	title = {Formación en {TIC} del profesorado de {Educación} {Infantil}: uso de las tecnologías y cambio metodológico},
	school = {Universidad de Murcia, Departamento de didáctica y organización escolar},
	author = {Recio, S.},
	year = {2016},
}

@phdthesis{reina_gamificacion_2019,
	address = {Cádiz},
	type = {Tesis ({Grado} de educación primaria)},
	title = {La gamificación en las aulas de {Educación} {Primaria} a través del uso de videojuegos educativos},
	school = {Universidad de Cádiz. Facultad de Ciencias de la educación},
	author = {Reina, P.},
	year = {2019},
}

@article{sanchez-otero_estrategias_2019,
	title = {Estrategias {Pedagógicas} en {Procesos} de {Enseñanza} y {Aprendizaje} en la {Educación} {Superior} incluyendo {Tecnologías} de la {Información} y las {Comunicaciones}},
	volume = {30},
	url = {http://www.scielo.cl/scielo.php?script=sci_arttext&pid=S0718-07642019000300277&lng=en&nrm=iso&tlng=en},
	doi = {10.4067/S0718-07642019000300277},
	number = {3},
	urldate = {2022-04-26},
	journal = {Información tecnológica},
	author = {Sánchez-Otero, M. and García-Guiliany, J. and Steffens-Sanabria, E. and Hernández-Palma, H.},
	month = jun,
	year = {2019},
	pages = {277--286},
}

@article{saez_revision_2018,
	title = {Revisión {Sistemática} sobre {Competencias} de {Autorregulación} del {Aprendizaje} en {Estudiantes} {Universitarios} y {Programas} {Intracurriculares} para su {Promoción}},
	volume = {11},
	url = {http://www.scielo.cl/scielo.php?script=sci_arttext&pid=S0718-50062018000600083&lng=en&nrm=iso&tlng=en},
	doi = {10.4067/S0718-50062018000600083},
	number = {6},
	urldate = {2022-04-26},
	journal = {Formación universitaria},
	author = {Sáez-Delgado, F. M. and Díaz, A. E. and Panadero, E. and Bruna, D. V.},
	month = dec,
	year = {2018},
	pages = {83--98},
}

@article{sanchez_meca_revisiones_2010,
	title = {Revisiones sistemáticas y meta-análisis: {Herramientas} para la práctica profesional},
	volume = {31},
	url = {https://dialnet.unirioja.es/servlet/articulo?codigo=3150797},
	number = {1},
	urldate = {2022-04-26},
	journal = {Papeles del psicólogo},
	author = {Sánchez Meca, J. and Botella Ausina, J.},
	year = {2010},
	pages = {7--17},
}

@phdthesis{santa_videojuego_2018,
	address = {La Rioja},
	type = {Tesis ({Máster} universitario en {E}-{Learning} y redes sociales)},
	title = {Videojuego educativo para evaluar el reconocimiento geográfico de {Colombia}},
	school = {Universidad Internacional de la Rioja. Escuela de ingeniería},
	author = {Santa, M.},
	year = {2018},
}

@article{soto_estudios_2020,
	title = {Estudios de casos y controles},
	volume = {20},
	url = {http://revistas.urp.edu.pe/index.php/RFMH/article/view/2555},
	doi = {10.25176/RFMH.v20i1.2555},
	number = {1},
	urldate = {2022-04-26},
	journal = {Revista de la Facultad de Medicina Humana},
	author = {Soto, A. and Cvetkovic-Vega, A.},
	month = jan,
	year = {2020},
	pages = {138--143},
}

@article{sousa_videogames_2018,
	title = {Videogames as a learning tool: is game-based learning more effective?},
	url = {https://www.redalyc.org/journal/349/34958005014/},
	number = {40},
	urldate = {2022-04-26},
	journal = {Revista Lusófona de Educação},
	author = {Sousa, C. and Costa, C.},
	year = {2018},
	pages = {199--210},
}

@article{torres-toukoumidis_desarrollo_2016,
	title = {Desarrollo de habilidades de lectura a través de los videojuegos: {Estado} del arte},
	volume = {15},
	url = {https://revista.uclm.es/index.php/ocnos/article/view/ocnos_2016.15.2.1124},
	doi = {10.18239/ocnos_2016.15.2.1124},
	number = {2},
	urldate = {2022-04-26},
	journal = {Ocnos: Revista de estudios sobre lectura},
	author = {Torres-Toukoumidis, A. and Romero-Rodríguez, L. and Pérez-Rodríguez, M.-A. and Björk, S.},
	month = nov,
	year = {2016},
	pages = {37--49},
}

@article{urquidi_martin_juegos_2015,
	title = {Juegos serios como instrumento facilitador del aprendizaje: evidencia empírica},
	volume = {31},
	url = {https://www.redalyc.org/articulo.oa?id=31045567063},
	number = {3},
	urldate = {2022-04-26},
	journal = {Opción},
	author = {Urquidi Martín, A. C. and Aznar, C. T.},
	year = {2015},
	keywords = {Juego serio, enseñanza superior, innovación educativa, aprendizaje activo, Serious  game, higher  education, educational  innovation, active learning},
	pages = {1201--1220},
}

@article{urquidez_romero_physical_2017,
	title = {Physical activity promotion in children from northern {Mexico}: effectiveness of an early educational intervention program},
	volume = {27},
	url = {http://www.actauniversitaria.ugto.mx/index.php/acta/article/view/1226},
	doi = {10.15174/au.2017.1226},
	number = {2},
	urldate = {2022-04-26},
	journal = {Acta Universitaria},
	author = {Urquidez Romero, R. and Ramírez Neri, D. and Ramos Jiménez, A. and Rodríguez Tadeo, A. and Wall Medrano, A. and Díaz Torres, B. and Medrano Donlucas, G. and Quizán Plata, T. and Esparza Romero, J.},
	month = apr,
	year = {2017},
	pages = {32--38},
}