@misc{google_como_nodate,
    title         = {Como a {Busca} do {Google} funciona},
    author        = {{Google}},
    journal       = {Pesquisa Google: descubra como a Busca do Google funciona},
    url           = {https://www.google.com/intl/pt-BR/search/howsearchworks/how-search-works/ranking-results/},
    urldate       = {2024-10-29},
    language      = {pt-BR},
}

@article{freire_maquina_1984,
    title         = {A máquina está a serviço de quem?},
    author        = {Freire, Paulo},
    year          = {1984},
    month         = may,
    journal       = {Revista BITS},
    url           = {https://acervo.paulofreire.org/handle/7891/24},
    urldate       = {2024-10-29},
}

@book{freire_importancia_1989,
    title         = {A importância do ato de ler: em três artigos que se completam},
    author        = {Freire, Paulo},
    year          = {1989},
    publisher     = {Autores Associados/Cortez},
    address       = {São Paulo},
}

@book{freire_pedagogia_2011,
    title         = {Pedagogia da autonomia: saberes necessários à prática educativa},
    author        = {Freire, Paulo},
    year          = {1989},
    publisher     = {Paz e Terra},
    address       = {São Paulo},
}

@book{brasil_estatuto_1990,
    title         = {Estatuto da {Criança} e do {Adolescente}. {Lei} 8.069/90},
    author        = {{Brasil}},
    year          = {1990},
    publisher     = {Atlas},
    address       = {São Paulo},
}

@book{bakhtin_estetica_2003,
    title         = {Estética da criação verbal},
    author        = {Bakhtin, Mikhail},
    year          = {2003},
    publisher     = {Martins Fontes},
    address       = {São Paulo},
    translator    = {Bezerra, Paulo},
}

@book{moita_lopes_por_2006,
    title         = {Por uma linguística aplicada {INdisciplinar}},
    author        = {Moita Lopes, Luiz Paulo},
    year          = {2006},
    publisher     = {Parábola Editorial},
    address       = {São Paulo},
}

@book{bauman_vigilancia_2013,
    title         = {Vigilância líquida: diálogos com {David} {Lyon}},
    author        = {Bauman, Zygmunt},
    year          = {2013},
    publisher     = {Zahar},
    address       = {Rio de Janeiro},
}

@article{caldeira_o_2015,
    title         = {O mecanismo de busca do {Google} e a relevância na relação sistema-usuário},
    author        = {Caldeira, Fátima Hassan},
    year          = {2015},
    month         = jul,
    journal       = {Letrônica},
    volume        = {8},
    number        = {1},
    pages         = {91--106},
    doi           = {10.15448/1984-4301.2015.1.19616},
    issn          = {1984-4301},
    url           = {https://revistaseletronicas.pucrs.br/letronica/article/view/19616},
    urldate       = {2024-10-29},
    copyright     = {Copyright (c) 2015 Letrônica},
    keywords      = {Mecanismo de busca, Google, Ciberpragmática, Teoria da Relevância, Websemântica.},
}

@book{han_sociedade_2015,
    title         = {Sociedade do cansaço},
    author        = {Han, Byung-Chul},
    year          = {2015},
    publisher     = {Vozes},
    address       = {Petrópolis, RJ},
}

@article{coscarelli_leitura_2017,
    title         = {A leitura em múltiplas fontes: um processo investigativo},
    author        = {Coscarelli, Carla Viana},
    year          = {2017},
    month         = sep,
    journal       = {Ensino e Tecnologia em Revista},
    volume        = {1},
    number        = {1},
    pages         = {67--79},
    doi           = {10.3895/etr.v1n1.5897},
    issn          = {2594-3901},
    url           = {https://periodicos.utfpr.edu.br/etr/article/view/5897},
    urldate       = {2024-10-29},
    copyright     = {Direitos autorais 2017 CC-BY-NC},
    keywords      = {Leitura, Navegação, Investigação},
}

@book{alter_irresistivel:_2018,
    title         = {Irresistível: por que você é viciado em tecnologia e como lidar com ela},
    author        = {Alter, Adam},
    year          = {2018},
    publisher     = {Objetiva},
    address       = {São Paulo},
    translator    = {Leite, Cássio de Arantes},
}

@book{lanier_dez_2018,
    title         = {Dez argumentos para você deletar agora suas redes sociais},
    author        = {Lanier, Jaron},
    year          = {2018},
    publisher     = {Intrínseca},
    address       = {São Paulo, SP},
}

@book{loveluck_redes_2018,
    title         = {Redes, liberdades e controle: uma genealogia política da internet},
    author        = {Loveluck, Benjamin},
    year          = {2018},
    publisher     = {Vozes},
    address       = {Petrópolis, RJ},
    translator    = {Teixeira, Guilherme João de Freitas},
}

@book{vietri_community_2019,
    title         = {Community manager: social media marketing},
    author        = {Vietri, Mariela},
    year          = {2019},
    publisher     = {Amazon Press},
    address       = {Eua},
}

@article{gonsales_educacao_2020,
    title         = {Educação na contemporaneidade: entre dados e direitos},
    author        = {Gonsales, Priscila and Amiel, Tel},
    year          = {2020},
    journal       = {Inteligência Artificial, Educação e Infância},
    volume        = {12},
    number        = {3},
    url           = {https://cetic.br/pt/publicacoes/indice/panoramas/page:4},
}

@book{brasil._instituto_nacional_de_estudos_e_pesquisas_educacionais_anisio_teixeira_inep_censo_2023,
    title         = {Censo {Escolar} da {Educação} {Básica}},
    author        = {{Brasil. Instituto Nacional de Estudos e Pesquisas Educacionais Anísio Teixeira (Inep)}},
    shortauthor   = {Inep},
    year          = {2023},
    url           = {https://www.gov.br/inep/pt- br/assuntos/noticias/censo-escolar/mec-e-inep-divulgam-resultados-do-censo-escolar-2023},
    urldate       = {2024-10-29},
}

@book{centro_regional_de_estudos_para_o_desenvolvimento_da_sociedade_da_informacao_tic_2023,
    title         = {{TIC} {Kids} online {Brasil} 2023},
    author        = {{Centro Regional de Estudos para o Desenvolvimento da Sociedade da Informação (CETIC)}},
    shortauthor   = {CETIC},
    year          = {2023},
    url           = {https://cetic.br/media/analises/tic_kids_online_brasil_2023_principais_resultados.pdf},
    urldate       = {2024-10-29},
}

@book{desmurget_fabrica_2023,
    title         = {A fábrica de cretinos digitais: os perigos das telas para nossas crianças},
    author        = {Desmurget, Michel},
    year          = {2023},
    publisher     = {Vestígio},
    address       = {São Paulo},
    translator    = {Pinheiro, Mauro},
}

@book{faustino_colonialismo_2023,
    title         = {Colonialismo digital: por uma crítica hacker-fanoniana},
    author        = {Faustino, Deivison and Lippold, Walter},
    year          = {2023},
    publisher     = {Boitempo},
    address       = {São Paulo},
}

@book{instituto_brasileiro_de_geografia_e_estatistica_ibge_proposta_2023,
    title         = {Proposta metodológica para a classificação dos espaços do rural, do urbano e da natureza no {Brasil}},
    author        = {{Instituto Brasileiro de Geografia e Estatística (IBGE)}},
    shortauthor   = {IBGE},
    year          = {2023},
    publisher     = {Ibge},
    address       = {Rio de Janeiro},
    url           = {https://biblioteca.ibge.gov.br/visualizacao/livros/liv102019.pdf},
    urldate       = {2024-10-29},
}
