
@article{berber_sardinha_linguistica_2000,
	title = {Lingüística de {Corpus}: histórico e problemática},
	volume = {16},
	issn = {0102-4450, 1678-460X},
	url = {http://www.scielo.br/j/delta/a/vGknQkZQGsGYbrQfKmTZY4s/?lang=pt},
	doi = {10.1590/S0102-44502000000200005},
	urldate = {2022-09-11},
	journal = {DELTA: Documentação de Estudos em Lingüística Teórica e Aplicada},
	author = {Berber Sardinha, T.},
	year = {2000},
	keywords = {Lingüística de Corpus, corpora, história da Lingüística de Corpus, teoria da Lingüística de Corpus},
	pages = {323--367},
}

@book{bird_natural_2009,
	address = {Beijing ; Cambridge Mass.},
	edition = {1ª edição},
	title = {Natural {Language} {Processing} with {Python}: {Analyzing} {Text} with the {Natural} {Language} {Toolkit}},
	publisher = {O'Reilly Media},
	author = {Bird, S. and Klein, E. and Loper, E.},
	month = jun,
	year = {2009},
}

@article{brito_aspectos_2012,
	title = {Aspectos metaficcionais na poética de {Rosa} e {Pessoa}: o artifício das máscaras heteronímicas e anagramáticas},
	volume = {47},
	issn = {1984-7726},
	url = {https://revistaseletronicas.pucrs.br/ojs/index.php/fale/article/view/10619},
	number = {4},
	urldate = {2022-09-11},
	journal = {Letras de Hoje},
	author = {Brito, F. M. M. de},
	month = dec,
	year = {2012},
	keywords = {Metaficção, Fingimento, Ficcional},
	pages = {425--429},
}

@article{finatto_processamento_2015,
	title = {Processamento de linguagem natural, linguística de corpus e estudos linguísticos : uma parceria bem-sucedida},
	volume = {9},
	copyright = {Open Access},
	issn = {1980-5799},
	url = {https://lume.ufrgs.br/handle/10183/169398},
	number = {5},
	urldate = {2022-09-11},
	journal = {Domínios de Linguagem},
	author = {Finatto, M. J. B. and Lopes, L. and Silva, A. C.},
	year = {2015},
	pages = {41--59},
}

@inproceedings{jafar_framework_2012,
	address = {New Orleans},
	title = {A {Framework} for an {Interactive} {Word}-{Cloud} {Approach} for {Visual} {Analysis} of {Digital} {Text} using the {Natural} {Language} {Toolkit}},
	volume = {v. 5, n. 2240},
	booktitle = {Proceedings of the {Conference} on {Information} {Systems} {Applied} {Research}},
	author = {Jafar, M. and Babb, J. and Dana, K.},
	year = {2012},
	pages = {1--10},
}

@book{jockers_text_2014,
	address = {Switzerland},
	title = {Text {Analysis} with {R} for {Students} of {Literature}},
	url = {https://link.springer.com/book/10.1007/978-3-319-03164-4},
	language = {en},
	urldate = {2022-09-11},
	publisher = {Springer},
	author = {Jockers, M. L.},
	year = {2014},
}

@phdthesis{kauffmann_linguistica_2020,
	address = {São Paulo},
	type = {Tese ({Doutorado} em {Linguística} {Aplicada} e {Estudos} da {Linguagem})},
	title = {Linguística de corpus e estilo: análises multidimensional e canônica na ficção de {Machado} de {Assis}},
	school = {Pontifícia Universidade Católica de São Paulo},
	author = {Kauffmann, C. H.},
	year = {2020},
}

@inproceedings{mckinney_data_2010,
	title = {Data structures for statistical computing in python},
	url = {https://conference.scipy.org/proceedings/scipy2010/pdfs/mckinney.pdf},
	urldate = {2022-09-11},
	booktitle = {Proceedings of the 9th {Python} in {Science} {Conference}},
	author = {Mckinney, W.},
	year = {2010},
	pages = {56--61},
}

@book{ramos_fenomenologia_2011,
	address = {Belo Horizonte},
	edition = {4ª edição},
	title = {Fenomenologia da {Obra} {Literária}},
	publisher = {Editora UFMG},
	author = {Ramos, M. L.},
	month = jan,
	year = {2011},
}

@book{raso_c-oral_2012,
	address = {Belo Horizonte},
	edition = {1ª edição},
	title = {C-oral - {Brasil} {I}: {Corpus} de {Referência} do {Português} {Brasileiro} {Falado} {Informal}},
	publisher = {Editora UFMG},
	editor = {Raso, T. and Mello, H.},
	month = jan,
	year = {2012},
}

@book{rosa_ave_1985,
	address = {Rio de Janeiro, RJ},
	title = {Ave, {Palavra}},
	publisher = {Nova Fronteira},
	author = {Rosa, J. G.},
	year = {1985},
}

@phdthesis{rossi_as_2007,
	address = {Araraquara, SP},
	type = {Dissertação ({Mestrado} em {Estudos} {Literários})},
	title = {As poesias de {Guimarães} {Rosa} em {Ave}, {Palavra}: um caminho de leitura},
	school = {Universidade Estadual Paulista, Faculdade de Ciências e Letras de Araraquara},
	author = {Rossi, E. A.},
	year = {2007},
}

@article{vital_uma_2021,
	title = {Uma possibilidade de leitura do poema “{Alongo}-me”, de {Soares} {Guiamar}, anagramático de {Guimarães} {Rosa}},
	volume = {10},
	number = {3},
	journal = {Miguilim – Revista Eletrônica do Netlli},
	author = {Vital, A. A. S.},
	year = {2021},
	pages = {980--989},
}