@article{halliday1966,
    title         = {Some Notes on 'Deep' Grammar},
    author        = {Halliday, M.},
    year          = {1966},
    journal       = {Journal of Linguistics},
    volume        = {2},
    number        = {1},
    pages         = {57--67},
}

@article{fillmore1968,
    title         = {Lexical Entries for Verbs},
    author        = {Fillmore, C.J.},
    year          = {1968},
    journal       = {Foundations of Language},
    volume        = {4},
    pages         = {373--393},
}

@book{chafe1970,
    title         = {Meaning and the Structure of Language},
    author        = {Chafe, W.L.},
    year          = {1970},
    publisher     = {University of Chicago Press},
    address       = {Chicago, USA},
}

@article{jackendoff1976,
    title         = {Toward an Explanatory Semantic Representation},
    author        = {Jackendoff, Ray},
    year          = {1976},
    journal       = {Linguistic Inquiry},
    publisher     = {The MIT Press},
    address       = {Cambridge, USA},
    volume        = {7},
    number        = {1},
    pages         = {89--150},
    url           = {http://www.jstor.org/stable/4177913},
}

@book{geraldi1987,
    title         = {Semântica},
    author        = {Geraldi, J.W. and Ilari, R.},
    year          = {1987},
    publisher     = {Ática},
    address       = {São Paulo},
    volume        = {3},
}

@article{camacho1999,
    title         = {Estrutura Argumental e Funções Semânticas},
    author        = {Camacho, R.G.},
    year          = {1999},
    journal       = {Alfa},
    address       = {São Paulo},
    volume        = {43},
    pages         = {145--170},
}

@article{gildea2002,
    title         = {Automatic Labeling of Semantic Roles},
    author        = {Gildea, Daniel and Jurafsky, Daniel},
    year          = {2002},
    journal       = {Computational Linguistics},
    volume        = {28},
    number        = {3},
    pages         = {245--288},
}

@article{palmer2005,
    title         = {The Proposition Bank: An Annotated Corpus of Semantic Roles},
    author        = {Palmer, Martha and Gildea, Daniel and Kingsbury, Paul},
    year          = {2005},
    journal       = {Computational Linguistics},
    volume        = {31},
    number        = {1},
    pages         = {71--106},
}

@article{cançado2009,
    title         = {Argumentos: Complementos e Adjuntos},
    author        = {Cançado, Márcia},
    year          = {2009},
    journal       = {ALFA{:} Revista de Linguística},
    volume        = {53},
    number        = {1},
    pages         = {35--59},
}

@article{pedregosa2011,
    title         = {Scikit-learn: Machine Learning in Python},
    author        = {Pedregosa, Fabian and Ga{{\"e}}l Varoquaux and Alexandre Gramfort and Vincent Michel and Bertrand Thirion and Olivier Grisel and Mathieu Blondel and Peter Prettenhofer and Ron Weiss and Vincent Dubourg and Jake Vanderplas and Alexandre Passos and David Cournapeau and Matthieu Brucher and Matthieu Perrot and {{\'E}}douard Duchesnay},
    year          = {2011},
    journal       = {Journal of Machine Learning Research},
    volume        = {12},
    number        = {85},
    pages         = {2825--2830},
    url           = {http://jmlr.org/papers/v12/pedregosa11a.html},
}

@inproceedings{alva-manchego2012,
    title         = {Semantic Role Labeling for Brazilian Portuguese: A Benchmark},
    author        = {Alva-Manchego, Fernando Emilio and Rosa, João Luís G.},
    year          = {2012},
    booktitle     = {Advances in Artificial Intelligence–IBERAMIA 2012: 13th Ibero-American Conference on AI},
    location      = {Cartagena de Indias, Colombia},
    publisher     = {Springer Berlin Heidelberg},
    address       = {Berlin, Heidelberg},
    pages         = {481--490},
    doi           = {10.1007/978-3-642-34654-5_49},
    editor        = {Pav{\'o}n, Juan and Duque-M{\'e}ndez, N{\'e}stor D. and Fuentes-Fern{\'a}ndez, Rub{\'e}n},
}

@article{cançado2012,
    title         = {Verbos Psicológicos},
    author        = {Cançado, Márcia},
    year          = {2012},
    journal       = {Veredas-Revista de Estudos Linguísticos},
    volume        = {16},
    number        = {2},
    pages         = {1--18},
    subtitle      = {Uma Classe Relevante Gramaticalmente?},
}

@inproceedings{duran2012,
    title         = {{PropBank-Br}: A Brazilian Treebank Annotated with Semantic Role Labels},
    author        = {Duran, Magali Sanches and Aluísio, Sandra Maria},
    year          = {2012},
    booktitle     = {Proceedings of the Eighth International Conference on Language Resources and Evaluation},
    location      = {Istanbul, Turkey},
    publisher     = {European Language Resources Association},
    pages         = {1862--1867},
    editor        = {Calzolari, Nicoletta  and Choukri, Khalid  and Declerck, Thierry  and Do{\u{g}}an, Mehmet U{\u{g}}ur  and Maegaard, Bente  and Mariani, Joseph  and Moreno, Asuncion  and Odijk, Jan  and Piperidis, Stelios},
}

@inproceedings{banarescu2013,
    title         = {Abstract Meaning Representation for Sembanking},
    author        = {Banarescu, Laura and others},
    year          = {2013},
    booktitle     = {Proceedings of the 7th Linguistic Annotation Workshop and Interoperability with Discourse},
    location      = {Sofia, Bulgaria},
    publisher     = {Association for Computational Linguistics},
    pages         = {178--186},
}

@inproceedings{cai2013,
    title         = {{Smatch}},
    author        = {Cai, Shu and Knight, Kevin},
    year          = {2013},
    booktitle     = {Proceedings of the 51st Annual Meeting of the Association for Computational Linguistics (Volume 2: Short Papers)},
    location      = {Sofia, Bulgaria},
    publisher     = {Association for Computational Linguistics},
    pages         = {748--752},
    subtitle      = {An Evaluation Metric for Semantic Feature Structures},
    editor        = {Schuetze, Hinrich  and Fung, Pascale  and Poesio, Massimo},
}

@inproceedings{fonseca2013,
    title         = {A Two-Step Convolutional Neural Network Approach for Semantic Role Labeling},
    author        = {Fonseca, Erick R. and Rosa, João Luís Garcia},
    year          = {2013},
    booktitle     = {The 2013 International Joint Conference on Neural Networks},
    location      = {Dallas, USA},
    publisher     = {Ieee},
    pages         = {1--7},
}

@misc{weischedel2013,
    title         = {OntoNotes Release 5.0 {LDC2013T19}},
    author        = {Weischedel, Ralph and others},
    year          = {2013},
    publisher     = {Linguistic Data Consortium},
    address       = {Philadelphia, USA},
}

@inproceedings{xue2014,
    title         = {Not an Interlingua, But Close},
    author        = {Xue, Nianwen  and Bojar, Ond{\v{r}}ej  and Haji{\v{c}}, Jan  and Palmer, Martha  and Ure{\v{s}}ov{\'a}, Zde{\v{n}}ka  and Zhang, Xiuhong},
    year          = {2014},
    booktitle     = {Proceedings of the Ninth International Conference on Language Resources and Evaluation},
    location      = {Reykjavik, Iceland},
    publisher     = {European Language Resources Association},
    pages         = {1765--1772},
    editor        = {Calzolari, Nicoletta  and Choukri, Khalid  and Declerck, Thierry  and Loftsson, Hrafn  and Maegaard, Bente  and Mariani, Joseph  and Moreno, Asuncion  and Odijk, Jan  and Piperidis, Stelios},
    subtitle      = {Comparison of English {AMRs} to Chinese and Czech},
}

@phdthesis{hartmann2015,
    title         = {Anotação Automática de Papéis Semânticos de Textos Jornalísticos e de Opinião sobre Árvores Sintáticas Não Revisadas},
    author        = {Hartmann, Nathan Siegle},
    year          = {2015},
    address       = {São Carlos, Brasil},
    doi           = {10.11606/D.55.2015.tde-27112015-140053},
    type          = {Dissertação (Mestrado em Ciências de Computação e Matemática Computacional)},
    school        = {Instituto de Ciências Matemáticas e de Computação, Universidade de São Paulo},
}

@inproceedings{vanderwende2015,
    title         = {An {AMR} Parser for English, French, German, Spanish and Japanese and a New {AMR}-annotated Corpus},
    author        = {Vanderwende, Lucy  and Menezes, Arul  and Quirk, Chris},
    year          = {2015},
    booktitle     = {Proceedings of the 2015 Conference of the North American Chapter of the Association for Computational Linguistics: Demonstrations},
    location      = {Denver, Colorado, USA},
    publisher     = {Association for Computational Linguistics},
    pages         = {26--30},
    doi           = {10.3115/v1/N15-3006},
    editor        = {Gerber, Matt  and Havasi, Catherine  and Lacatusu, Finley},
}

@incollection{cançado2016,
    title         = {Lexical Semantics},
    author        = {Cançado, Márcia and Gonçalves, Anabela},
    year          = {2016},
    booktitle     = {The Handbook of Portuguese Linguistics},
    pages         = {374--391},
    doi           = {10.1002/9781118791844.ch20},
    subtitle      = {Verb Classes and Alternations},
    editor        = {Wetzels, Leo and Costa, João and Menuzzi, Sergio},
}

@inproceedings{chen2016,
    title         = {{XGBoost}: A Scalable Tree Boosting System},
    author        = {Chen, T. and Guestrin, C.},
    year          = {2016},
    booktitle     = {Proceedings of the 22nd ACM SIGKDD International Conference on Knowledge Discovery and Data Mining},
    location      = {San Francisco, USA},
    publisher     = {Acm},
    pages         = {785--794},
    doi           = {10.1145/2939672},
    url           = {http://doi.acm.org/10.1145/2939672},
    editor        = {Balaji Krishnapuram and Mohak Shah and Alexander J. Smola and Charu Aggarwal and Dou Shen and Rajeev Rastogi},
}

@book{cançado2017,
    title         = {Introdução à Semântica Lexical},
    author        = {Cançado, Márcia and Amaral, Luana},
    year          = {2017},
    publisher     = {Editora Vozes Limitada},
    subtitle      = {Papéis Temáticos, Aspecto Lexical e Decomposição de Predicados},
}

@inproceedings{hartmann2017,
    title         = {Automatic Semantic Role Labeling on Non-Revised Syntactic Trees of Journalistic Texts},
    author        = {Nathan Siegle Hartmann and Magali Sanches Duran and Sandra Maria Alu{\'{\i}}sio},
    year          = {2017},
    booktitle     = {Computational Processing of the Portuguese Language},
    publisher     = {Springer International Publishing},
    address       = {Cham},
    pages         = {202--212},
    doi           = {10.1007/978-3-319-41552-9_20},
    isbn          = {978-3-319-41552-9},
    editor        = {Silva, Jo{\~a}o and Ribeiro, Ricardo and Quaresma, Paulo and Adami, Andr{\'e} and Branco, Ant{\'o}nio},
}

@article{lemaitre2017,
    title         = {Imbalanced-learn},
    author        = {Guillaume Lemaître and Fernando Nogueira and Christos K. Aridas},
    year          = {2017},
    journal       = {Journal of Machine Learning Research},
    volume        = {18},
    pages         = {1--5},
    subtitle      = {{A} Python Toolbox to Tackle the Curse of Imbalanced Datasets in Machine Learning},
}

@inproceedings{lundberg2017,
    title         = {A Unified Approach to Interpreting Model Predictions},
    author        = {Lundberg, Scott M. and Lee, Su-In},
    year          = {2017},
    booktitle     = {Proceedings of the 31st Conference on Neural Information Processing Systems},
    location      = {Long beach,California, USA},
    publisher     = {Curran Associates},
    address       = {Red Hook, NY, USA},
    volume        = {30},
    pages         = {4768--4777},
}

@inproceedings{anchiêta2018,
    title         = {Towards {AMR-BR}: A Sembank for Brazilian Portuguese Language},
    author        = {Torres Anchiêta, Rafael and Salgueiro Pardo, Thiago Alexandre},
    year          = {2018},
    booktitle     = {Proceedings of the Eleventh International Conference on Language Resources and Evaluation},
    location      = {Miyazaki, Japan},
    publisher     = {European Language Resources Association (ELRA)},
    pages         = {974--979},
    editor        = {Calzolari, Nicoletta  and Choukri, Khalid  and Cieri, Christopher  and Declerck, Thierry  and Goggi, Sara  and Hasida, Koiti  and Isahara, Hitoshi  and Maegaard, Bente  and Mariani, Joseph  and Mazo, H{\'e}l{\`e}ne  and Moreno, Asuncion  and Odijk, Jan  and Piperidis, Stelios  and Tokunaga, Takenobu},
}

@inproceedings{migueles2018,
    title         = {Annotating Abstract Meaning Representations for Spanish},
    author        = {Migueles-Abraira, Noelia  and Agerri, Rodrigo  and Diaz de Ilarraza, Arantza},
    year          = {2018},
    booktitle     = {Proceedings of the Eleventh International Conference on Language Resources and Evaluation},
    location      = {Miyazaki, Japan},
    publisher     = {European Language Resources Association},
    pages         = {3074--3078},
    editor        = {Calzolari, Nicoletta  and Choukri, Khalid  and Cieri, Christopher  andDeclerck, Thierry  and Goggi, Sara  and Hasida, Koiti  and Isahara, Hitoshi  and Maegaard, Bente  and Mariani, Joseph  and Mazo, H{\'e}l{\`e}ne  and Moreno, Asuncion  and Odijk, Jan  and Piperidis, Stelios  and Tokunaga, Takenobu},
}

@article{rodriguez2018,
    title         = {Beyond One-hot Encoding},
    author        = {Pau Rodríguez and Miguel A. Bautista and Jordi Gonzàlez and Sergio Escalera},
    year          = {2018},
    journal       = {Image and Vision Computing},
    volume        = {75},
    pages         = {21--31},
    doi           = {https://doi.org/10.1016/j.imavis.2018.04.004},
    subtitle      = {Lower Dimensional Target Embedding},
}

@inproceedings{damonte2019,
    title         = {Structural Neural Encoders for {AMR}-to-Text Generation},
    author        = {Damonte, Marco and Cohen, Shay B.},
    year          = {2019},
    booktitle     = {Proceedings of the 2019 Conference of the North {A}merican Chapter of the Association for Computational Linguistics: Human Language Technologies},
    location      = {Minneapolis, Minnesota},
    publisher     = {Association for Computational Linguistics (ACL)},
    address       = {Stroudsburg, PA},
    editor        = {Burstein, Jill  and Doran, Christy  and Solorio, Thamar},
}

@inproceedings{zhang2019,
    title         = {{AMR} Parsing as Sequence-to-Graph Transduction},
    author        = {Zhang, Sheng  and Ma, Xutai  and Duh, Kevin  and Van Durme, Benjamin},
    year          = {2019},
    booktitle     = {Proceedings of the 57th Annual Meeting of the Association for Computational Linguistics},
    location      = {Florence, Italy},
    publisher     = {Association for Computational Linguistics},
    pages         = {80--94},
    doi           = {10.18653/v1/P19-1009},
    url           = {https://aclanthology.org/P19-1009/},
    editor        = {Korhonen, Anna  and Traum, David  and M{\`a}rquez, Llu{\'i}s},
}

@inproceedings{ilmy2021,
    title         = {Parsing Indonesian Sentence into Abstract Meaning Representation using Machine Learning Approach},
    author        = {Adylan Roaffa Ilmy and Masayu Leylia Khodra},
    year          = {2020},
    booktitle     = {2020 7th International Conference on Advance Informatics: Concepts, Theory and Applications (ICAICTA)},
    pages         = {1--6},
    doi           = {10.1109/icaicta49861.2020.9429051},
}

@article{anchiêta2022,
    title         = {Análise Semântica com Base em {AMR} para o Português},
    author        = {Torres Anchiêta, Rafael and Salgueiro Pardo, Thiago Alexandre},
    year          = {2022},
    journal       = {Linguamática},
    volume        = {14},
    number        = {1},
    pages         = {33--48},
    doi           = {10.21814/lm.14.1.358},
    url           = {https://linguamatica.com/index.php/linguamatica/article/view/358},
}

@article{rodrigues2022,
    title         = {Descrição Linguística e Aprendizado de Máquina},
    author        = {Rodrigues, Roana and Souza, Jackson Wilke da Cruz and Santos, Roney Lira de Sales},
    year          = {2022},
    journal       = {Cadernos de Estudos Linguísticos},
    volume        = {64},
    number        = {00},
    pages         = {e022038},
    doi           = {10.20396/cel.v64i00.8666995},
    subtitle      = {Análise de Verbos Locativos do Espanhol},
}

@incollection{caseli2023,
    title         = {O que é {PLN}?},
    author        = {Caseli, Helena de Medeiros and Nunes, Maria das Graças Volpe and Pagano, Adriana},
    year          = {2023},
    booktitle     = {Processamento de Linguagem Natural: Conceitos, Técnicas e Aplicações em Português},
    publisher     = {Bpln},
    isbn          = {978-65-00-80693-9},
    url           = {https://brasileiraspln.com/livro-pln/1a-edicao/parte1/cap1/cap1.html},
    editor        = {Caseli, Helena de Medeiros and Nunes, Maria das Graças Volpe},
}

@article{inacio2023,
    title         = {The {AMR-PT} Corpus and the Semantic Annotation of Challenging Sentences from Journalistic and Opinion Texts},
    author        = {Lima Inácio, Marcio and Sobrevilla Cabezudo, Marco Antonio and Ramisch, Renata and Di Felippo, Ariani and Salgueiro Pardo, Thiago Alexandre},
    year          = {2023},
    journal       = {DELTA: Documentação de Estudos em Lingüística Teórica e Aplicada},
    volume        = {39},
    pages         = {e202339355159},
    doi           = {10.1590/1678-460x202339355159},
    url           = {https://revistas.pucsp.br/index.php/delta/article/view/55159},
}

@book{jurafsky2023,
    title         = {Speech and Language Processing},
    author        = {Jurafsky, D. and Martin, J.H.},
    year          = {2023},
    subtitle      = {An Introduction to Natural Language Processing, Computational Linguistics, and Speech Recognition},
    edition       = {3},
}

@inproceedings{freitas2024,
    title         = {{PropBank} e Anotação de Papéis Semânticos para a Língua Portuguesa: O que Há de Novo?},
    author        = {Freitas, Cláudia and Salgueiro Pardo, Thiago Alexandre},
    year          = {2024},
    booktitle     = {Anais do 15º Simpósio Brasileiro de Tecnologia da Informação e da Linguagem Humana (STIL)},
    location      = {Belém},
    publisher     = {Sociedade Brasileira de Computação},
    address       = {Porto Alegre},
    pages         = {118--128},
    doi           = {10.5753/stil.2024.245377},
    url           = {https://sol.sbc.org.br/index.php/stil/article/view/31123},
}

@misc{spacy2024,
    title         = {Industrial-Strength Natural Language Processing},
    author        = {{spaCy}},
    year          = {2024},
    urldate       = {2024-07-20},
    howpublished  = {https://spacy.io},
}
