@book{chapelle2001,
    title         = {Computer applications in second language acquisition},
    author        = {Chapelle, Carol},
    year          = {2001},
    publisher     = {Cambridge University Press},
    address       = {Cambridge},
}

@incollection{davies2006,
    title         = {Computer-Assisted Language Education},
    author        = {Davies, Graham},
    year          = {2006},
    booktitle     = {Concise encyclopedia of applied linguistics},
    publisher     = {Elsevier},
    address       = {Amsterdam},
    pages         = {261--271},
    editor        = {Bern, Margie},
}

@article{song2007,
    title         = {A Conceptual Model for Understanding Self-Directed Learning in Online Environments},
    author        = {Song, Liyan and Hill, Janette},
    year          = {2007},
    journal       = {Journal of Interactive Online Learning},
    volume        = {6},
    number        = {3},
    pages         = {27--42},
}

@book{zimmer2009,
    title         = {Pronunciation Instruction for Brazilians: Student's Book},
    author        = {Zimmer, M{\'a}rcia and Silveira, Rosane and Alves, Ubirat{\~a} Kickh{\"o}fel},
    year          = {2009},
    publisher     = {Cambridge Scholars Publishing},
    address       = {Newcastle-upon-Tyne},
}

@book{celcemurcia2010,
    title         = {Teaching pronunciation: A course book and reference guide},
    author        = {Celce-Murcia, Marianne and Brinton, Donna M. and Goodwin, Janet M.},
    year          = {2010},
    publisher     = {Cambridge University Press},
    address       = {Cambridge},
    note          = {Hardback with audio CDs (2)},
    edition       = {2},
}

@book{lane2010,
    title         = {Tips for teaching pronunciation: A practical approach},
    author        = {Lane, Linda and Brown, H. Douglas},
    year          = {2010},
    publisher     = {Pearson Longman},
    address       = {New York},
}

@incollection{littlewood2011,
    title         = {Communicative language teaching: An expanding concept for a changing world},
    author        = {Littlewood, William},
    year          = {2011},
    booktitle     = {Handbook of Research in Second Language Teaching and Learning, Volume II},
    publisher     = {Routledge},
    address       = {New York},
    pages         = {541--547},
    editor        = {Hinkel, Eli},
}

@article{martins2012,
    title         = {O campo CALL (Computer Assisted Language Learning): defini{\c c}{\~o}es, escopo e abrang{\^e}ncia},
    author        = {Martins, Claudia Beatriz Monte Jorge and Moreira, Herivelto},
    year          = {2012},
    journal       = {Calidosc{\'o}pio},
    volume        = {10},
    number        = {3},
    pages         = {247--255},
    doi           = {10.4013/cld.2012.103.05},
}

@book{stanley2013,
    title         = {Language learning with technology: Ideas for integrating technology in the classroom},
    author        = {Stanley, Graham},
    year          = {2013},
    publisher     = {Cambridge University Press},
    address       = {Cambridge},
}

@article{goncalves2014,
    title         = {A produ{\c c}{\~a}o das vogais altas anteriores do ingl{\^e}s por aprendizes brasileiros},
    author        = {Gon{\c c}alves, Alison Roberto and Silveira, Rosane},
    year          = {2014},
    journal       = {F{\'o}rum Lingu{\'i}stico},
    volume        = {11},
    pages         = {9--22},
    doi           = {10.5007/1984-8412.2014v11n1p9},
}

@article{jordao2014,
    title         = {ILA-ILF-ILE-ILG: Quem d{\'a} conta? EAL-ELF-EFL-EGL: Same Difference?},
    author        = {Jord{\~a}o, Clarissa M.},
    year          = {2014},
    journal       = {Revista Brasileira de Lingu{\'i}stica Aplicada},
    volume        = {14},
    pages         = {13--40},
    doi           = {10.1590/s1984-63982014005000002},
}

@book{derwing2015,
    title         = {Pronunciation Fundamentals: Evidence-based perspectives for L2 teaching and research},
    author        = {Derwing, Tracey M. and Munro, Murray J.},
    year          = {2015},
    publisher     = {John Benjamins Publishing Company},
    address       = {Amsterdam},
    doi           = {10.1075/lllt.42},
}

@article{goncalves2015,
    title         = {Intelligibility research in Brazil: empirical findings and methodological issues},
    author        = {Gon{\c c}alves, Alison Roberto and Silveira, Rosane},
    year          = {2015},
    journal       = {Revista Horizontes de Lingu{\'i}stica Aplicada},
    volume        = {14},
    number        = {1},
    pages         = {51--81},
}

@article{thomson2015,
    title         = {The Effectiveness of L2 Pronunciation Instruction: A Narrative Review},
    author        = {Thomson, Ron I. and Derwing, Tracey M.},
    year          = {2015},
    journal       = {Applied Linguistics},
    volume        = {36},
    number        = {3},
    pages         = {326--344},
    doi           = {10.1093/applin/amu076},
}

@article{chun2016,
    title         = {Technology in Language Use, Language Teaching, and Language Learning},
    author        = {Chun, Dorothy and Smith, Bryan and Kern, Richard},
    year          = {2016},
    journal       = {The Modern Language Journal},
    volume        = {100},
    number        = {S1},
    pages         = {64--80},
    doi           = {10.1111/modl.12302},
}

@article{collins2016,
    title         = {The Foreign Language Classroom: Current Perspectives and Future Considerations},
    author        = {Collins, Laura and Mu{\~n}oz, Carmen},
    year          = {2016},
    journal       = {The Modern Language Journal},
    volume        = {100},
    number        = {S1},
    pages         = {133--147},
    doi           = {10.1111/modl.12305},
}

@misc{google2016,
    title         = {Ten years of Google Translate},
    author        = {{Google}},
    year          = {2016},
    url           = {https://blog.google/products/translate/ten-years-of-google-translate/},
    urldate       = {2025-03-14},
}

@incollection{cardoso2017,
    title         = {English syllable structure},
    author        = {Cardoso, Walcir},
    year          = {2017},
    booktitle     = {The Routledge Handbook of Contemporary English Pronunciation},
    publisher     = {Routledge},
    address       = {New York},
    pages         = {122--136},
    editor        = {Kang, Okim and Thomson, Ron and Murphy, John},
    edition       = {1},
}

@incollection{chapelle2017,
    title         = {Evaluation of technology and language learning},
    author        = {Chapelle, Carol},
    year          = {2017},
    booktitle     = {The handbook of technology and second language teaching and learning},
    publisher     = {John Wiley \& Sons, Inc.},
    address       = {Hoboken, NJ},
    pages         = {378--392},
    editor        = {Chapelle, Carol and Sauro, Shannon},
    edition       = {1},
}

@incollection{foote2017,
    title         = {Second language pronunciation learning: An overview of theoretical perspectives},
    author        = {Foote, Jennifer A. and Trofimovich, Pavel},
    year          = {2017},
    booktitle     = {The Routledge handbook of contemporary English pronunciation},
    publisher     = {Routledge},
    address       = {London},
    pages         = {75--90},
    editor        = {Kang, Okim and Thomson, Ron and Murphy, John},
}

@incollection{silveira2017,
    title         = {Percep{\c c}{\~a}o, produ{\c c}{\~a}o e inteligibilidade do ingl{\^e}s falado por usu{\'a}rios brasileiros},
    author        = {Silveira, Rosane and Alves, Ubirat{\~a} Kickh{\"o}fel and Gottardi, William},
    year          = {2017},
    booktitle     = {Perspectivas atuais de aprendizagem e ensino de l{\'i}nguas},
    publisher     = {Lle/cce/ufsc},
    address       = {Florian{\'o}polis},
    pages         = {237--283},
}

@book{lai2018,
    title         = {Autonomous language learning with technology: Beyond the classroom},
    author        = {Lai, Chun},
    year          = {2018},
    publisher     = {Bloomsbury Publishing},
    address       = {London},
}

@article{obrien2018,
    title         = {Directions for the future of technology in pronunciation research and teaching},
    author        = {O'Brien, Mary Grantham and Derwing, Tracey M. and Levis, John M. and Sardegna, Veronica G.},
    year          = {2018},
    journal       = {Journal of Second Language Pronunciation},
    volume        = {4},
    number        = {2},
    pages         = {182--207},
    doi           = {10.1075/jslp.17001.obr},
}

@book{pennington2019,
    title         = {English pronunciation teaching and research},
    author        = {Pennington, Martha C. and Rogerson-Revell, Pamela Mary},
    year          = {2019},
    publisher     = {Palgrave Macmillan},
    address       = {London},
    volume        = {10},
    pages         = {978--988},
}

@incollection{burns2020,
    title         = {Speaking and pronunciation},
    author        = {Burns, Anne and Seidlhofer, Barbara},
    year          = {2020},
    booktitle     = {An introduction to applied linguistics},
    publisher     = {Routledge},
    address       = {London},
    pages         = {240--258},
    editor        = {Schmitt, Norbert},
    edition       = {3},
}

@incollection{chun2020,
    title         = {Computer-assisted pronunciation teaching},
    author        = {Chun, Dorothy M.},
    year          = {2020},
    booktitle     = {The Concise Encyclopedia of Applied Linguistics},
    publisher     = {Wiley Online Library},
    pages         = {213--223},
    doi           = {10.1002/9781119144038.ch24},
    editor        = {Chapelle, Carol A.},
}

@article{levis2020,
    title         = {Revisiting the Intelligibility and Nativeness Principles},
    author        = {Levis, John},
    year          = {2020},
    journal       = {Journal of Second Language Pronunciation},
    volume        = {6},
    number        = {3},
    pages         = {310--328},
    doi           = {10.1075/jslp.20038.lev},
}

@incollection{levis2020b,
    title         = {Automatic Speech Recognition},
    author        = {Levis, John and Suvorov, Ruslan},
    year          = {2020},
    booktitle     = {The Concise Encyclopedia of Applied Linguistics},
    publisher     = {Wiley Online Library},
    pages         = {149--156},
    doi           = {10.1002/9781119144038.ch15},
    editor        = {Chapelle, Carol A.},
}

@article{moussalli2020,
    title         = {Intelligent personal assistants: can they understand and be understood by accented L2 learners?},
    author        = {Moussalli, Souheila and Cardoso, Walcir},
    year          = {2020},
    journal       = {Computer Assisted Language Learning},
    volume        = {33},
    number        = {8},
    pages         = {865--890},
    doi           = {10.1080/09588221.2019.1595665},
}

@article{baldissera2021,
    title         = {Apps for developing pronunciation in English as an L2},
    author        = {Baldissera, Luana Garbin and Tumolo, Celso Henrique Soufen},
    year          = {2021},
    journal       = {Revista X},
    volume        = {16},
    number        = {5},
    pages         = {1355},
}

@article{rogersonrevell2021,
    title         = {Computer-Assisted Pronunciation Training (CAPT): Current Issues and Future Directions},
    author        = {Rogerson-Revell, Pamela Mary},
    year          = {2021},
    journal       = {RELC Journal},
    volume        = {52},
    number        = {1},
    pages         = {189--205},
    doi           = {10.1177/0033688220977910},
}

@book{soleimani2021,
    title         = {Computer Assisted Language Learning: Theory and Practice},
    author        = {Soleimani, Hassan},
    year          = {2021},
    publisher     = {Payame Noor University},
    address       = {Tehran},
}

@incollection{cardoso2022,
    title         = {Technology for speaking development},
    author        = {Cardoso, Walcir},
    year          = {2022},
    booktitle     = {The Routledge Handbook of Second Language Acquisition and Speaking},
    publisher     = {Routledge},
    address       = {London},
    pages         = {299--313},
    editor        = {Derwing, Tracey M. and Munro, Murray J. and Thomson, Ron I.},
    edition       = {1},
}

@article{gottardi2022,
    title         = {Automatic speech recognition and text-to-speech technologies for L2 pronunciation improvement: reflections on their affordances},
    author        = {Gottardi, William and Almeida, Janaina Fernanda de and Tumolo, Celso Henrique Soufen},
    year          = {2022},
    journal       = {Texto Livre},
    volume        = {15},
    doi           = {10.35699/1983-3652.2022.37939},
}

@article{kivistodesouza2022,
    title         = {How well can ASR technology understand foreign-accented speech?},
    author        = {Kivist{\"o}-de Souza, Hanna and Gottardi, William},
    year          = {2022},
    journal       = {Trabalhos em Lingu{\'i}stica Aplicada},
    volume        = {61},
    number        = {3},
    pages         = {764--781},
    doi           = {10.1590/010318135124420221123},
}

@incollection{liakina2022,
    title         = {Speech technologies and pronunciation training: What is the potential for efficient corrective feedback?},
    author        = {Liakina, Natallia and Liakin, Denis},
    year          = {2022},
    booktitle     = {Second Language Pronunciation: Different Approaches to Teaching and Training},
    publisher     = {De Gruyter Mouton},
    address       = {Berlin},
    pages         = {287--312},
    editor        = {Levis, John M. and Derwing, Tracey M.},
}

@article{silveira2022,
    title         = {Affordances of Digital Technology for English Pronunciation Teaching: The Perspective of Brazilian Teachers},
    author        = {Silveira, Rosane and Zanchet, Crystoffer E. and Pereira, Manuella Hinchingr},
    year          = {2022},
    journal       = {Veredas},
    volume        = {26},
    pages         = {1--25},
    doi           = {10.34019/1982-2243.2022.v26.37960},
}

@article{vanlieshout2022,
    title         = {Google Translate as a Tool for Self-Directed Language Learning},
    author        = {van Lieshout, Catharina and Cardoso, Walcir},
    year          = {2022},
    journal       = {Language Learning \& Technology},
    volume        = {26},
    number        = {1},
    pages         = {1--19},
}

@mastersthesis{gottardi2023,
    title         = {Automatic Speech Recognition as a Pronunciation Teaching Resource: What Are the In-Service Teachers' Perceptions of This Speech Technology?},
    author        = {Gottardi, William},
    year          = {2023},
    month         = {March},
    address       = {Florian{\'o}polis},
    school        = {Federal University of Santa Catarina (UFSC)},
}

@incollection{olson2023,
    title         = {Linking Linguistic Theory and Second Language Pedagogy: An Example from Second Language Pronunciation and Phonetics},
    author        = {Olson, Daniel J.},
    year          = {2023},
    booktitle     = {Variation in linguistics: second language acquisition, discourse studies, sociolinguistics, syntax},
    publisher     = {Cambridge Scholars Publishing},
    address       = {Newcastle-upon-Tyne},
    pages         = {26--45},
    editor        = {Sheu, Vanessa and Zhou, Alexis and Weirick, Joshua D.},
}

@book{unesco2023,
    title         = {Global Education Monitoring Report 2023: Technology in education -- A tool on whose terms?},
    author        = {{Unesco}},
    year          = {2023},
    publisher     = {Unesco},
    address       = {Paris},
    edition       = {1},
}

@misc{google2024,
    title         = {Translate by speech - Computer - Google Translate Help},
    author        = {{Google Translate}},
    year          = {2024},
    url           = {https://support.google.com/translate/answer/6142468?hl=en&ref_topic=7011659},
    urldate       = {2025-03-14},
}

@inproceedings{gottardi2024,
    title         = {Automatic Speech Recognition as a Pronunciation Teaching Resource: In-Service Teachers' Perceptions},
    author        = {Gottardi, William and Silveira, Rosane},
    year          = {2024},
    booktitle     = {PSLLT 14 - The Practice of Pronunciation},
    publisher     = {Iowa State University Digital Press},
    address       = {Ames, IA},
    url           = {https://www.iastatedigitalpress.com/psllt/article/id/17567/},
    urldate       = {2025-03-14},
}

@misc{ibm2024,
    title         = {What Is a Chatbot?},
    author        = {{Ibm}},
    year          = {2024},
    url           = {https://www.ibm.com/topics/chatbots},
    urldate       = {2025-03-14},
}

@misc{jurafsky2024,
    title         = {Speech and Language Processing: An Introduction to Natural Language Processing, Computational Linguistics, and Speech Recognition},
    author        = {Jurafsky, Daniel and Martin, James H.},
    year          = {2024},
    url           = {https://web.stanford.edu/~jurafsky/slp3/ed3book.pdf},
    urldate       = {2025-03-14},
    edition       = {3},
}

@article{kern2024,
    title         = {Twenty-first century technologies and language education: Charting a path forward},
    author        = {Kern, Richard},
    year          = {2024},
    journal       = {The Modern Language Journal},
    volume        = {108},
    number        = {2},
    pages         = {515--533},
    doi           = {10.1111/modl.12929},
}

@article{nickolai2024,
    title         = {Aggregating the evidence of automatic speech recognition research claims in CALL},
    author        = {Nickolai, Dan and Schaefer, Emma and Figueroa, Paula},
    year          = {2024},
    journal       = {System},
    volume        = {121},
    doi           = {10.1016/j.system.2024.103243},
}

@article{oshaughnessy2024,
    title         = {Trends and developments in automatic speech recognition research},
    author        = {O'Shaughnessy, Douglas},
    year          = {2024},
    journal       = {Computer Speech \& Language},
    volume        = {83},
    doi           = {10.1016/j.csl.2023.101558},
}

@article{santos2024,
    title         = {Examining Vowel Intelligibility in Brazilian Portuguese EFL Learners: A Study Using Automatic Speech Recognition},
    author        = {Santos, Fhelippe Waltelon Souza dos and Kivist{\"o}-de Souza, Hanna},
    year          = {2024},
    journal       = {Ilha do Desterro},
    volume        = {77},
    doi           = {10.5007/2175-8026.2024.e95566},
}
