
@article{apolo_pending_2020a,
	title = {Pending issues from digital inclusion in {Ecuador}: challenges for public policies, programs and projects developed and {ICT}-mediated teacher training},
	volume = {0},
	url = {https://revistes.ub.edu/index.php/der/article/view/30610},
	doi = {10.1344/der.2020.37.130-153},
	number = {37},
	urldate = {2021-05-27},
	journal = {Digital Education Review},
	author = {Apolo, Diego and Melo, Malena and Solano, Johe and Aliaga-Sáez, Felipe},
	pages = {130--153},
	year = {2020}
}

@incollection{basantes-andrade_eduprosumers:_2020b,
	address = {Cham},
	title = {Eduprosumers: {Educational} {Actors} in the {Digital} {Age}},
	volume = {1110},
	url = {http://link.springer.com/10.1007/978-3-030-37221-7_30},
	urldate = {2021-05-27},
	booktitle = {Technology, {Sustainability} and {Educational} {Innovation} ({TSIE})},
	publisher = {Springer International Publishing},
	author = {Apolo, Diego and D´aubeterre, Luis and González-Téllez, Silverio and Cabascango, Gabriela},
	editor = {Basantes-Andrade, Andrea and Naranjo-Toro, Miguel and Zambrano Vizuete, Marcelo and Botto-Tobar, Miguel},
	doi = {10.1007/978-3-030-37221-7_30},
	pages = {363--373},
	year = {2020}
}

@book{cobo_aprendizaje_2011,
	address = {Barcelona},
	edition = {1. ed},
	series = {Col.lecció {Transmedia} {XXI}},
	title = {Aprendizaje invisible: hacia una nueva ecología de la educación},
	publisher = {Universidad de Barcelona},
	author = {Cobo, Cristóbal and Moravec, John W.},
	year = {2011}
}

@book{banco_interamericano_de_desarrollo_[bid]_tecnologi:_2020,
	address = {Washington},
	title = {Tecnología: lo que puede y no puede hacer por la educación - {Una} comparación de cinco historias de éxito},
	url = {https://publications.iadb.org/es/tecnologia-lo-que-puede-y-no-puede-hacer-por-la-educacion-una-comparacion-de-cinco-historias-de},
	urldate = {2021-05-26},
	publisher = {BID},
	author = {{Banco Interamericano de Desarrollo [BID]}},
	year = {2020}
}

@article{baptista_lucio_encuesta_2020,
	title = {Encuesta {Nacional} a {Docentes} ante el {COVID}-19. {Retos} para la educación a distancia},
	volume = {L},
	url = {https://www.redalyc.org/jatsRepo/270/27063237021/html/index.html},
	number = {Esp.-},
	urldate = {2021-05-27},
	journal = {Revista Latinoamericana de Estudios Educativos (México)},
	author = {Baptista Lucio, Pilar  and Zimerman, Alejandro Almazán and Altamirano, César Alberto Loeza and Alcaraz, Víctor Alfonso López and Domínguez, José Luis Cárdenas},
	pages = {41--88},
	year = {2020}
}

@book{barber_como_2008,
	address = {Washington},
	title = {Cómo hicieron los sistemas educativos con mejor desempeño del mundo para alcanzar sus objetivos},
	publisher = {McKinsey \& Company},
	author = {Barber, Michael  and Mourshed, Mona},
	year = {2008}
}

@article{bonilla-guachamin_dos_2020,
	title = {Las dos caras de la educación en el {COVID}-19},
	volume = {9},
	url = {http://cienciamerica.uti.edu.ec/openjournal/index.php/uti/article/view/294},
	doi = {10.33210/ca.v9i2.294},
	number = {2},
	urldate = {2021-05-27},
	journal = {CienciAmérica},
	author = {Bonilla-Guachamín, Johanna Alexandra},
	month = may,
	year = {2020},
	pages = {89--98}
}

@book{christodoulou_teachers_2020,
	address = {Estados Unidos de América},
	title = {Teachers vs {Tech}?},
	publisher = {Oxford University Press},
	author = {Christodoulou, Daisy},
	year = {2020}
}

@article{diaz_quinones_pandemia_2020,
	title = {La pandemia de {COVID} 19 y sus implicaciones en la concepción, diseño e instrumentación didáctica de la educación médica superior cubana},
	volume = {18},
	url = {http://medisur.sld.cu/index.php/medisur/article/view/4677},
	number = {3},
	urldate = {2021-05-27},
	journal = {Medisur},
	author = {Díaz Quiñones, José Aurelio  and Valdés Gómez, María Lina },
	month = may,
	year = {2020},
	pages = {496--506}
}

@online{el_comercio_rastro_2020,
	title = {El rastro de 17754 alumnos de {Sierra} y {Amazonía} se perdió en la emergencia},
	url = {https://www.elcomercio.com/app_public.php/actualidad/rastro-alumnos-sierra-amazonia-ecuador.html},
	urldate = {2021-05-27},
	author = {{El Comercio}},
	year = {2020}
}

@article{giroux_pedagogipandemica._2020,
	title = {Pedagogía {Pandémica}. {Reproducción} {Funcional} o {Educación} {Antihegemónica}},
	volume = {9},
	url = {https://revistas.uam.es/riejs/article/view/12199},
	language = {es},
	number = {3},
	urldate = {2021-05-27},
	journal = {Revista Internacional de Educación para la Justicia Social},
	author = {Giroux, Henry and Rivera-Vargas, Pablo and Passeron, Ezequiel},
	month = may,
	year = {2020}
}

@article{gutierrez_conectivismo_2012,
	title = {Conectivismo como teoría de aprendizaje: conceptos, ideas, y posibles limitaciones},
	url = {http://revistaschilenas.uchile.cl/handle/2250/90},
	urldate = {2021-05-27},
	journal = {Educación y Tecnología},
	number = {1},
	author = {Gutierrez, Luis},
	month = mar,
	year = {2012},
	pages = {111-122}
}

@book{hernandez_sampieri_metodologiinvestigacion_2014,
	address = {México},
	title = {Metodología de la investigación},
	publisher = {McGraw Hill Interamericana},
	author = {Hernández Sampieri, Roberto and Fernández Collado, Carlos and Baptista Lucio, Pilar},
	year = {2014}
}

@online{instituto_nacional_de_estadisticas_y_censos_de_ecuador_[inec]_tecnologias_2019,
	title = {Tecnologías de la {Información} y {Comunicación}},
	url = {https://www.ecuadorencifras.gob.ec/documentos/web-inec/Estadisticas_Sociales/TIC/2019/201912_Principales_resultados_Multiproposito_TIC.pdf},
	urldate = {2021-05-27},
	author = {{Instituto Nacional de Estadísticas y Censos de Ecuador [INEC]}},
	year = {2019}
}

@online{instituto_nacional_de_estadisticas_y_censos_de_ecuador_[inec]_encuesta_2020,
	title = {Encuesta tecnológica},
	url = { https://www.ecuadorencifras.gob.ec/tecnologias-de-la-informacion-y-comunicacion-tic/},
	urldate = {2021-05-27},
	author = {{Instituto Nacional de Estadísticas y Censos de Ecuador [INEC]}},
	year = {2020}
}

@book{laboratorio_latinoamericano_de_evaluacion_de_la_calidad_de_la_educacion_[llece]_sistemas_2020,
	address = {Santiago},
	title = {Sistemas educativos de {América} {Latina} en respuesta a la {Covid}-19: {Continuidad} educativa y evaluación},
	url = {https://es.unesco.org/news/evaluacion-y-continuidad-educativa-alc-covid-19},
	urldate = {2021-05-27},
	publisher = {UNESCO},
	author = {{Laboratorio Latinoamericano de Evaluación de la Calidad de la Educación [LLECE]}},
	year = {2020}
}

@article{martinez_uso_2020,
	title = {Uso de aplicaciones online para plataformas en streaming: {Language} {Learning} with {Netflix}},
	volume = {13},
	url = {https://periodicos.ufmg.br/index.php/textolivre/article/view/24933},
	doi = {10.35699/1983-3652.2020.24933},
	number = {3},
	urldate = {2021-05-27},
	journal = {Texto Livre: Linguagem e Tecnologia},
	author = {Martínez, Silvia Martínez and Gómez, Coral Ivy Hunt},
	month = nov,
	year = {2020},
	pages = {63--78}
}

@online{ministerio_de_educacion_de_ecuador_curriculo_2016,
	title = {Currículo de los niveles de educación obligatoria},
	url = {https://educacion.gob.ec/wp-content/uploads/downloads/2016/03/Curriculo1.pdf},
	urldate = {2021-05-27},
	author = {{Ministerio de Educación de Ecuador}},
	year = {2016}
}

@online{organizacion_de_las_naciones_unidas_[onu]_priorizar_2021,
	title = {Priorizar la educación para todos los niños y niñas es el camino a la recuperación},
	url = {https://www.unicef.org/ecuador/comunicados-prensa/priorizar-la-educaci\%C3\%B3n-para-todos-los-ni\%C3\%B1os-y-ni\%C3\%B1as-es-el-camino-la-recuperaci\%C3\%B3n},
	urldate = {2021-05-27},
	author = {{Organización de las Naciones Unidas [ONU]}},
	year = {2021}
}

@book{perez-gomez_educarse_2012,
	address = {España},
	title = {Educarse en la era digital},
	publisher = {Morata},
	author = {Pérez-Gómez, Ángel I. },
	year = {2012}
}

@article{pericacho_experiencias_2020,
	title = {Experiencias de {Docencia} {Virtual} en {Facultades} de {Medicina} {Españolas} durante la pandemia {COVID}-19 ({I}): {Anatomía}, {Fisiología}, {Fisiopatología}, {Oncología}},
	volume = {1},
	url = {https://revistas.um.es/edumed/article/view/424931},
	doi = {10.6018/edumed.424931},
	number = {1},
	urldate = {2021-05-27},
	journal = {Revista Española de Educación Médica},
	author = {Pericacho, Miguel and Rosado, Juan Antonio and Pons de Villanueva, Juan and Arbea, Leire},
	month = may,
	year = {2020},
	pages = {32--39}
}

@article{ordonez_pinzon_estudio_2006,
	title = {Estudio exploratorio sobre las prácticas de enseñanza-aprendizaje adecuadas de las/los docentes. {Una} mirada a partir de las/los estudiantes},
	volume = {6},
	url = {https://www.redalyc.org/pdf/952/95260214.pdf},
	number = {2},
	urldate = {2021-05-27},
	journal = {Revista de Investigación},
	author = {Ordoñez Pinzón, Zoraida },
	year = {2006},
	pages = {271--279}
}

@article{onwuegbuzie_marco_2011,
	title = {Un marco cualitativo para la recolección y análisis de datos en la investigación basada en grupos focales},
	volume = {3},
	issn = {1909-4302},
	url = {https://dialnet.unirioja.es/servlet/articulo?codigo=3798215},
	number = {2},
	urldate = {2021-05-27},
	journal = {Paradigmas: una revista disciplinar de investigación},
	author = {Onwuegbuzie, Anthony J. and Leech, Nancy L. and Dickinson, Wendy B. and Zoran, Annmarie G.},
	year = {2011},
	pages = {127--157}
}

@online{unesco_bid_2020,
	title = {What have we learnt? {Overview} of findings from a survey of ministries of education on national responses to {COVID}-19},
	url = {https://openknowledge.worldbank.org/handle/10986/34700},
	urldate = {2021-05-27},
	author = {{Organización de las Naciones Unidas para la Educación, la Ciencia y la Cultura [UNESCO]} and {Banco Interamericano de Desarrollo [BID]}},
	year = {2020}
}

@online{organizacion_de_las_naciones_unidas_[onu]_objetivos_2012,
	title = {Objetivos de {Desarrollo} {Sostenible} [{ODS}]},
	url = {https://www.un.org/sustainabledevelopment/es/objetivos-de-desarrollo-sostenible/},
	urldate = {2021-05-27},
	author = {{Organización de las Naciones Unidas [ONU]}},
	year = {2012}
}

@article{pereira_perez_disenos_2011,
	title = {Los diseños de método mixto en la investigación en educación: {Una} experiencia concreta},
	volume = {15},
	url = {https://www.revistas.una.ac.cr/index.php/EDUCARE/article/view/867},
	doi = {10.15359/ree.15-1.2},
	number = {1},
	urldate = {2021-05-27},
	journal = {Revista Electrónica Educare},
	author = {Pereira Pérez, Zulay},
	month = jun,
	year = {2011},
	pages = {15--29}
}

@inproceedings{portela_falgueras_algunas_2019,
	title = {Algunas premisas consideradas para el logro de aprendizajes significativos y desarrolladores, como base del mejoramiento de la formación docentes en la carrera de educación básica de la {UNAE}},
	url = {https://dialnet.unirioja.es/servlet/articulo?codigo=7239565},
	urldate = {2021-05-27},
	booktitle = {Memorias del quinto {Congreso} {Internacional} de {Ciencias} {Pedagógicas} de {Ecuador}: {Aprendizaje} en la sociedad del conocimiento: modelos, experiencias y propuestos, 2019, págs. 894-904},
	publisher = {Instituto Superior Tecnológico Bolivariano},
	author = {Portela Falgueras, Rolando Juan },
	year = {2019},
	pages = {894--904}
}

@article{restrepo_mesa_metodos_2020,
	title = {Métodos de investigación en educación},
	url = {http://cimm.ucr.ac.cr/wordpress/wp-content/uploads/2010/12/Restrepo-MC.-Tabares-LE.-M\%C3\%A9todos-de-investigaci\%C3\%B3n-1999.pdf},
	number = {21},
	urldate = {2020-12-16},
	journal = {Revista de Ciencias Humanas},
	author = {Restrepo Mesa, María Consuelo and Tabares Idárraga, Luis Enrique},
	year = {2020},
	pages = {1--10}
}

@article{roig-vila_comunicacion_2021,
	title = {La comunicación en el aula universitaria en el contexto del {COVID}-19 a partir de la videoconferencia con {Google} {Meet}},
	volume = {24},
	url = {http://revistas.uned.es/index.php/ried/article/view/27519},
	doi = {10.5944/ried.24.1.27519},
	number = {1},
	urldate = {2021-05-27},
	journal = {RIED. Revista Iberoamericana de Educación a Distancia},
	author = {Roig-Vila, Rosabel and Urrea-Solano, Mayra and Merma-Molina, Gladys},
	month = jan,
	year = {2021},
	pages = {197--220}
}

@article{miguel_roman_educacion_2020,
	title = {La educación superior en tiempos de pandemia: una visión desde dentro del proceso formativo},
	volume = {50},
	url = {https://rlee.ibero.mx/index.php/rlee/article/view/95},
	doi = {10.48102/rlee.2020.50.ESPECIAL.95},
	number = {ESPECIAL},
	urldate = {2021-05-27},
	journal = {Revista Latinoamericana de Estudios Educativos},
	author = {Miguel Román, José Antonio},
	month = sep,
	year = {2020},
	pages = {13--40}
}

@article{castillo_lo_nodate,
	title = {Lo que la pandemia nos enseñó sobre la educación a distancia},
	volume = {L},
	url = {https://www.redalyc.org/jatsRepo/270/27063237028/html/index.html},
	language = {es},
	number = {Esp.-},
	urldate = {2021-05-27},
	journal = {Revista Latinoamericana de Estudios Educativos (México)},
	author = {Castillo, Lucía Mendoza},
	pages = {343--352}
}

@misc{siemens_connectivism:_2004,
	title = {Connectivism: {A} learning theory for the digital age},
	url = {http://www.elearnspace.org/Articles/connectivism.htm},
	urldate = {2021-05-27},
	author = {Siemens, George},
	year = {2004}
}

@article{siemens_connectivism:_2005,
	title = {Connectivism: a learning theory for the digital age},
	volume = {2},
	url = {https://lidtfoundations.pressbooks.com/chapter/connectivism-a-learning-theory-for-the-digital-age/},
	number = {1},
	urldate = {2021-05-27},
	journal = {International Journal of Instructional Technology and Distance Learning},
	author = {Siemens, George},
	year = {2005}
}

@article{vinals_blanco_rol_2016,
	title = {El rol del docente en la era digital},
	url = {https://redined.mecd.gob.es/xmlui/handle/11162/126979},
	urldate = {2021-05-27},
	journal = {Revista interuniversitaria de formación del profesorado},
	author = {Viñals Blanco, Ana and Cuenca Amigo, Jaime},
	year = {2016}
}

@article{silas_casillas_docente_2020,
	title = {El docente universitario frente a las tensiones que le plantea la pandemia},
	volume = {50},
	url = {https://www.redalyc.org/jatsRepo/270/27063237022/index.html},
	number = {Esp.-},
	urldate = {2021-05-30},
	journal = {Revista Latinoamericana de Estudios Educativos (México)},
	author = {Silas Casillas, Juan Carlos  and Vázquez Rodríguez, Sylvia},
	year = {2020},
	pages = {89--120}
}

@article{mendoza_castillo_lo_2020,
	title = {Lo que la pandemia nos enseñó sobre la educación a distancia},
	volume = {50},
	url = {https://www.redalyc.org/jatsRepo/270/27063237028/movil/index.html},
	number = {Esp.-},
	urldate = {2021-05-30},
	journal = {Revista Latinoamericana de Estudios Educativos (México)},
	author = {Mendoza Castillo, Lucía },
	year = {2020},
	pages = {343--352}
}