@article{sadler1989,
    title         = {Formative assessment and the design of instructional systems},
    author        = {Sadler, Royce D.},
    year          = {1989},
    journal       = {Instructional Science},
    volume        = {18},
    pages         = {119--144},
    doi           = {10.1007/bf00117714},
}

@article{nicol2006,
    title         = {Formative assessment and self‐regulated learning: A model and seven principles of good feedback practice},
    author        = {Nicol, David J. and Macfarlane-Dick, Debra},
    year          = {2006},
    journal       = {Studies in Higher Education},
    volume        = {31},
    number        = {2},
    pages         = {199--218},
    doi           = {10.1080/03075070600572090},
}

@article{black2009,
    title         = {Developing the theory of formative assessment},
    author        = {Black, Paul and Wiliam, Dylan},
    year          = {2009},
    journal       = {Educational Assessment, Evaluation and Accountability},
    volume        = {21},
    number        = {1},
    pages         = {5--31},
    doi           = {10.1007/s11092-008-9068-5},
}

@article{lopez-pastor2011,
    title         = {El papel de la evaluación formativa en la evaluación por competencias: aportaciones de la red de evaluación formativa y compartida en docencia universitaria},
    author        = {López-Pastor, Víctor},
    year          = {2011},
    journal       = {Redu Revista De Docencia Universitaria},
    volume        = {9},
    number        = {1},
    pages         = {159},
    doi           = {10.4995/redu.2011.6185},
}

@article{sandvoll2014,
    title         = {When intentions meet reality: consonance and dissonance in teacher approaches to peer assessment},
    author        = {Sandvoll, Sofie},
    year          = {2014},
    journal       = {Canadian Journal of Higher Education},
    volume        = {44},
    number        = {2},
    pages         = {118--134},
    doi           = {10.47678/cjhe.v44i2.183858},
}

@article{merellano2016,
    title         = {Buenos docentes universitarios: ¿qué dicen los estudiantes?},
    author        = {Merellano, Eugenio and others},
    year          = {2016},
    journal       = {Educação e Pesquisa},
    volume        = {42},
    number        = {4},
    pages         = {937--952},
    doi           = {10.1590/s1517-9702201612152689},
}

@article{gallardo-fuentes2017,
    title         = {¿Hay evaluación formativa y compartida en formación inicial del profesorado en Chile? percepción de alumnado, profesorado y egresados de una universidad},
    author        = {Gallardo-Fuentes, Francisco and others},
    year          = {2017},
    journal       = {Psychology Society \& Education},
    volume        = {9},
    number        = {2},
    pages         = {227},
    url           = {https://ojs.ual.es/ojs/index.php/psye/article/view/699},
}

@article{valdebenito2017,
    title         = {Cambio conceptual sobre la colaboración entre el profesorado y cooperación entre estudiantes},
    author        = {Valdebenito, Vanessa and Duran, David},
    year          = {2017},
    journal       = {Cadernos De Pesquisa},
    volume        = {24},
    number        = {3},
    pages         = {99},
    doi           = {10.18764/2178-2229.v24n3p99-112},
}

@misc{bcn2018decreto67,
    title         = {Decreto 67 de 2018: Modifica el Decreto Supremo N.º 511, de 1997, del Ministerio de Educación, que aprueba reglamento de evaluación y promoción escolar},
    author        = {{Biblioteca del Congreso de Chile (BCN)}},
    year          = {2018},
    address       = {Santiago de Chile},
    url           = {https://www.bcn.cl/leychile/navegar?idNorma=1127481},
    urldate       = {2025-08-15},
    organization  = {Bcn},
}

@article{revelo2018,
    title         = {El trabajo colaborativo como estrategia didáctica para la enseñanza/aprendizaje de la programación: una revisión sistemática de literatura},
    author        = {Revelo, Oscar and others},
    year          = {2018},
    journal       = {Tecnológicas},
    volume        = {21},
    number        = {41},
    pages         = {115--134},
    doi           = {10.22430/22565337.731},
}

@article{bizarro2019,
    title         = {Evaluación formativa en el marco del enfoque por competencias},
    author        = {Bizarro, William and others},
    year          = {2019},
    journal       = {Revista Innova Educación},
    volume        = {1},
    number        = {3},
    pages         = {374--390},
    doi           = {10.35622/j.rie.2019.03.r001},
}

@article{gutiérrez2019,
    title         = {Experiencia de mobile learning, evaluación formativa y compartida en el grado en magisterio en educación primaria en la universidad de cantabria},
    author        = {Gutiérrez, M. and Corrales, C.},
    year          = {2019},
    journal       = {Revista De Innovación Y Buenas Prácticas Docentes},
    volume        = {8},
    number        = {1},
    pages         = {15--26},
    doi           = {10.21071/ripadoc.v8i1.11991},
}

@article{martínez2019,
    title         = {El centro y las prácticas de colaboración docente como medios para la mejora educativa},
    author        = {Martínez, Eva},
    year          = {2019},
    journal       = {Ice Revista De Economía},
    number        = {910},
    doi           = {10.32796/ice.2019.910.6918},
}

@article{zavala2019,
    title         = {Redes interconectadas de docentes: asimilación trascendente de colaboración pedagógica},
    author        = {Zavala, Ana and others},
    year          = {2019},
    journal       = {Ciencia Digital},
    volume        = {3},
    number        = {3},
    pages         = {142--161},
    doi           = {10.33262/cienciadigital.v3i3.620},
}

@article{gallardo-fuentes2020,
    title         = {Ventajas e inconvenientes de la evaluación formativa, y su influencia en la autopercepción de competencias en alumnado de formación inicial del profesorado en educación física (advantages and issues of formative assessment and its influence on self-perce)},
    author        = {Gallardo-Fuentes, Francisco and others},
    year          = {2020},
    journal       = {Retos},
    number        = {38},
    pages         = {417--424},
    doi           = {10.47197/retos.v38i38.75540},
}

@article{mendoza2020,
    title         = {Importancia de la evaluación formativa en la educación superior},
    author        = {Mendoza, Walter and others},
    year          = {2020},
    journal       = {Reciamuc},
    volume        = {4},
    number        = {3},
    pages         = {319--326},
    doi           = {10.26820/reciamuc/4.(3).julio.2020.319-326},
}

@article{orellana2020,
    title         = {Significados y prácticas de evaluación formativa de los docentes formadores de profesores},
    author        = {Orellana, Catherine},
    year          = {2020},
    journal       = {Revista Educación Las Américas},
    volume        = {10},
    number        = {2},
    pages         = {185--199},
    doi           = {10.35811/rea.v10i2.98},
}

@article{pérez2020,
    title         = {Educación a distancia en tiempos de covid-19: análisis desde la perspectiva de los estudiantes universitarios},
    author        = {Pérez, Eva and others},
    year          = {2020},
    journal       = {Ried Revista Iberoamericana De Educación a Distancia},
    volume        = {24},
    number        = {1},
    pages         = {331},
    doi           = {10.5944/ried.24.1.27855},
}

@article{hidalgo2021,
    title         = {Reflexiones acerca de la evaluación formativa en el contexto universitario},
    author        = {Hidalgo, María},
    year          = {2021},
    journal       = {Revista Internacional De Pedagogía E Innovación Educativa},
    volume        = {1},
    number        = {1},
    pages         = {189--210},
    doi           = {10.51660/ripie.v1i1.32},
}

@inproceedings{flores2021,
    title         = {Aprendizagem colaborativa entre docentes como estratégia de desenvolvimento profissional},
    author        = {Flores, E. and others},
    year          = {2021},
    booktitle     = {Cinaic},
    doi           = {10.26754/cinaic.2021.0103},
}

@article{galarza-salazar2021,
    title         = {Evaluación formativa. una revisión sistemática: conceptos, autorregulación y educación en línea},
    author        = {Galarza-Salazar, Flor},
    year          = {2021},
    journal       = {593 Digital Publisher Ceit},
    volume        = {6},
    number        = {5-1},
    pages         = {5--1},
    doi           = {1.33386/593dp.2021.5-1.681},
}

@article{copado2022,
    title         = {Perspectiva teórica de la evaluación formativa en educación virtual},
    author        = {Copado, Ana},
    year          = {2022},
    journal       = {Recie Revista Electrónica Científica De Investigación Educativa},
    volume        = {6},
    doi           = {10.33010/recie.v6i0.1698},
}

@article{ortega2022,
    title         = {Patrones y predictores de colaboración docente: un estudio mixto en escuelas chilenas},
    author        = {Ortega, Lorena and others},
    year          = {2022},
    journal       = {Reice Revista Iberoamericana Sobre Calidad Eficacia Y Cambio en Educación},
    volume        = {21},
    number        = {1},
    pages         = {65--85},
    doi           = {10.15366/reice2023.21.1.004},
}

@article{navarro2023,
    title         = {Redes de aprendizaje profesional docente en contextos escolares chilenos},
    author        = {Navarro, Luiz and Pérez, Samuel},
    year          = {2023},
    journal       = {Cuadernos De Investigación Educativa},
    volume        = {14},
    number        = {1},
    doi           = {10.18861/cied.2023.14.1.3269},
}

@article{jihuallanca2023,
    title         = {La evaluación formativa en estudiantes de educación primaria: una revisión sistemática},
    author        = {Jihullanca, Inés and others},
    year          = {2023},
    journal       = {Ciencia Latina Revista Científica Multidisciplinar},
    volume        = {7},
    number        = {1},
    pages         = {752--770},
    doi           = {10.37811/cl_rcm.v7i1.4428},
}

@article{yazidi2023,
    title         = {Investigating the influence of formative assessment on the learning process in the English language classroom},
    author        = {Yazidi, Rachid},
    year          = {2023},
    journal       = {Asian Journal of Education and Training},
    volume        = {9},
    number        = {1},
    pages         = {23--32},
    doi           = {10.20448/edu.v9i1.4540},
}

@article{lombardo-bertolini2024,
    title         = {Evaluación formativa, uso de las TIC y articulación curricular en la carrera de pedagogía en filosofía y cursos de filosofía en el sistema escolar medio y secundario en Chile},
    author        = {Lombardo-Bertolini, Patricio and others},
    year          = {2024},
    journal       = {Praxis Educativa},
    volume        = {19},
    pages         = {1--18},
    doi           = {10.5212/PraxEduc.v.19.22669.010},
}
