@online{statista,
    title         = {Cloud infrastructure services vendor market share worldwide from 4th quarter 2017 to 4th quarter 2021},
    author        = {Statista},
    url           = {https://www.statista.com/statistics/967365/worldwide-cloud-infrastructure-services-market-share-vendor/},
    urldate       = {2022-08-07},
}

@book{pinto_o_2005,
    title         = {O conceito de tecnologia},
    author        = {Pinto, Alvaro Vieira},
    year          = {2005},
    publisher     = {Contraponto},
    address       = {Rio de Janeiro},
}

@book{gerhardt2009metodos,
    title         = {M{\'e}todos de pesquisa},
    author        = {Gerhardt, Tatiana Engel and Silveira, Denise Tolfo},
    year          = {2009},
    publisher     = {Editora da UFRGS},
    address       = {Porto Alegre},
}

@book{freire_educar_2011,
    title         = {Educar {Com} a {Mi}\'dia: {Novos} {Dia}\'logos {Sobre} {Educac}\ca\~o},
    author        = {Freire, Paulo and Guimara\~es, Se\'rgio},
    year          = {2011},
    publisher     = {Paz e Terra},
    address       = {Rio de Janeiro},
}

@book{severino2013,
    title         = {Metodologia do trabalho cient\'{\i}fico},
    author        = {Severino, Antonio Joaquim},
    year          = {2013},
    publisher     = {Cortez},
    address       = {S\~{a}o Paulo},
}

@book{morozov2018,
    title         = {Big Tech: a ascens\~{a}o dos dados e a morte da pol\'{\i}tica},
    author        = {Morozov, Evgenv},
    year          = {2018},
    publisher     = {Ubu Editora},
    address       = {S\~{a}o Paulo},
}

@online{agrawal2020,
    title         = {C\'{o}mo Microsoft construye nueva tecnolog\'{\i}a para llevar la agricultura de precisi\'{o}n a los agricultores m\'{a}s pobres del mundo},
    author        = {Agrawal, Rajat},
    year          = {2020},
    url           = {https://news.microsoft.com/es-xl/features/como-microsoft-construye-nueva-tecnologia-para-llevar-la-agricultura-de-precision-a-los-agricultores-mas-pobres-del-mundo/},
    urldate       = {2022-08-03},
}

@article{lima2020educaccao,
    title         = {Educa{\c{c}}{\~a}o, Dados e Plataformas: An{\'a}lise descritiva dos termos de uso dos servi{\c{c}}os educacionais Google e Microsoft},
    author        = {Lima, Stephane},
    year          = {2020},
    journal       = {Iniciativa Educa{\c{c}}{\~a}o Aberta},
    volume        = {27},
}

@book{zuboff2020era,
    title         = {A era do capitalismo de vigil{\^a}ncia: a luta por um futuro humano na nova fronteira do poder},
    author        = {Zuboff, Shoshana},
    year          = {2020},
    publisher     = {Intr\'{\i}nseca},
    address       = {Rio de Janeiro},
}

@article{cruz_neoliberalismo_2020,
    title         = {Neoliberalismo e crise: o avan\c{c}o silencioso do capitalismo de vigil\^{a}ncia na educa\c{c}\~{a}o brasileira durante a pandemia da {Covid}-19},
    author        = {Cruz, Leonardo Ribeiro Da and Venturini, Jamila Rodrigues},
    year          = {2020},
    month         = dec,
    journal       = {Revista Brasileira de Inform\'{a}tica na Educa\c{c}\~{a}o},
    volume        = {28},
    pages         = {1060--1085},
    doi           = {10.5753/rbie.2020.28.0.1060},
    url           = {https://br-ie.org/pub/index.php/rbie/article/view/v28p1060},
}

@online{comitegestor,
    title         = {Educa\c{c}\~{a}o em um cen\'{a}rio de plataformiza\c{c}\~{a}o e de economia dos dados: problemas e conceitos. N\'{u}cleo de Informa\c{c}\~{a}o e Coordena\c{c}\~{a}o do Ponto BR},
    author        = {{Comit\^{e} Gestor da Internet no Brasil}},
    year          = {2022},
    url           = {https://cgi.br/media/docs/publicacoes/1/20220929112852/educacao\_em\_um\_cenario\_de\_plataformiza\%C3\%A7ao\_e\_de\_economia\_de\_dados\_problemas\_e\_conceitos.pdf},
    urldate       = {2022-12-07},
}

@online{observatorioeduca√ßao,
    author        = {{Observat\'{o}rio, Educa\c{c}\~{a}o Vigiada}},
    year          = {2022},
    url           = {https://educacaovigiada.org.br/pt/sobre.html},
    urldate       = {2022-07-06},
}

@online{redmond2022,
    title         = {Microsoft conclui aquisi\c{c}\~{a}o da Nuance, inaugurando uma nova era da IA baseada em resultados},
    author        = {Redmond, Wash},
    year          = {2022},
    journal       = {Microsoft},
    url           = {https://news.microsoft.com/pt-br/microsoft-conclui-aquisicao-da-nuance-inaugurando-uma-nova-era-da-ia-baseada-em-resultados/},
    urldate       = {2022-08-03},
}

@online{observario2023,
    title         = {Universidades Federais e Institutos Federais de Educa\c{c}\~{a}o j\'{a} gastam quase 17 milh\~{o}es de reais desde 2021 com a utiliza\c{c}\~{a}o de ferramentas da Google. Educa\c{c}\~{a}o Vigiada},
    author        = {{Observat\'{o}rio, Educa\c{c}\~{a}o Vigiada}},
    year          = {2023},
}
