
@article{cruz_neoliberalismo_2020,
	title = {Neoliberalismo e crise: o avanço silencioso do capitalismo de vigilância na educação brasileira durante a pandemia da {Covid}-19},
	volume = {28},
	url = {https://br-ie.org/pub/index.php/rbie/article/view/v28p1060},
	doi = {10.5753/rbie.2020.28.0.1060},
	journal = {Revista Brasileira de Informática na Educação},
	author = {Cruz, Leonardo Ribeiro Da and Venturini, Jamila Rodrigues},
	month = dec,
	year = {2020},
	pages = {1060--1085},
}

@book{freire_educar_2011,
	address = {Rio de Janeiro},
	title = {Educar {Com} a {Mi}́dia: {Novos} {Dia}́logos {Sobre} {Educac}̧ão},
	publisher = {Paz e Terra},
	author = {Freire, Paulo and Guimarães, Sérgio},
	year = {2011},
}

@book{pinto_o_2005,
	address = {Rio de Janeiro},
	title = {O conceito de tecnologia},
	publisher = {Contraponto},
	author = {Pinto, Alvaro Vieira},
	year = {2005},
	keywords = {Technology, Philosophy, Technology and civilization, Civilização, Tecnologia (aspectos econômicos)},
}
