
@inproceedings{alencar_aelius:_2010,
	address = {Porto Alegre},
	title = {Aelius: uma ferramenta para anotação automática de corpora usando o {NLTK}},
	url = {http://corpuslg.org/gelc/media/blogs/elc2010/slides/Figueiredo_de_Alencar.pdf},
	urldate = {2021-12-27},
	booktitle = { {IX} {Encontro} de {Linguística} de {Corpus}},
	publisher = {PUCRS},
	author = {Alencar, L. F de},
	year = {2010},
}

@misc{alencar_grupo_2012,
	title = {Grupo de {Pesquisa} {Computação} e {Linguagem} {Natural}: {Corpus} de textos históricos},
	url = {http://complin.blogspot.com/2012/03/corpus-de-textos-historicos.html},
	urldate = {2021-12-27},
	journal = {Grupo de Pesquisa Computação e Linguagem Natural},
	author = {Alencar, L. F. de},
	month = mar,
	year = {2012},
}

@incollection{alencar_novos_2013,
	address = {Vitória},
	title = {Novos recursos do {Aelius} para o processamento computacional raso do português},
	booktitle = {Dialogar é preciso: linguística para o processamento de línguas},
	publisher = {PPGEL/UFES},
	author = {Alencar, L. F de},
	editor = {Laporte, E. and Smarsaro, A. and Vale, O.},
	year = {2013},
	pages = {7--20},
}

@misc{alencar_aelius_2013a,
	title = {About Aelius Brazilian Portuguese POS-Tagger},
	url = {http://aelius.sourceforge.net/},
	year = {2013},
	urldate = {2021-12-27},
	author = {Alencar, A. F. de},
}

@misc{alencar_aelius_2013b,
	title = {Aelius {User}'s {Manual}},
	url = {http://aelius.sourceforge.net/manual.html},
	year = {2013},
	urldate = {2021-12-27},
	author = {Alencar, A. F. de},
}

@book{bakhtin_estetica_1997,
	address = {São Paulo},
	title = {Estética da criação verbal},
	publisher = {Martins Fontes},
	author = {Bakhtin, M. M.},
	year = {1997},
}

@article{bharti_automatic_2017,
	title = {Automatic {Keyword} {Extraction} for {Text} {Summarization}: a survey},
	volume = {4},
	number = {6},
	journal = {European Journal of Advances in Engineering and Technology},
	author = {Bharti, S. K. and Babu, K. S.},
	year = {2017},
	pages = {410--427},
}

@article{bhatia_literature_2015,
	title = {Literature {Review} on {Automatic} {Text} {Summarization}: {Single} and {Multiple} {Summarizations}},
	volume = {117},
	url = {http://research.ijcaonline.org/volume117/number6/pxc3902948.pdf},
	doi = {10.5120/20560-2948},
	number = {6},
	urldate = {2021-12-27},
	journal = {International Journal of Computer Applications},
	author = {Bhatia, N. and Jaiswal, A.},
	month = may,
	year = {2015},
	pages = {25--29},
}

@book{bronckart_atividade_1999,
	address = {São Paulo},
	title = {Atividade de linguagem, textos e discursos. {Por} um interacionismo sócio-discursivo},
	publisher = {EDUC},
	author = {Bronckart, J.-P.},
	year = {1999},
}

@article{cambria_jumping_2014,
	title = {Jumping {NLP} {Curves}: {A} {Review} of {Natural} {Language} {Processing} {Research} [{Review} {Article}]},
	volume = {9},
	url = {http://ieeexplore.ieee.org/document/6786458/},
	doi = {10.1109/MCI.2014.2307227},
	number = {2},
	urldate = {2021-12-27},
	journal = {IEEE Computational Intelligence Magazine},
	author = {Cambria, E. and White, B.},
	month = may,
	year = {2014},
	pages = {48--57},
}

@article{cohen_highlights:_1995,
	title = {Highlights: {Language}- and domain-independent automatic indexing terms for abstracting},
	volume = {46},
	url = {https://onlinelibrary.wiley.com/doi/10.1002/(SICI)1097-4571(199504)46:3<162::AID-ASI2>3.0.CO;2-6},
	doi = {10.1002/(SICI)1097-4571(199504)46:3<162::AID-ASI2>3.0.CO;2-6},
	number = {3},
	urldate = {2021-12-27},
	journal = {Journal of the American Society for Information Science},
	author = {Cohen, J. D.},
	month = apr,
	year = {1995},
	pages = {162--174},
}

@inproceedings{de_oliveira_junior_monitoramento_2012,
	address = {Rio de Janeiro},
	title = {Monitoramento {Automático} de {Mensagens} de {Fóruns} de {Discussão} de {Texto} {Semi}-{Supervisionado}},
	booktitle = {{SBIE} - {Simpósio} {Brasileiro} de {Informática} na {Educação}},
	publisher = {SBIE},
	author = {De Oliveira Júnior, R. L. and Esmin, A. A. A},
	year = {2012},
}

@inproceedings{dima_metadata_2012,
	address = {Istanbul, Turkey},
	title = {A {Metadata} {Editor} to {Support} the {Description} of {Linguistic} {Resources}},
	url = {http://www.lrec-conf.org/proceedings/lrec2012/pdf/468_Paper.pdf},
	urldate = {2021-12-27},
	booktitle = {Proceedings of the {Eighth} {International} {Conference} on {Language} {Resources} and {Evaluation} ({LREC}'12)},
	publisher = {European Language Resources Association (ELRA)},
	author = {Dima, E. and Hoppermann, C. and Hinrichs, E. and Trippel, T. and Zinn, C.},
	month = may,
	year = {2012},
	pages = {1061--1066},
}

@incollection{domingues_o_2008,
	address = {São Paulo},
	title = {O desenvolvimento de um etiquetador morfossintático com alta acurácia para o português},
	booktitle = {Avanços da {Linguística} de {Corpus} no {Brasil}},
	publisher = {Humanistas,},
	author = {Domingues, M. L. and Favero, E. L. and De Medeiros, I. P.},
	editor = {VALE, O. A.},
	year = {2008},
	pages = {267--286},
}

@article{fialho_inesc-idassin:_2016,
	title = {{INESC}-{ID}@{ASSIN}: {Medição} de {Similaridade} {Semântica} e {Reconhecimento} de {Inferência} {Textual}},
	volume = {8},
	url = {https://linguamatica.com/index.php/linguamatica/article/view/v8n2-4},
	number = {2},
	urldate = {2021-12-27},
	journal = {Linguamática},
	author = {Fialho, P. and Marques, R. and Martins, B. and Coheur, L. and Quaresma, P.},
	month = dec,
	year = {2016},
	pages = {33--42},
}

@article{fonseca_etal_2018,
	title = {{AnoTex}: rotina de filtragem de dados estruturados do gênero artigo científico como contribuição para o {PLN}},
	volume = {11},
	url = {https://periodicos.ufmg.br/index.php/textolivre/article/view/16811},
	doi = {10.17851/1983-3652.11.3.40-64},
	number = {3},
	urldate = {2021-12-27},
	journal = {Texto Livre: Linguagem e Tecnologia},
	author = {Fonseca, C. A. and Souza Netto, R. S. de and Guelpeli, M. V. C. and Bodolay, A. N.},
	month = dec,
	year = {2018},
	pages = {40--64},
}

@phdthesis{fonseca_2018,
	address = {Diamantina},
	type = {Dissertação ({Mestrado} {Profissional} em {Educação})},
	title = {{AnoTex}: anotador de artigo científico para retextualização automática},
	url = {http://acervo.ufvjm.edu.br/jspui/handle/1/2114},
	urldate = {2021-12-27},
	school = {Universidade Federal dos Vales do Jequitinhonha e Mucuri},
	author = {Fonseca, C. A.},
	year = {2018},
}

@book{frakes_information_1992,
	address = {Englewood Cliffs, N.J},
	title = {Information retrieval: data structures \& algorithms},
	publisher = {Prentice Hall},
	editor = {Frakes, W. B. and Baeza-Yates, R.},
	year = {1992},
}

@misc{Scielo,
	title = {Guia de uso de elementos e atributos {XML} para documentos que seguem a implementação {SciELO} {Publishing} {Schema}. — {SciELO} {Publishing} {Schema} 1.5.1 documentation},
	url = {http://docs.scielo.org/projects/scielo-publishing-schema/pt_BR/1.5-branch/},
	year = {2016},
	urldate = {2021-12-27},
}

@article{jones_thesauric_1972,
	title = {Some thesauric history},
	volume = {24},
	url = {https://www.emerald.com/insight/content/doi/10.1108/eb050353/full/html},
	doi = {10.1108/eb050353},
	number = {7},
	urldate = {2021-12-27},
	journal = {Aslib Proceedings},
	author = {Jones, K. S.},
	month = jul,
	year = {1972},
	pages = {400--411},
}

@article{jones_automatic_2007,
	title = {Automatic summarising: {The} state of the art},
	volume = {43},
	url = {https://linkinghub.elsevier.com/retrieve/pii/S0306457307000878},
	doi = {10.1016/j.ipm.2007.03.009},
	number = {6},
	urldate = {2021-12-27},
	journal = {Information Processing \& Management},
	author = {Jones, K. S.},
	month = nov,
	year = {2007},
	pages = {1449--1481},
}

@article{jones_probabilistic_2000,
	title = {A probabilistic model of information retrieval: development and comparative experiments},
	volume = {36},
	url = {https://linkinghub.elsevier.com/retrieve/pii/S0306457300000157},
	doi = {10.1016/S0306-4573(00)00015-7},
	number = {6},
	urldate = {2021-12-27},
	journal = {Information Processing \& Management},
	author = {Jones, K. S. and Walker, S. and Robertson, S.E.},
	month = nov,
	year = {2000},
	pages = {779--808},
}

@book{swales_genre_1990,
	address = {Cambridge},
	series = {Cambridge applied linguistics series},
	title = {Genre analysis: {English} in academic and research settings},
	publisher = {Cambridge Univ. Pr},
	author = {Swales, J.},
	year = {1990},
}

@book{kucuk_application_2000,
	title = {Application of {Metadata} {Concepts} to {Discovery} of {Internet} {Resources}},
	url = {https://www.infona.pl//resource/bwmeta1.element.springer-f35534a0-afa3-3605-a53e-d291fae9c131},
	urldate = {2021-12-27},
	year = {2000},
	author = {Kucuk, M. E. and Olgun, B. and Sever, H.},
	doi = {10.1007/3-540-40888-6_29},
}

@article{landauer_introduction_1998,
	title = {An introduction to latent semantic analysis},
	volume = {25},
	url = {http://www.tandfonline.com/doi/abs/10.1080/01638539809545028},
	doi = {10.1080/01638539809545028},
	number = {2-3},
	urldate = {2021-12-27},
	journal = {Discourse Processes},
	author = {Landauer, T. K and Foltz, P. W. and Laham, D.},
	month = jan,
	year = {1998},
	pages = {259--284},
}

@inproceedings{lau_towards_2008,
	address = {Berlin, Heidelberg},
	series = {Lecture {Notes} in {Computer} {Science}},
	title = {Towards {Fuzzy} {Domain} {Ontology} {Based} {Concept} {Map} {Generation} for {E}-{Learning}},
	doi = {10.1007/978-3-540-78139-4_9},
	booktitle = {Advances in {Web} {Based} {Learning} – {ICWL} 2007},
	publisher = {Springer},
	author = {Lau, R. Y. K. and Chung, A. Y. K. and Song, D. and Huang, Q.},
	editor = {Leung, H. and Li, F. and Lau, R. and Li, Q.},
	year = {2008},
	pages = {90--101},
}

@article{lin_discovering_2009,
	title = {Discovering genres of online discussion threads via text mining},
	volume = {52},
	url = {https://linkinghub.elsevier.com/retrieve/pii/S0360131508001528},
	doi = {10.1016/j.compedu.2008.10.005},
	number = {2},
	urldate = {2021-12-27},
	journal = {Computers \& Education},
	author = {Lin, F.-R. and Hsieh, L.-S. and Chuang, F.-T.},
	month = feb,
	year = {2009},
	pages = {481--495},
}

@inproceedings{lin_identifying_1997,
	address = {Washington, DC},
	title = {Identifying topics by position},
	url = {http://portal.acm.org/citation.cfm?doid=974557.974599},
	doi = {10.3115/974557.974599},
	urldate = {2021-12-27},
	booktitle = {Proceedings of the fifth conference on {Applied} natural language processing  -},
	publisher = {Association for Computational Linguistics},
	author = {Lin, C.-Y. and Hovy, E.},
	year = {1997},
	pages = {283--290},
}

@article{liu_analyze_2017,
	title = {Analyze of {Subject} {Research} {Hot} {Spots} {Based} on {An} {Improved} {Algorithm} of {TF}*{IDF}——{Taking} {Information} {Science} for {Example}--《{Information} {Science}》2017年07期},
	volume = {7},
	url = {http://en.cnki.com.cn/Article_en/CJFDTotal-QBKX201707015.htm},
	number = {35},
	urldate = {2021-12-27},
	journal = {Information Science},
	author = {Liu, X. and Li, C. and Feng, Z.},
	year = {2017},
	pages = {015},
}

@inproceedings{liu_extractive_2009,
	address = {Berlin, Heidelberg},
	series = {Lecture {Notes} in {Computer} {Science}},
	title = {An {Extractive} {Text} {Summarizer} {Based} on {Significant} {Words}},
	doi = {10.1007/978-3-642-00831-3_16},
	booktitle = {Computer {Processing} of {Oriental} {Languages}. {Language} {Technology} for the {Knowledge}-based {Economy}},
	publisher = {Springer},
	author = {Liu, X. and Webster, J. J. and Kit, C.},
	editor = {Li, W. and Mollá-Aliod, D.},
	year = {2009},
	pages = {168--178},
}

@article{lovins_development_1968,
	title = {Development of a {Stemming} {Algorithm}},
	volume = {11},
	number = {1},
	journal = {Mechanical Translation and Computational Linguistics},
	author = {Lovins, J. B.},
	year = {1968},
	pages = {22--31},
}

@article{luhn_automatic_1958,
	title = {The {Automatic} {Creation} of {Literature} {Abstracts}},
	volume = {2},
	url = {http://ieeexplore.ieee.org/document/5392672/},
	doi = {10.1147/rd.22.0159},
	number = {2},
	urldate = {2021-12-27},
	journal = {IBM Journal of Research and Development},
	author = {Luhn, H. P.},
	month = apr,
	year = {1958},
	pages = {159--165},
}

@inproceedings{lui_evaluation_2007,
	title = {An {Evaluation} of {Automatic} {Text} {Categorization} in {Online} {Discussion} {Analysis}},
	doi = {10.1109/ICALT.2007.59},
	booktitle = {Seventh {IEEE} {International} {Conference} on {Advanced} {Learning} {Technologies} ({ICALT} 2007)},
	author = {Lui, A. K.-F. and Li, S. C. and Choy, S. O.},
	month = jul,
	year = {2007},
	pages = {205--209},
}

@inproceedings{lyse_comedi:_2015,
	address = {Bergen, Norway},
	title = {{COMEDI}: {A} component metadata editor},
	url = {https://ep.liu.se/en/conference-article.aspx?series=ecp&issue=116&Article_No=8},
	urldate = {2021-12-27},
	booktitle = {Selected papers of the {CLARIN} {Annual} {Conference} 2014},
	publisher = {Linköping University Electronic Press},
	author = {Lyse, G. I. and Meurer, P. and De Smedt, K.},
	year = {2015},
}

@article{manaris_natural_1998,
	title = {Natural {Language} {Processing}: {A} {Human}-{Computer} {Interaction} {Perspective}},
	volume = {47},
	number = {C},
	journal = {Advances in Computers},
	author = {Manaris, B.},
	year = {1998},
	pages = {1--66},
}

@book{marcantonio_elaboracao_1993,
	title = {Elaboração e divulgação do trabalho científico},
	publisher = {Atlas},
	author = {Marcantonio, A. T. and Santos, M. dos and Lehfeld, N. A. de S.},
	year = {1993},
}

@book{marconi_fundamentos_2010,
	address = {São Paulo},
	title = {Fundamentos de metodologia científica},
	publisher = {Atlas},
	address = {São Paulo},
	author = {Marconi, M. de A. and Lakatos, E. M.},
	year = {2010},
}

@incollection{marcuschi_generos_2002,
	address = {Rio de Janeiro},
	title = {Gêneros textuais: definição e funcionalidade},
	booktitle = {Gêneros textuais e ensino},
	publisher = {Lucerna},
	author = {Marcuschi, L. A.},
	editor = {Dionísio, A. P. and Machado, A. R. and Bezerra, M. A.},
	year = {2002},
	pages = {19--36},
}

@incollection{marcuschi_generos_2004,
	address = {Rio de Janeiro},
	title = {Gêneros textuais emergentes no contexto da tecnologia digital},
	booktitle = {Hipertexto e gêneros digitais: novas formas de construção de sentido},
	publisher = {Lucerna},
	author = {Marcuschi, L. A.},
	editor = {Marcuschi, L. A. and Xavier, A. C.},
	year = {2004},
	pages = {13--67},
}

@article{matencio_atividade_2002,
	title = {Atividade de ({Re})textualização em práticas acadêmicas: um estudo do resum},
	volume = {6},
	url = {http://periodicos.pucminas.br/index.php/scripta/article/view/12453},
	number = {11},
	urldate = {2021-12-27},
	journal = {Scripta},
	author = {Matencio, M. de L. M.},
	month = oct,
	year = {2002},
	pages = {109--122},
}

@article{reiter_structured_2018,
	title = {A {Structured} {Review} of the {Validity} of {BLEU}},
	volume = {44},
	url = {https://direct.mit.edu/coli/article/44/3/393-401/1598},
	doi = {10.1162/coli_a_00322},
	number = {3},
	urldate = {2021-12-27},
	journal = {Computational Linguistics},
	author = {Reiter, E.},
	month = sep,
	year = {2018},
	pages = {393--401},
}

@article{rocha_pragmasum:_2017,
	title = {{PragmaSUM}: automatic tex summarizer based on user profile},
	volume = {9},
	number = {7},
	journal = { International Journal of Current Research},
	author = {Rocha, V. J. C. and Guelpeli, M. V. C.},
	year = {2017},
	pages = {53935--53942},
}

@inproceedings{rolim_identificacao_2016,
	address = {Uberlandia, Minas Gerais, Brasil},
	title = {Identificação {Automática} de {Dúvidas} em {Fóruns} {Educacionais}},
	url = {http://www.br-ie.org/pub/index.php/sbie/article/view/6779},
	doi = {10.5753/cbie.sbie.2016.936},
	urldate = {2021-12-27},
	author = {Rolim, V. and Ferreira, R. and Costa, E.},
	month = nov,
	year = {2016},
	pages = {936},
}

@book{salton_introduction_1983,
	address = {New York},
	series = {{McGraw}-{Hill} computer science series},
	title = {Introduction to modern information retrieval},
	publisher = {McGraw-Hill},
	author = {Salton, G. and McGill, M. J.},
	year = {1983},
}

@inproceedings{santos_learning_2014,
	title = {Learning {Character}-level {Representations} for {Part}-of-{Speech} {Tagging}},
	booktitle = {Proceedings of the 31st {International} {Conference} on {Machine} {Learning} ({ICML}-14)},
	author = {Santos, C. N. dos and Zadrozny, B.},
	year = {2014},
	pages = {1818--1826},
}

@book{sardinha_linguistica_2004,
	address = {Barueri},
	title = {Lingüística de corpus},
	publisher = {Manole},
	author = {Sardinha, T. B.},
	year = {2004},
}

@article{scarton_alise_2010,
	title = {Análise da {Inteligibilidade} de textos via ferramentas de {Processamento} de {Língua} {Natural}: adaptando as métricas do {Coh}-{Metrix} para o {Português}},
	volume = {2},
	url = {https://linguamatica.com/index.php/linguamatica/article/view/44},
	number = {1},
	urldate = {2021-12-27},
	journal = {Linguamática},
	author = {Scarton, C. E. and Aluísio, S. M.},
	month = apr,
	year = {2010},
	pages = {45--61},
}

@book{schneuwly_generos_2004,
	address = {Campinas, SP},
	title = {Gêneros orais e escritos na escola},
	publisher = {Mercado de Letras},
	author = {Schneuwly, B. and Dolz, J.},
	year = {2004},
}

@article{silva_elaboracao_2014,
	title = {A elaboração de um artigo científico: subsídios à apropriação desse gênero textual},
	volume = {32},
	url = {https://revistahorizontes.usf.edu.br/horizontes/article/view/88},
	doi = {10.24933/horizontes.v32i1.88},
	number = {1},
	urldate = {2021-12-27},
	journal = {Horizontes},
	author = {Silva, J. G. B. and Pereira, M. T. B. F. and Bueno, L.},
	month = jun,
	year = {2014},
}

@article{silva_mineracao_2015,
	title = {Mineração de {Dados} em publicações de {Fóruns} de {Discussões} do {Moodle} como geração de {Indicadores} para aprimoramento da {Gestão} {Educacional}},
	volume = {4},
	url = {http://br-ie.org/pub/index.php/wcbie/article/view/6220},
	doi = {10.5753/cbie.wcbie.2015.1084},
	number = {1},
	urldate = {2021-12-27},
	journal = {Anais dos Workshops do Congresso Brasileiro de Informática na Educação},
	author = {Silva, L. A. and Trindade, D. and Paula, C. de and Pinto, S.},
	month = oct,
	year = {2015},
	pages = {1084},
}

@incollection{sousa_e-dictor:_2010,
	address = {São Paulo},
	title = {E-{Dictor}: novas perspectivas na codificação e edição de corpora de textos históricos},
	booktitle = {Caminhos da {Linguística} de {Corpus}},
	publisher = {Mercado de Letras},
	author = {SOUSA, M. C. P. de and KEPLER, F. N. and FARIA, P. P. F. de},
	year = {2010},
	pages = {225--246},
}

@article{sousa_o_2014,
	title = {O {Corpus} {Tycho} {Brahe}: contribuições para as humanidades digitais no {Brasil}},
	volume = {16},
	url = {http://revistas.usp.br/flp/article/view/88404},
	doi = {10.11606/issn.2176-9419.v16ispep53-93},
	number = {spe},
	urldate = {2021-12-27},
	journal = {Filologia e Linguística Portuguesa},
	author = {Sousa, M. C. P. de},
	month = dec,
	year = {2014},
	pages = {53},
}

@inproceedings{sousa_uma_2016,
	title = {Uma proposta de automatização das edições {XML} do e-{Dictor}},
	url = {https://sefuefs2015.wordpress.com/},
	urldate = {2021-12-27},
	booktitle = {Anais},
	author = {SOUSA, M. C. P. de and KEPLER, F. N. and FARIA, P. P. F. de},
	year = {2016},
}

@inproceedings{tonelli_matching_2011,
	address = {Montpellier, France},
	title = {Matching documents and summaries using key-concepts {Sara}},
	booktitle = {Proceedings of the {Seventh} {DEFT} {Workshop}},
	author = {Tonelli, S. and Pianta, E.},
	year = {2011},
	pages = {73--83},
}

@inproceedings{vieira_linguistica_2001,
	title = {Lingüística computacional: princípios e aplicações},
	url = {http://www.inf.unioeste.br/~jorge/MESTRADOS/LETRAS - MECANISMOS DO FUNCIONAMENTO DA LINGUAGEM - PROCESSAMENTO DA LINGUAGEM NATURAL/ARTIGOS INTERESSANTES/lingu%EDstica computacional.pdf},
	urldate = {2021-12-27},
	booktitle = {Anais do {XXI} {Congresso} da {SBC}. {I} {Jornada} de {Atualização} em {Inteligência} {Artificial}},
	author = {Vieira, R. and Lima, V. L. S. de},
	year = {2001},
}

@inproceedings{webster_tokenization_1992,
	address = {Nantes, France},
	title = {Tokenization as the initial phase in {NLP}},
	volume = {4},
	url = {http://portal.acm.org/citation.cfm?doid=992424.992434},
	doi = {10.3115/992424.992434},
	language = {en},
	urldate = {2021-12-27},
	booktitle = {Proceedings of the 14th conference on {Computational} linguistics  -},
	publisher = {Association for Computational Linguistics},
	author = {Webster, J. J. and Kit, C.},
	year = {1992},
	pages = {1106},
}

@article{Silva_2006, 
title={O estudo Lingüístico-Computacional da Linguagem}, 
volume={41}, 
url={https://revistaseletronicas.pucrs.br/ojs/index.php/fale/article/view/597}, 
number={2}, 
journal={Letras de Hoje}, 
author={Silva, B. C. D. da}, 
year={2006}, 
month={set.} 
}