@article{alhomoud_articulation_2020,
	title = {The {Articulation} of {Language} of {Anger} in {Arabic} {Language}: {A} {Contrastive} {Cultural} {Linguistic} {Approach}},
	volume = {27},
	url = {https://www.asian-efl-journal.com/monthly-editions-new/2020-monthly-editions/volume-27-issue-5-1-december-2020/},
	number = {5.1},
	urldate = {2021-08-12},
	journal = {Asian EFL Journal Research Articles},
	author = {Alhomoud, G. N. J. and Ismail, S. M.},
	year = {2020},
	pages = {71--90},
}

@inproceedings{bentivogli_neural_2016,
	address = {Austin, Texas},
	title = {Neural versus {Phrase}-{Based} {Machine} {Translation} {Quality}: a {Case} {Study}},
	url = {http://aclweb.org/anthology/D16-1025},
	doi = {10.18653/v1/D16-1025},
	urldate = {2021-08-12},
	booktitle = {Proceedings of the 2016 {Conference} on {Empirical} {Methods} in {Natural}
          {Language} {Processing}},
	publisher = {Association for Computational Linguistics},
	author = {Bentivogli, Luisa and Bisazza, Arianna and Cettolo, Mauro and Federico, Marcello},
	year = {2016},
	pages = {257--267},
}

@article{bessou_contribution_2019,
	title = {Contribution au {Niveau} de l'{Approche} {Indirecte} {\textbackslash}`a {Base} de {Transfert} dans la {Traduction} {Automatique}},
	url = {http://arxiv.org/abs/1911.07030},
	urldate = {2021-08-12},
	journal = {arXiv:1911.07030 [cs]},
	author = {Bessou, Sadik},
	month = nov,
	year = {2015},
}

@article{blagodarna_insights_2018,
	title = {Insights into post-editors’ profiles and post-editing practices},
	url = {https://revistes.uab.cat/tradumatica/article/view/n16-blagodarna},
	doi = {10.5565/rev/tradumatica.198},
	number = {16},
	urldate = {2021-08-12},
	journal = {Tradumàtica: tecnologies de la traducció},
	author = {Blagodarna, Olena},
	month = dec,
	year = {2018},
	pages = {35},
}

@article{blanchon_pour_2007,
	title = {Pour l'évaluation externe des systèmes de {TA} par des méthodes fondées sur la tâche},
	author = {Blanchon, H. and Boitet, C.},
	year = {2007},
}

@inproceedings{burlot_evaluation_2018,
	title = {Évaluation morphologique pour la traduction automatique : adaptation au français ({Morphological} {Evaluation} for {Machine} {Translation} : {Adaptation} to {French})},
	url = {https://aclanthology.org/2018.jeptalnrecital-long.5},
	urldate = {2021-08-12},
	author = {Burlot, Franck and Yvon, François},
	year = {2018},
	pages = {61--74},
}

@article{doherty_design_2014,
	title = {The design and evaluation of a {Statistical} {Machine} {Translation} syllabus for translation students},
	volume = {8},
	url = {https://doi.org/10.1080/1750399X.2014.937571},
	doi = {10.1080/1750399X.2014.937571},
	number = {2},
	urldate = {2021-08-12},
	journal = {The Interpreter and Translator Trainer},
	author = {Doherty, Stephen and Kenny, Dorothy},
	month = may,
	year = {2014},
	pages = {295--315},
}

@article{elouafa_proverbe_2015,
	title = {Le proverbe : de la traduction à la communication},
	url = {http://journals.openedition.org/insaniyat/15024},
	doi = {10.4000/insaniyat.15024},
	number = {67},
	urldate = {2021-08-12},
	journal = {Insaniyat /\textlang{arabic}{إنسانيات}},
	author = {El Ouafa, Idriss},
	month = mar,
	year = {2015},
	pages = {47--63},
}

@inproceedings{federico_challenges_2018,
	title = {Challenges in {Adaptive} {Neural} {Machine} {Translation}},
	url = {https://aclanthology.org/W18-2106},
	urldate = {2021-08-12},
	author = {Federico, Marcello},
	month = mar,
	year = {2018},
	pages = {207--242},
}

@article{flanagan_testing_2014,
	title = {Testing post-editing guidelines: how translation trainees interpret them and how to tailor them for translator training purposes},
	volume = {8},
	url = {http://www.tandfonline.com/doi/abs/10.1080/1750399X.2014.936111},
	doi = {10.1080/1750399X.2014.936111},
	number = {2},
	urldate = {2021-08-12},
	journal = {The Interpreter and Translator Trainer},
	author = {Flanagan, Marian and Christensen, Tina Paulsen},
	month = may,
	year = {2014},
	pages = {257--275},
}

@inproceedings{gaspari_perception_2014,
	title = {Perception vs. reality: measuring machine translation post-editing productivity},
	url = {https://aclanthology.org/2014.amta-wptp.5},
	urldate = {2021-08-12},
	author = {Gaspari, Federico and Toral, Antonio and Naskar, Sudip Kumar and Groves, Declan and Way, Andy},
	year = {2014},
	pages = {60--72},
}

@article{gil-bardaji_resolution_2010,
	title = {La résolution de problèmes en traduction : quelques pistes},
	volume = {55},
	url = {http://id.erudit.org/iderudit/044240ar},
	doi = {10.7202/044240ar},
	number = {2},
	urldate = {2021-08-12},
	journal = {Meta},
	author = {Gil-Bardají, Anna},
	month = aug,
	year = {2010},
	pages = {275--286},
}

@article{ginovart_language_2020,
	title = {Language industry views on the profile of the post-editor},
	volume = {9},
	url = {http://www.jbe-platform.com/content/journals/10.1075/ts.19010.cid},
	doi = {10.1075/ts.19010.cid},
	number = {2},
	urldate = {2021-08-12},
	journal = {Translation Spaces},
	author = {Ginovart Cid, Clara and Colominas, Carme and Oliver, Antoni},
	month = dec,
	year = {2020},
	pages = {283--313},
}

@book{rossignol_dictionnaire_2013,
	address = {Paris},
	title = {Dictionnaire de proverbes francais-anglais et anglais-francais},
	publisher = {French and European Publications Inc},
	author = {Rossignol, Monique},
	month = may,
	year = {2013},
}

@article{guerberof_arenas_machine_2019,
	title = {Machine translation and post-editing training as part of a master’s programme},
	number = {31},
	urldate = {2021-08-12},
	journal = {Jostrans: The Journal of Specialised Translation},
	author = {Guerberof Arenas, Ana and Moorkens, Joss},
	month = jan,
	year = {2019},
	pages = {217--238},
}

@article{hubscher-davidson_reflection_2008,
	title = {A {Reflection} on {Action} {Research} {Processes} in {Translator} {Training}: {Project} on {Group} {Work} in {Level} 2 {Translation} {Classes}},
	volume = {2},
	url = {http://www.tandfonline.com/doi/abs/10.1080/1750399X.2008.10798767},
	doi = {10.1080/1750399X.2008.10798767},
	number = {1},
	urldate = {2021-08-12},
	journal = {The Interpreter and Translator Trainer},
	author = {Hubscher-Davidson, Séverine},
	month = mar,
	year = {2008},
	pages = {75--92},
}

@article{hurtado_albir_competence-based_2007,
	title = {Competence-based {Curriculum} {Design} for {Training} {Translators}},
	volume = {1},
	url = {http://www.tandfonline.com/doi/abs/10.1080/1750399X.2007.10798757},
	doi = {10.1080/1750399X.2007.10798757},
	number = {2},
	urldate = {2021-08-12},
	journal = {The Interpreter and Translator Trainer},
	author = {Hurtado Albir, Amparo },
	month = sep,
	year = {2007},
	pages = {163--195},
}

@article{hurtado_albir_acquisition_2015,
	title = {The {Acquisition} of {Translation} {Competence}. {Competences}, {Tasks}, and {Assessment} in {Translator} {Training}},
	volume = {60},
	url = {http://id.erudit.org/iderudit/1032857ar},
	doi = {10.7202/1032857ar},
	number = {2},
	urldate = {2021-08-12},
	journal = {Meta},
	author = {Hurtado Albir, Amparo and Taylor, Paul},
	month = sep,
	year = {2015},
	pages = {256--280},
}

@incollection{hutchins_1995,
	address = {Oxford},
	title = {Machine translation: a brief history},
	booktitle = {Concise history of the language sciences: from the {Sumerians} to the cognitivists},
	publisher = {Pergamon Press},
	author = {Hutchins, W. John},
	editor = {Koerner,  E. F. K. and Asher, R. E.},
	year = {1995},
	pages = {431--445},
}

@incollection{isabelle_challenge_2017,
	address = {Copenhagen},
	title = {A challenge set approach to evaluating machine translation},
	url = {https://www.aclweb.org/anthology/D17-1000.pdf},
	urldate = {2021-08-12},
	booktitle = {Proceedings of the 2017 {Conference} on {Empirical} {Methods} in {Natural} {Language} {Processing}},
	publisher = {The Association for Computational Linguistics},
	author = {Isabelle, Pierre and Cherry, Colin and Foster, George},
	year = {2017},
	pages = {2486--2496},
}

@article{kandeel_development_2019,
	title = {Development of projects reference framework for a {French}-{ArabicFrench} translation program},
	volume = {12},
	url = {http://www.xlinguae.eu/2019_12_01xl_15.html},
	doi = {10.18355/XL.2019.12.01XL.15},
	number = {1XL},
	urldate = {2021-08-12},
	journal = {XLinguae},
	author = {Kandeel, Rana},
	month = jan,
	year = {2019},
	pages = {195--217},
}

@article{kiraly_project-based_2006,
	title = {Project-{Based} {Learning}: {A} {Case} for {Situated} {Translation}},
	volume = {50},
	url = {http://id.erudit.org/iderudit/012063ar},
	doi = {10.7202/012063ar},
	number = {4},
	urldate = {2021-08-12},
	journal = {Meta},
	author = {Kiraly, Don},
	month = dec,
	year = {2005},
	pages = {1098--1111},
}

@article{kiraly_growing_2012,
	title = {Growing a {Project}-{Based} {Translation} {Pedagogy}: {A} {Fractal} {Perspective}},
	volume = {57},
	url = {http://id.erudit.org/iderudit/1012742ar},
	doi = {10.7202/1012742ar},
	number = {1},
	urldate = {2021-08-12},
	journal = {Meta},
	author = {Kiraly, Don},
	month = oct,
	year = {2012},
	pages = {82--95},
}

@incollection{kiraly_authentic_2016,
	address = {Göttingen},
	title = {Authentic {Project} {Work} and {Pedagogical} {Epistemologies}: {A} {Question} of competing or complementary worldviews?},
	booktitle = {Towards {Authentic} {Experiential} {Learning} in {Translator} {Education}},
	publisher = {V\&R unipress/Mainz University Press},
	author = {Kiraly, Don},
	editor = {Kiraly, Don},
	year = {2016},
	pages = {53--66},
}

@inproceedings{koponen_comparing_2012,
	title = {Comparing human perceptions of post-editing effort with post-editing operations},
	url = {https://aclanthology.org/W12-3123},
	abstract = {Maarit Koponen. Proceedings of the Seventh Workshop on Statistical Machine Translation. 2012.},
	urldate = {2021-08-12},
	author = {Koponen, Maarit},
	month = jun,
	year = {2012},
	pages = {181--190},
}

@inproceedings{koponen_how_2015,
	address = {Miami, Florida},
	title = {How to teach machine translation post-editing? {Experiences} from a post-editing course},
	publisher = {Association for Machine Translation in the Americas},
	url = {https://amtaweb.org/wp-content/uploads/2015/10/MTSummitXV_WPTP4Proceedings.pdf},
	urldate = {2021-08-12},
	booktitle = {Proceedings of 4th {Workshop} on {Post}-{Editing} {Technology} and {Practice} ({WPTP4})},
	author = {Koponen, Maarit},
	year = {2015},
	pages = {2--15},
}

@book{kussmaul_training_1995,
	address = {Amsterdam; Philadelphia},
	title = {Training the translator},
	url = {http://site.ebrary.com/id/10481796},
	language = {English},
	urldate = {2021-08-12},
	publisher = {J. Benjamins Pub. Co.},
	author = {Kussmaul, Paul},
	year = {1995},
}

@incollection{madec_traduction_nodate,
	address = {2000},
	title = {Traduction automatique et {Internet} : quelques problèmes},
	number = {25},
	booktitle = {{BULAG} la traduction et le traitement automatique des langues},
	author = {Madec, Henri and Mandic, Radomir},
	editor = {Cardey, Sylviane},
	publisher = {PUFC},
	pages = {23-- 46},
}

@incollection{marshman_translation_2012,
	address = {London, New York},
	title = {Translation technologies as seen through the eyes of educators and students. {Harmonizing} views with the help of a centralized teaching and learning resource},
	booktitle = {Global trends in translator and interpreter training, mediation and culture},
	publisher = {Continuum Advances in Translation},
	author = {Marshman, E. and Bowker, L.},
	editor = {Borodo, M. and Hubscher-Davidson, S.},
	year = {2012},
	pages = {69--95},
}

@article{mejri_figement_2008,
	title = {Figement et traduction : problématique générale},
	volume = {53},
	url = {http://id.erudit.org/iderudit/018517ar},
	doi = {10.7202/018517ar},
	number = {2},
	urldate = {2021-08-12},
	journal = {Meta},
	author = {Mejri, Salah},
	month = aug,
	year = {2008},
	pages = {244--252},
}

@article{milica_proverbes_2013,
	title = {Proverbes et anti-proverbes},
	volume = {1},
	number = {17},
	journal = {Philologica Jassyensia},
	author = {Milica, I.},
	year = {2013},
	pages = {63--68},
}

@article{orlando_training_2019,
	title = {Training and educating interpreter and translator trainers as practitioners-researchers-teachers},
	volume = {13},
	url = {https://www.tandfonline.com/doi/full/10.1080/1750399X.2019.1656407},
	doi = {10.1080/1750399X.2019.1656407},
	number = {3},
	urldate = {2021-08-12},
	journal = {The Interpreter and Translator Trainer},
	author = {Orlando, Marc},
	month = jul,
	year = {2019},
	pages = {216--232},
}

@article{peraldi_traduction_2016,
	title = {De la traduction automatique brute à la post-édition professionnelle évoluée : le cas de la traduction financière},
	volume = {XXI},
	url = {http://www.cairn.info/revue-francaise-de-linguistique-appliquee-2016-1-page-67.htm?ref=doi},
	doi = {10.3917/rfla.211.0067},
	number = {1},
	urldate = {2021-08-12},
	journal = {Revue française de linguistique appliquée},
	author = {Peraldi, Sandrine},
	year = {2016},
	pages = {67},
}

@article{poibeau_traduire_2016,
	title = {Traduire sans comprendre ? {La} place de la sémantique en traduction automatique},
	volume = {201},
	url = {http://www.cairn.info/revue-langages-2016-1-page-77.htm},
	doi = {10.3917/lang.201.0077},
	number = {1},
	urldate = {2021-08-12},
	journal = {Langages},
	author = {Poibeau, Thierry},
	year = {2016},
	pages = {77},
}

@article{pym_designing_2016,
	title = {Designing a course in {Translation} {Studies} to respond to students’ questions},
	volume = {10},
	url = {http://www.tandfonline.com/doi/full/10.1080/1750399X.2016.1198179},
	doi = {10.1080/1750399X.2016.1198179},
	number = {2},
	urldate = {2021-08-12},
	journal = {The Interpreter and Translator Trainer},
	author = {Pym, Anthony and Torres-Simón, Esther},
	month = may,
	year = {2016},
	pages = {183--203},
}

@incollection{rabadan_applied_2010,
	address = {Amesterdam},
	title = {Applied translation studies},
	booktitle = {Handbook of translation studies},
	publisher = {John Benjamins publishing company},
	author = {Rabadan, Rosa},
	editor = {Gambier, Yves and van Doorslaer, Luc},
	year = {2010},
	pages = {7--11},
}

@incollection{vaguer_expressions_2011,
	address = {Paris},
	title = {Expressions figées et traduction : langue, culture, traduction automatique, apprentissage, lexique.},
	booktitle = {Le figement linguistique : la parole entravée},
	publisher = {Honoré Champion},
	author = {Vaguer, Céline and Mejri, Salah},
	editor = {Anscombre, Jean-Claude},
	year = {2011},
	pages = {391--411},
}

@article{wozniak_peut-traduire_2010,
	title = {Peut-on traduire un proverbe ?},
	volume = {n° 157},
	url = {http://www.cairn.info/revue-ela-2010-1-page-35.htm?ref=doi},
	doi = {10.3917/ela.157.0035},
	number = {1},
	urldate = {2021-08-12},
	journal = {Éla. Études de linguistique appliquée},
	author = {Wozniak, Audrey},
	year = {2010},
	pages = {35},
}

@article{yvon_les_2019,
	title = {Les deux voies de la traduction automatique},
	volume = {n° 85},
	url = {https://www.cairn.info/revue-hermes-la-revue-2019-3-page-62.html},
	number = {3},
	urldate = {2021-08-12},
	journal = {Hermes, La Revue},
	author = {Yvon, François},
	month = nov,
	year = {2019},
	pages = {62--68},
}
