@incollection{agreda_montoro_formacion_2016,
	address = {Barcelona},
	edition = {Roig-Vila, Rosabel},
	title = {Formación de los docentes de las Facultades de Ciencias de la Educación en TIC de la Comunidad Autónoma Valenciana},
	url = {http://rua.ua.es/dspace/handle/10045/61787},
	booktitle = {Tecnología, innovación e investigación en los procesos de enseñanza-aprendizaje},
	publisher = {Octaedro},
	author = {Agreda Montoro, Miriam and Hinojo Lucena, María Angustias and Rodríguez García, Antonio Manuel and Alonso García, Santiago},
	year = {2016},
	pages = {1489--1498}
}

@book{unesco2010,
	address = {Bangkok},
	title = {ICT transforming education: a regional guide},
	author = {Anderson, Jonathan},
	publisher = {UNESCO},
	year = {2010}
}

@book{araya_olazaran_lengua_2015,
	address = {Zaragoza},
	title = {Lengua castellana y literatura 1: primaria},
	publisher = {Edelvives},
	author = {Araya Olazarán, Claudia and García Haczek, Manuel},
	year = {2015}
}

@book{araya_olazaran_lengua_2015-1,
	address = {Zaragoza},
	title = {Lengua castellana y literatura 2: primaria (2.º y 3.º trimestre)},
	language = {Spanish},
	publisher = {Edelvives},
	author = {Araya Olazarán, Claudia and García Haczek, Manuel},
	year = {2015}
}

@book{araya_olazaran_lengua_2015-2,
	address = {Zaragoza},
	title = {Lengua Castellana y Literatura 4: primaria (Tres trimestres)},
	publisher = {Edelvives},
	author = {Araya Olazarán,  Claudia and García Haczek, Manuel},
	year = {2015}
}

@book{araya_olazaran_lengua_2014,
	address = {Zaragoza},
	title = {Lengua Castellana y Literatura 5: primaria (Tres trimestres)},
	publisher = {Edelvives},
	author = {Araya Olazarán, Claudia and García Haczek, Manuel},
	year = {2014}
}

@book{araya_olazaran_lengua_2015-3,
	address = {Zaragoza},
	title = {Lengua Castellana y Literatura 6: primaria (Tres trimestres)},
	publisher = {Edelvives},
	author = {Araya Olazarán, Claudia and García Haczek,  Manuel},
	year = {2015}
}

@book{araya_olazaran_lengua_2014-1,
	address = {Zaragoza},
	title = {Lengua Castellana y Literatura 3: primaria (Tres trimestres)},
	publisher = {Edelvives},
	author = {Araya Olazarán, Claudia and García Haczek,  Manuel},
	year = {2014}
}

@phdthesis{berzosa_ramos_tic_2015,
	address = {Facultad de Educación de Segovia},
	type = {Tesis para optar al Grado de Doctor del Departamento de Pedagogía},
	title = {Las TIC en la escuela. Una propuesta de integración desde la investigación-acción},
	url = {http://uvadoc.uva.es/handle/10324/15007},
	school = {Universidad de Valladolid},
	author = {Berzosa Ramos, Ignacio},
	year = {2015}
}

@incollection{calcines_pinero_integracion_2016,
	address = {Barcelona},
	edition = {Rosabel Roig-Vila},
	title = {Las integración de las TIC a través del enfoque por tareas en la materia de Lengua Castellana y Literatura en Educación Secundaria},
	url = {http://rua.ua.es/dspace/handle/10045/61787},
	booktitle = {Tecnología, innovación e investigación en los procesos de enseñanza-aprendizaje},
	publisher = {Octaedro},
	author = {Calcines Piñero, María A. and Rodríguez Pulido, Josefa and Alemán Falcón, esús A.},
	year = {2016},
	pages = {176--182}
}

@article{carrasco_pradas_tic_2005,
	title = {Las TIC en la construccion del espacio europeo de educación superior. {Dos} experiencias docentes en teoría económica},
	volume = {36},
	issn = {1681-5653, 1022-6508},
	url = {https://rieoei.org/RIE/article/view/2837},
	doi = {10.35362/rie3612837},
	number = {1},
	urldate = {2021-03-14},
	journal = {Revista Iberoamericana de Educación},
	author = {Carrasco Pradas, Amparo and Gracia Expósito, Esperanza and De la Iglesia Villasol, Mª Covadonga},
	month = may,
	year = {2005},
	pages = {1--16}
}

@article{carrera_farran_identificacion_2012,
	title = {Identificación de la competencia digital del profesor universitario: un estudio exploratorio en el ámbito de las Ciencias Sociales},
	volume = {10},
	url = {https://polipapers.upv.es/index.php/REDU/article/view/6108},
	doi = {10.4995/redu.2012.6108},
	number = {2},
	urldate = {2021-03-14},
	journal = {REDU. Revista de Docencia Universitaria},
	author = {Carrera Farrán, Francesc Xavier and Coiduras Rodríguez, Jordi Lluís},
	month = aug,
	year = {2012},
	pages = {273}
}

@misc{carretero_2018,
	type = {Website},
	title = {The Digital Competence Framework for Citizens with eight proficiency levels and examples of use},
	url = {http://op.europa.eu/en/publication-detail/-/publication/3c5e7879-308f-11e7-9412-01aa75ed71a1/language-en},
	urldate = {2021-03-14},
	author = {Carretero, Stephanie and  Vuorikari, Riina and  Punie, Yves},
	month = mar,
	year = {2018}
}

@book{cassany_ensenar_1994,
	address = {Barcelona},
	title = {Enseñar lengua},
	publisher = {Graó},
	author = {Cassany, Daniel  and Luna, Marta and Sanz, Glória},
	year = {1994}
}

@book{choppin_les_2002,
	title = {Les manuels scolaires de langues vivantes de 1789 à nos jours},
	author = {Choppin, Alain},
	year = {2002}
}

@book{cohen_research_2011,
	address = {London, New York},
	title = {Research methods in education},
	publisher = {Routledge},
	author = {Cohen, Louis and Manion, Lawrence and Morrison, Keith},
	year = {2011}
}

@misc{comisioneuropea2013,
	type = {Text},
	title = {Opening up education},
	url = {https://ec.europa.eu/digital-single-market/en/opening-education},
	urldate = {2021-03-14},
	journal = {Shaping Europe's digital future - European Commission},
	author = {Comisión Europea},
	month = nov,
	year = {2013}
}

@techreport{dahlstrom__2014,
	address = {Louisville, CO},
	type = {Research Report},
	title = {ECAR Study of Undergraduate Students and Information Technology},
	url = {https://library.educause.edu/~/media/files/library/2014/10/ers1406-pdf.pdf?la=en},
	institution = {EDUCAUSE Center for Analysis and Research},
	author = {Dahlstrom, Eden  and Bichse, Jacqueline},
	month = oct,
	year = {2014}
}

@phdthesis{diaz_lazaro_redes_2013,
	address = {Facultad de Educación},
	type = {Máster de Tecnología Educativa, e-learning y gestión del conocimiento},
	title = {Redes de colaboración para el aprendizaje en Educación Superior: una experiencia en el grado en Educación Infantil},
	url = {https://digitum.um.es/digitum/bitstream/10201/36561/1/\%2522TFM_DIAZ\%20LAZARO.pdf},
	school = {Universidad de Murcia},
	author = {Díaz Lázaro, José Javier},
	year = {2013}
}

@incollection{diaz_lazaro_social_2016,
	address = {Barcelona},
	edition = {Rosabel Roig-Vila},
	title = {Social learning analytics en la educación superior. {Las} TIC y la colaboración en el aprendizaje del alumnado},
	url = {http://rua.ua.es/dspace/handle/10045/61787},
	booktitle = {Tecnología, innovación e investigación en los procesos de enseñanza-aprendizaje},
	publisher = {Octaedro},
	author = {Díaz Lázaro, José Javier},
	year = {2016},
	pages = {335--342}
}

@article{domingo-coscollola_classroom_2011,
	title = {Aulas 2.0 y uso de las TIC en la práctica docente},
	volume = {19},
	url = {https://www.revistacomunicar.com/index.php?contenido=detalles&numero=37&articulo=37-2011-20},
	doi = {10.3916/C37-2011-03-09},
	number = {37},
	urldate = {2021-03-14},
	journal = {Comunicar: Revista Científica Iberoamericana de Comunicación y Educación},
	author = {Domingo-Coscollola, María and Marquès-Graells, Pere},
	month = oct,
	year = {2011},
	pages = {169--175}
}

@article{escolano_benito_manual_2009,
	title = {El manual escolar y la cultura profesional de los docentes},
	volume = {14},
	issn = {1989-8614},
	url = {https://revistas.uam.es/tendenciaspedagogicas/article/view/1911},
	urldate = {2021-03-14},
	journal = {Tendencias Pedagógicas},
	author = {Escolano Benito, Agustín},
	year = {2009},
	pages = {169--180}
}

@article{escudero_munoz_investigacion_1983,
	title = {La investigación sobre medios de enseñanza: revisión y perspectivas actuales},
	volume = {1},
	copyright = {Derechos de autor},
	issn = {2386-3927},
	shorttitle = {La investigación sobre medios de enseñanza},
	url = {https://revistas.usal.es/index.php/0212-5374/article/view/3154},
	urldate = {2021-03-14},
	journal = {Enseñanza \& Teaching: Revista Interuniversitaria de Didáctica},
	author = {Escudero Muñoz, J. M.},
	year = {1983}
}

@article{fernandez-montalvo_effectiveness_2017,
	title = {Efectividad de un programa de alfabetización digital para estudiantes de Educación Primaria},
	volume = {29},
	url = {https://www.tandfonline.com/doi/full/10.1080/11356405.2016.1269501},
	doi = {10.1080/11356405.2016.1269501},
	number = {1},
	urldate = {2021-03-14},
	journal = {Cultura y Educación},
	author = {Fernández-Montalvo, Javier and Peñalva, Alicia and Irazabal, Itziar and López-Goñi, José J.},
	month = jan,
	year = {2017},
	pages = {1--30}
}

@article{fernandez-montalvo_habitos_2015,
	title = {Hábitos de uso y conductas de riesgo en Internet en la preadolescencia},
	volume = {44},
	url = {https://www.revistacomunicar.com/index.php?contenido=detalles&numero=44&articulo=44-2015-12},
	doi = {10.3916/C44-2015-12},
	urldate = {2021-03-14},
	journal = {Comunicar: Revista Científica de Comunicación y Educación},
	author = {Fernández-Montalvo, Javier and Peñalva-Vélez, María-Alicia and Irazabal, Itziar},
	year = {2015},
	pages = {113--121}
}

@incollection{gairin_sallan_cambio_2009,
	address = {Madrid},
	edition = {Joaquín Paredes Labra, Agustín de la Herrán Gascón (Coord.)},
	title = {Cambio y mejora. La Innovación en el aula, equipo de profesores y centro},
	booktitle = {La práctica de la innovación educativa},
	publisher = {Síntesis},
	author = {Gairín Sallán, Joaquín},
	year = {2009},
	pages = {21--48}
}

@article{gairin_sallan_2010,
	title = {La evaluación del impacto en programas de formación},
	volume = {8},
	url = {https://revistas.uam.es/reice/article/view/4724},
	number = {5},
	urldate = {2021-03-14},
	journal = {REICE. Revista Iberoamericana sobre Calidad, Eficacia y Cambio en Educación},
	author = {Gairín Sallán, Joaquín},
	year = {2010}
}

@article{gisbert_da_cruz_niveles_2011,
	title = {Niveles lingüísticos en el sistema educativo español: propuestas},
	url = {https://ebspain.es/pdfs/niveles_linguisticos.pdf},
	number = {32},
	journal = {Cátedra nova: revista de bachillerato},
	author = {Gisbert da Cruz, Xavier},
	year = {2011},
	pages = {123--129}
}

@article{gamiz_sanchez_estudio_2016,
	title = {Estudio de caso sobre las competencias digitales en el primer ciclo de Educación Primaria},
	volume = {1},
	url = {http://www.re-doe.com/index.php?journal=reidoe&page=article&op=view&path\%5B\%5D=12},
	number = {1},
	journal = {Revista Internacional de Didáctica y Organización Educativa},
	author = {Gámiz Sánchez, Vanesa María},
	year = {2016},
	pages = {44--68}
}

@incollection{gutierrez_fresned_mejora_2016,
	address = {Barcelona},
	edition = {Rosabel Roig-Vila},
	title = {Mejora del aprendizaje del lenguaje escrito a través de la escritura manuscrita y digital},
	url = {http://rua.ua.es/dspace/handle/10045/61787},
	booktitle = {Tecnología, innovación e investigación en los procesos de enseñanza-aprendizaje},
	publisher = {Octaedro},
	author = {Gutiérrez Fresned, Raúl  and Díez Mediavilla, Antonio },
	year = {2016},
	pages = {622--628}
}

@article{james_role_2009,
	title = {The role of sensorimotor learning in the perception of letter-like forms: Tracking the causes of neural specialization for letters},
	volume = {26},
	url = {http://www.tandfonline.com/doi/abs/10.1080/02643290802425914},
	doi = {10.1080/02643290802425914},
	number = {1},
	urldate = {2021-03-14},
	journal = {Cognitive Neuropsychology},
	author = {James, Karin H. and Atwood, Thea P.},
	month = feb,
	year = {2009},
	pages = {91--110}
}

@article{james_effects_2012,
	title = {The effects of handwriting experience on functional brain development in pre-literate children},
	volume = {1},
	url = {https://linkinghub.elsevier.com/retrieve/pii/S2211949312000038},
	doi = {10.1016/j.tine.2012.08.001},
	number = {1},
	urldate = {2021-03-14},
	journal = {Trends in Neuroscience and Education},
	author = {James, Karin H. and Engelhardt, Laura},
	month = dec,
	year = {2012},
	pages = {32--42}
}

@article{junta_de_andalucia_orden_2015,
	title = {Orden de 17 de marzo de 2015 por la que se desarrolla el currículo correspondiente a la Educación Primaria en Andalucía},
	url = {https://www.juntadeandalucia.es/boja/2015/60/1},
	number = {60},
	journal = {Boletín Oficial de la Junta de Andalucía},
	author = {{Junta de Andalucía}},
	month = mar,
	year = {2015},
	pages = {226--301}
}

@article{luque_de_la_rosa_tecnologias_2015,
	title = {Las tecnologías digitales en el alumnado de Primaria de Almería},
	url = {https://revistascientificas.us.es/index.php/IE/article/view/6837},
	doi = {10.12795/IE.2015.i85.06},
	number = {85},
	urldate = {2021-03-14},
	journal = {Investigación en la Escuela},
	author = {Luque de la Rosa, Antonio and Rodríguez Martínez, Dolores},
	month = apr,
	year = {2015},
	pages = {75--86}
}

@article{sara_malo_2010,
	title = {Infancia, Adolescencia y Tecnologías de la Información y la Comunicación (TICs) en Perspectiva Psicosocial},
	volume = {19},
	url = {http://scielo.isciii.es/scielo.php?script=sci_arttext&pid=S1132-05592010000100002&lng=es&nrm=iso},
	number = {1},
	urldate = {2021-03-14},
	journal = {Psychosocial Intervention},
	author = {Sara Malo Cerrato and Cristina Figuer Ramírez},
	year = {2010},
	pages = {1--4}
}

@article{marin_diaz_universidad_2012,
	title = {Universidad 2.0: actitudes y aptitudes ante las TIC del alumnado de nuevo ingreso de la escuela universitaria de magisterio de la UCO},
	copyright = {Derechos de autor 2017 Píxel-Bit. Revista de Medios y Educación},
	url = {https://recyt.fecyt.es/index.php/pixel/article/view/61445},
	urldate = {2021-03-14},
	journal = {Píxel-Bit. Revista de Medios y Educación},
	author = {Marín Díaz, Verónica  and Reche Urbano, Eloísa },
	month = jan,
	year = {2012},
	pages = {197--211}
}

@misc{marques_graells_nueva_2007,
	title = {Nueva cultura, nuevas competencias para los ciudadanos. {La} alfabetización digital. {Roles} de los estudiantes hoy},
	url = {http://www.peremarques.net/competen.htm},
	urldate = {2021-03-14},
	journal = {Pere Marquès Graells},
	author = {Marquès Graells, Pere },
	year = {2007},
	note = {publisher: Barcelona: UAB}
}

@incollection{martin_garcia_alisis_2016,
	address = {Barcelona},
	edition = {Rosabel Roig-Vila},
	title = {Análisis de integración de las TIC en un centro educativo de Ecuador},
	url = {http://rua.ua.es/dspace/handle/10045/61787},
	booktitle = {Tecnología, innovación e investigación en los procesos de enseñanza-aprendizaje},
	publisher = {Octaedro},
	author = {Martín García, Antonio Francisco},
	year = {2016},
	pages = {1725--1734}
}

@misc{ministerio_de_educación_ciencia_2006,
	title = {Propuestas para la renovación de las metodologías en la Universidad},
	url = {https://sede.educacion.gob.es/publiventa/propuestas-para-la-renovacion-de-las-metodologias-educativas-en-la-universidad/universidad/12114},
	journal = {Secretaría General Técnica. Centro de Publicaciones},
	author = {{Ministerio de Educación y Ciencia}},
	year = {2006}
}

@misc{ministerio_de_educacion_y_ciencia_real_2014,
	title = {Real Decreto 126/2014, de 28 de febrero, por el que se establece el currículo básico de la Educación Primaria},
	author = {{Ministerio de Educación y Ciencia}},
	month = mar,
	year = {2014},
	pages = {19349--10420}
}

@article{ortega-ruiz_towards_2014,
	title = {Hacia el constructo ciberconvivencia},
	volume = {37},
	url = {http://www.tandfonline.com/doi/abs/10.1080/02103702.2014.957537},
	doi = {10.1080/02103702.2014.957537},
	number = {3},
	urldate = {2021-03-14},
	journal = {Infancia y Aprendizaje},
	author = {Ortega-Ruiz, Rosario and Casas, José-Antonio and Del Rey, Rosario},
	month = jul,
	year = {2014},
	pages = {602--628}
}

@article{prats_i_fernandez_pueden_2015,
	title = {¿Pueden las TIC mejorar los resultados académicos? Diseños formativos y didácticos con soporte TIC que mejoran los aprendizajes: el caso de los contenidos digitales de ortografía de Digital-Text},
	volume = {33},
	url = {http://revistas.um.es/educatio/article/view/240841},
	doi = {10.6018/j/240841},
	number = {3},
	urldate = {2021-03-14},
	journal = {Educatio Siglo XXI},
	author = {Prats I Fernández, Miquel Àngel and Ojando Pons, Elena Sofía},
	month = nov,
	year = {2015},
	pages = {85}
}

@article{prendes_espinosa_competencias_2013,
	title = {Competencias tecnológicas del profesorado en las Universidades españolas},
	url = {https://doi.org/10.4438/1988-592X-RE-2011-361-140},
	doi = {10.4438/1988-592X-RE-2011-361-140},
	urldate = {2021-03-14},
	journal = {Revista de Educación},
	author = {Prendes Espinosa, M. Paz and Gutiérrez Porlán, Isabel},
	year = {2013}
}

@book{rodriguez_rodriguez_digital_2015,
	address = {Santiago de Compostela},
	title = {Digital Textbooks, What’s New?},
	publisher = {IARTEM/Servizo de Publicacións USC},
	author = {Rodríguez Rodríguez, Jesús  and Bruillard, Eric  and Horsley, Mike},
	year = {2015}
}

@article{san_martin_alonso_controversias_2018,
	title = {Controversias en la transición del libro de texto en papel y electrónico a los contenidos digitales},
	url = {http://www.um.es/ead/red/56/san_martin_peirats.pdf},
	doi = {10.6018/red/56/5},
	number = {56},
	urldate = {2021-03-14},
	journal = {Revista de Educación a Distancia (RED)},
	author = {San Martín Alonso, María Luisa and Peirats Chacón, José},
	month = jan,
	year = {2018}
}

@article{trujillo_torres_caracterizacion_2011,
	title = {Caracterización de la alfabetización digital desde la perspectiva del profesorado: la competencia docente digital},
	volume = {55},
	url = {https://rieoei.org/RIE/article/view/1579},
	doi = {10.35362/rie5541579},
	number = {4},
	urldate = {2021-03-14},
	journal = {Revista Iberoamericana de Educación},
	author = {Trujillo Torres, Juan Manuel and López Núñez, Juan Antonio and Pérez Navío, Eufrasio},
	month = may,
	year = {2011},
	pages = {1--16}
}

@article{valls_montes_manuales_1998,
	title = {Los manuales escolares y los materiales curriculares en la Historia},
	volume = {17},
	journal = {Iber: Didáctica de las ciencias sociales, geografía e historia},
	author = {Valls Montés, Rafael},
	year = {1998},
	pages = {69--78}
}

@misc{vera_castro_tics_2012,
	title = {TIC's en el proceso de enseñanza-aprendizaje del Castellano},
	url = {https://vinculando.org/educacion/introduccion-tic-proceso-ensenanza-aprendizaje-lengua-castellana.html},
	urldate = {2021-03-14},
	journal = {Revista Vinculando},
	author = {Vera Castro, Giomara},
	month = jul,
	year = {2012}
}

@article{villalain_benito_proyecto_2000,
	title = {El proyecto MANES: una aproximación sistemática al estudio de los manuales escolares de los siglos XIX y XX},
	url = {https://www2.uned.es/biblioteca/bibuned/bibuned20002.pdf},
	number = {6},
	journal = {Bibuned: Boletín Informativo de la UNED},
	author = {Villalaín Benito, José Luis},
	year = {2000},
	pages = {10--13}
}