@article{united20192020,
    title         = {Hate speech and real harm: There are historical precedents showing that hate speech can be a precursor to atrocity crimes},
    author        = {{United Nations}},
    year          = {[2019, 2020a]},
    journal       = {Hate Speech},
}

@article{united20192020b,
    title         = {The preventive role of education},
    author        = {{United Nations}},
    year          = {[2019, 2020b]},
    journal       = {Hate Speech},
}

@article{tajfel1971social,
    title         = {Social categorization and intergroup behaviour},
    author        = {Tajfel, Henri and Billig, Michael G and Bundy, Robert P and Flament, Claude},
    year          = {1971},
    journal       = {European journal of social psychology},
    volume        = {1},
    number        = {2},
    pages         = {149--178},
    doi           = {10.1002/ejsp.2420010202},
}

@book{popper1974,
    title         = {A sociedade aberta e seus inimigos},
    author        = {Popper, Karl Raimund},
    year          = {1974},
    publisher     = {Editora da Universidade de S\~{a}o Paulo},
    address       = {S\~{a}o Paulo},
}

@article{tajfel1974social,
    title         = {Social identity and intergroup behaviour},
    author        = {Tajfel, Henri},
    year          = {1974},
    journal       = {Social science information},
    volume        = {13},
    number        = {2},
    pages         = {65--93},
    doi           = {10.1177/053901847401300204},
}

@book{austin2009things,
    title         = {How to do things with words: the William James lectures delivered at Harvard University in 1955},
    author        = {Austin, John Langshaw},
    year          = {1975},
    publisher     = {Harvard University Press},
    address       = {Cambridge, Mass},
}

@article{allport1979nature,
    title         = {The nature of prejudice},
    author        = {Allport, Gordon Willard},
    year          = {1979},
    publisher     = {25th anniversary ed. Reading, Mass: Addison-Wesley Pub. Co},
    address       = {1979},
}

@book{lakoff2008women,
    title         = {Women, fire, and dangerous things: What categories reveal about the mind},
    author        = {Lakoff, George},
    year          = {1987},
    publisher     = {University of Chicago press},
    address       = {Chicago},
}

@incollection{turner1987,
    title         = {A self-categorization theory},
    author        = {Turner, John C.},
    year          = {1987},
    booktitle     = {Rediscovering the social group: self-categorization theory},
    publisher     = {Basil Blackwell},
    address       = {Oxford, UK},
    pages         = {42--67},
    editor        = {Turner, John C. and Hogg, Michael A. and Oakes, Penelope J. and Reicher, Stephen D. and Wetherell, Margaret S.},
}

@book{sherif1988robbers,
    title         = {The robbers cave experiment: Intergroup conflict and cooperation},
    author        = {Sherif, Muzafer},
    year          = {1988},
    publisher     = {Wesleyan University Press},
    address       = {Middletown, Conn},
}

@incollection{lederer1995,
    title         = {Introduction},
    author        = {Lederer, Laura J. and Delgado, Richard},
    year          = {1995},
    booktitle     = {The price we pay: the case against racist speech, hate propaganda and pornography},
    publisher     = {Hill and Wang},
    address       = {New York},
    pages         = {3--13},
    editor        = {Lederer, Laura J. and Delgado, Richard},
}

@article{hilton1996stereotypes,
    title         = {Stereotypes},
    author        = {Hilton, James L and Von Hippel, William},
    year          = {1996},
    journal       = {Annual review of psychology},
    volume        = {47},
    number        = {1},
    pages         = {237--271},
    doi           = {10.1146/annurev.psych.47.1.237},
}

@article{fein1997prejudice,
    title         = {Prejudice as self-image maintenance: Affirming the self through derogating others},
    author        = {Fein, Steven and Spencer, Steven J},
    year          = {1997},
    journal       = {Journal of personality and Social Psychology},
    volume        = {73},
    number        = {1},
    pages         = {31--44},
    doi           = {10.1037/0022-3514.73.1.31},
}

@article{fredrickson1998good,
    title         = {What good are positive emotions?},
    author        = {Fredrickson, Barbara L},
    year          = {1998},
    journal       = {Review of general psychology},
    volume        = {2},
    number        = {3},
    pages         = {300--319},
    doi           = {10.1037/1089-2680.2.3.300},
}

@article{bobo1999prejudice,
    title         = {Prejudice as group position: Microfoundations of a sociological approach to racism and race relations},
    author        = {Bobo, Lawrence D},
    year          = {1999},
    journal       = {Journal of social issues},
    volume        = {55},
    number        = {3},
    pages         = {445--472},
    doi           = {10.1111/0022-4537.00127},
}

@incollection{conte2000,
    title         = {Memes through (social) minds},
    author        = {Conte, Rosaria},
    year          = {2000},
    booktitle     = {Darwinizing culture: The status of memetics as a science},
    publisher     = {Oxford University Press},
    address       = {Oxford},
    pages         = {83--119},
    editor        = {Aunger, Robert},
}

@book{baumeister2001evil,
    title         = {Evil: Inside human violence and cruelty},
    author        = {Baumeister, Roy F},
    year          = {2001},
    publisher     = {Holt Paperbacks},
    address       = {New York},
}

@book{fairclough2001,
    title         = {Discurso e mudan\c{c}a social},
    author        = {Fairclough, Norman},
    year          = {2001},
    publisher     = {Editora Universidade de Bras\'{\i}lia},
    address       = {Bras\'{\i}lia},
}

@book{kress2001multimodal,
    title         = {Multimodal discourse: The modes and media of contemporary communication},
    author        = {Kress, Gunther R and Van Leeuwen, Theo},
    year          = {2001},
    publisher     = {Oxford University Press},
    address       = {London},
}

@article{mcpherson2001birds,
    title         = {Birds of a feather: Homophily in social networks},
    author        = {McPherson, Miller and Smith-Lovin, Lynn and Cook, James M},
    year          = {2001},
    journal       = {Annual review of sociology},
    volume        = {27},
    number        = {1},
    pages         = {415--444},
    doi           = {10.1146/annurev.soc.27.1.415},
}

@article{payne2001prejudice,
    title         = {Prejudice and perception: the role of automatic and controlled processes in misperceiving a weapon.},
    author        = {Payne, B Keith},
    year          = {2001},
    journal       = {Journal of personality and social psychology},
    volume        = {81},
    number        = {2},
    pages         = {181--192},
    doi           = {10.1037/0022-3514.81.2.181},
}

@article{tropp2001ingroup,
    title         = {Ingroup identification as the inclusion of ingroup in the self},
    author        = {Tropp, Linda R and Wright, Stephen C},
    year          = {2001},
    journal       = {Personality and Social Psychology Bulletin},
    volume        = {27},
    number        = {5},
    pages         = {585--600},
    doi           = {10.1177/0146167201275007},
}

@article{crandall2002social,
    title         = {Social norms and the expression and suppression of prejudice: the struggle for internalization},
    author        = {Crandall, Christian S and Eshleman, Amy and O'brien, Laurie},
    year          = {2002},
    journal       = {Journal of personality and social psychology},
    volume        = {82},
    number        = {3},
    pages         = {359--378},
    doi           = {10.1037/0022-3514.82.3.359},
}

@article{hewstone2002intergroup,
    title         = {Intergroup Bias},
    author        = {Hewstone, Miles and Rubin, Mark and Willis, Hazel},
    year          = {2002},
    journal       = {Annual review of psychology},
    volume        = {53},
    number        = {1},
    pages         = {575--604},
    doi           = {10.1146/annurev.psych.53.100901.135109},
}

@article{krug2002world,
    title         = {The world report on violence and health},
    author        = {Krug, Etienne G and Mercy, James A and Dahlberg, Linda L and Zwi, Anthony B},
    year          = {2002},
    journal       = {The lancet},
    volume        = {360},
    number        = {9339},
    pages         = {1083--1088},
    doi           = {10.1016/S0140-6736(02)11133-0},
}

@article{fredrickson2003good,
    title         = {What good are positive emotions in crisis? A prospective study of resilience and emotions following the terrorist attacks on the United States on September 11th, 2001.},
    author        = {Fredrickson, Barbara L and Tugade, Michele M and Waugh, Christian E and Larkin, Gregory R},
    year          = {2003},
    journal       = {Journal of personality and social psychology},
    volume        = {84},
    number        = {2},
    pages         = {365},
    doi           = {10.1037/0022-3514.84.2.365},
}

@article{suler2004online,
    title         = {The online disinhibition effect},
    author        = {Suler, John},
    year          = {2004},
    journal       = {Cyberpsychology \& behavior},
    volume        = {7},
    number        = {3},
    pages         = {321--326},
    doi           = {10.1089/1094931041291295},
}

@incollection{sternberg2005,
    title         = {Understanding and combating hate},
    author        = {Sternberg, Robert J},
    year          = {2005},
    booktitle     = {The psychology of hate},
    publisher     = {American Psychological Association},
    address       = {Washington},
    pages         = {37--49},
    editor        = {Sternberg, Robert J},
}

@book{glucksmann2007,
    title         = {O Discurso do \'{O}dio},
    author        = {Glucksmann, And\'{r}e},
    year          = {2007},
    publisher     = {Bertrand Brasil},
    address       = {Rio de Janeiro},
}

@incollection{amossycharaudeua2008,
    title         = {Ethos},
    author        = {Amossy, Ruth},
    year          = {2008},
    booktitle     = {Dicion\'{a}rio de an\'{a}lise do discurso},
    publisher     = {Contexto},
    address       = {S\~{a}o Paulo},
    pages         = {220--221},
    editor        = {Charaudeau, Patrick and Maingueneau, Dominique},
}

@article{van2008neural,
    title         = {The neural substrates of in-group bias: A functional magnetic resonance imaging investigation},
    author        = {Van Bavel, Jay J and Packer, Dominic J and Cunningham, William A},
    year          = {2008},
    journal       = {Psychological science},
    volume        = {19},
    number        = {11},
    pages         = {1131--1139},
    doi           = {10.1111/j.1467-9280.2008.02214.x},
}

@article{cheryan2009ambient,
    title         = {Ambient belonging: how stereotypical cues impact gender participation in computer science},
    author        = {Cheryan, Sapna and Plaut, Victoria C and Davies, Paul G and Steele, Claude M},
    year          = {2009},
    journal       = {Journal of personality and social psychology},
    volume        = {97},
    number        = {6},
    pages         = {1045--1060},
    doi           = {10.1037/a0016239},
}

@article{nosek2009national,
    title         = {National differences in gender--science stereotypes predict national sex differences in science and math achievement},
    author        = {Nosek, Brian A and Smyth, Frederick L and Sriram, Natarajan and Lindner, Nicole M and Devos, Thierry and Ayala, Alfonso and Bar-Anan, Yoav and Bergh, Robin and Cai, Huajian and Gonsalkorale, Karen and others},
    year          = {2009},
    journal       = {Proceedings of the National Academy of Sciences},
    volume        = {106},
    number        = {26},
    pages         = {10593--10597},
    doi           = {10.1073/pnas.0809921106},
}

@incollection{dovidio2010,
    title         = {Prejudice, Stereotyping and Discrimination: Theoretical and Empirical Overview},
    author        = {Dovidio, John F. and Hewstone, Miles and Glick, Peter and Esses, Victoria M.},
    year          = {2010},
    booktitle     = {The SAGE handbook of prejudice, stereotyping and discrimination},
    publisher     = {SAGE},
    address       = {London},
    pages         = {3--28},
    editor        = {Dovidio, John F.},
}

@article{merola2010,
    title         = {Morador do Andara\'{\i} que estava com furadeira na m\~{a}o \'{e} morto por policial do Bope},
    author        = {Merola, Ediane},
    year          = {2010},
    journal       = {O Globo},
    address       = {Rio de Janeiro},
    url           = {https://oglobo.globo.com/rio/morador-do-andarai-que-estava-com-furadeira-na-mao-morto-por-policial-do-bope-3006660},
    urldate       = {2023-03-20},
}

@incollection{schaller2010,
    title         = {Evolutionary Processes},
    author        = {Schaller, Mark and Conway III, Lucian G. and Peavy, K. Michelle},
    year          = {2010},
    booktitle     = {The SAGE handbook of prejudice, stereotyping, and discrimination},
    publisher     = {SAGE},
    address       = {London},
    pages         = {81--96},
    editor        = {Dovido, John F},
}

@article{cikara2011us,
    title         = {Us and them: Intergroup failures of empathy},
    author        = {Cikara, Mina and Bruneau, Emile G. and Saxe, Rebecca R.},
    year          = {2011},
    journal       = {Current Directions in Psychological Science},
    volume        = {20},
    number        = {3},
    pages         = {149--153},
    doi           = {10.1177/0963721411408713},
}

@book{pariser2012,
    title         = {O filtro invis\'{\i}vel: O que a internet est\'{a} escondendo de voc\^{e}},
    author        = {Pariser, Eli},
    year          = {2012},
    publisher     = {Zahar},
    address       = {Rio de Janeiro},
}

@incollection{fredrickson2013positive,
    title         = {Positive emotions broaden and build},
    author        = {Fredrickson, Barbara L},
    year          = {2013},
    booktitle     = {Advances in experimental social psychology},
    publisher     = {Academic Press},
    address       = {San Diego},
    volume        = {47},
    pages         = {1--53},
    editor        = {Devine, Patr\'{\i}cia and Plant, Ashby},
}

@book{lieberman2013social,
    title         = {Social: Why our brains are wired to connect},
    author        = {Lieberman, Matthew D},
    year          = {2013},
    publisher     = {Broadway Books},
    address       = {New York},
}

@article{amodio2014neuroscience,
    title         = {The neuroscience of prejudice and stereotyping},
    author        = {Amodio, David M},
    year          = {2014},
    journal       = {Nature Reviews Neuroscience},
    volume        = {15},
    number        = {10},
    pages         = {670--682},
    doi           = {10.1038/nrn3800},
}

@article{cikara2014their,
    title         = {Their pain gives us pleasure: How intergroup dynamics shape empathic failures and counter-empathic responses},
    author        = {Cikara, Mina and Bruneau, Emile G. and Van Bavel, Jay J. and Saxe, Rebecca},
    year          = {2014},
    journal       = {Journal of experimental social psychology},
    volume        = {55},
    pages         = {110--125},
    doi           = {10.1016/j.jesp.2014.06.007},
}

@book{fiske2014social,
    title         = {Social beings: Core motives in social psychology},
    author        = {Fiske, Susan T},
    year          = {2014},
    publisher     = {Willey},
    address       = {Hoboken, NJ},
}

@article{haslam2014dehumanization,
    title         = {Dehumanization and infrahumanization},
    author        = {Haslam, Nick and Loughnan, Steve},
    year          = {2014},
    journal       = {Annual review of psychology},
    volume        = {65},
    pages         = {399--423},
    doi           = {10.1146/annurev-psych-010213-115045},
}

@article{strohminger2014essential,
    title         = {The essential moral self},
    author        = {Strohminger, Nina and Nichols, Shaun},
    year          = {2014},
    journal       = {Cognition},
    volume        = {131},
    number        = {1},
    pages         = {159--171},
    doi           = {10.1016/j.cognition.2013.12.005},
}

@inproceedings{dalmolin2015,
    title         = {A legisla\c{c}\~{a}o do \'{o}dio e os limites \`{a} liberdade de express\~{a}o: enfoques contempor\^{a}neos na m\'{\i}dia e no direito},
    author        = {Dalmolin, Aline R},
    year          = {2015},
    publisher     = {UFSM},
    address       = {Santa Maria, RS},
    url           = {https://www.ufsm.br/app/uploads/sites/563/2019/09/3-1-1.pdf},
    urldate       = {2023-03-24},
    maintitle     = {Anais - Congresso Internacional de Direito e Contemporaneidade},
    eventtitle    = {3 Congresso Internacional Direito e Contemporaneidade: M\'{\i}dias e Direitos da Sociedade em Rede},
    eventdate     = {2015},
}

@incollection{neuberg2015,
    title         = {Prejudices: Managing Perceived Threats to Group},
    author        = {Neuberg, Steven L and Descioli, Peter},
    year          = {2015},
    booktitle     = {The Handbook of Evolutionary Psychology, Volume 2: Integrations},
    publisher     = {John Wiley \& Sons},
    address       = {Hoboken, NJ},
    pages         = {704--721},
    editor        = {Buss, David M},
}

@book{smith2015teoria,
    title         = {Teoria dos sentimentos morais},
    author        = {Smith, Adam},
    year          = {2015},
    publisher     = {WMF Martins Fontes},
    address       = {S\~{a}o Paulo},
}

@book{dijk2016schadenfreude,
    title         = {Schadenfreude: Understanding pleasure at the misfortune of others},
    author        = {Dijk, Wilco W and Ouwerkerk, Jaap W},
    year          = {2016},
    publisher     = {Cambridge University Press},
    address       = {Cambridge},
}

@article{bian2017gender,
    title         = {Gender stereotypes about intellectual ability emerge early and influence children's interests},
    author        = {Bian, Lin and Leslie, Sarah-Jane and Cimpian, Andrei},
    year          = {2017},
    journal       = {Science},
    volume        = {355},
    number        = {6323},
    pages         = {389--391},
    doi           = {10.1126/science.aah6524},
}

@article{brady2017emotion,
    title         = {Emotion shapes the diffusion of moralized content in social networks},
    author        = {Brady, William J. and Wills, Julian A. and Jost, John T. and Tucker, Joshua A. and Van Bavel, Jay J.},
    year          = {2017},
    journal       = {Proceedings of the National Academy of Sciences},
    volume        = {114},
    number        = {28},
    pages         = {7313--7318},
    doi           = {10.1073/pnas.1618923114},
}

@incollection{brewer2016intergroup,
    title         = {Intergroup discrimination: Ingroup love or Outgroup hate?},
    author        = {Brewer, Marilynn B.},
    year          = {2017},
    booktitle     = {The Cambridge Handbook of the Psychology of Prejudice},
    publisher     = {Cambridge University Press},
    address       = {Cambridge},
    pages         = {90–110},
    editor        = {Sibley, Chris G. and Barlow, Fiona Kate},
    editortype    = {organizer},
}

@article{clifford2017,
    title         = {Explaining Public Support for Counterproductive Homelessness Policy: The Role of Disgust},
    author        = {Clifford, Scott and Piston, Spencer},
    year          = {2017},
    journal       = {Political Behavior},
    volume        = {39},
    number        = {2},
    pages         = {503--525},
    doi           = {10.1007/s11109-016-9366-4},
}

@article{kopytowska2017stereotypes,
    title         = {From stereotypes and prejudice to verbal and physical violence: Hate speech in context},
    author        = {Kopytowska, Monika and Baider, Fabienne},
    year          = {2017},
    journal       = {Lodz Papers in Pragmatics},
    volume        = {13},
    number        = {2},
    pages         = {133--152},
    doi           = {10.1515/lpp-2017-0008},
}

@article{liberman2017origins,
    title         = {The origins of social categorization},
    author        = {Liberman, Zoe and Woodward, Amanda L and Kinzler, Katherine D},
    year          = {2017},
    journal       = {Trends in cognitive sciences},
    volume        = {21},
    number        = {7},
    pages         = {556--568},
    doi           = {10.1016/j.tics.2017.04.004},
}

@article{brown2017hate,
    title         = {What is hate speech? Part 1: The myth of hate},
    author        = {Brown, Alexander},
    year          = {2018},
    journal       = {Law and Philosophy},
    volume        = {36},
    number        = {4},
    pages         = {419--468},
    doi           = {10.1007/s10982-017-9297-1},
}

@book{han2018no,
    title         = {No enxame: perspectivas do digital},
    author        = {Han, Byung-Chul},
    year          = {2018},
    publisher     = {Vozes},
    address       = {Petr\'{o}polis},
}

@article{machado2018christian,
    title         = {O discurso crist\~{a}o sobre a ``ideologia de g\^{e}nero''},
    author        = {Machado, Maria das Dores Campos},
    year          = {2018},
    journal       = {Revista Estudos Feministas},
    volume        = {26},
    number        = {2},
    pages         = {e47463},
    doi           = {10.1590/1806-9584-2018v26n247463},
}

@article{modesto2018racismo,
    title         = {Racismo e Pol{\'\i}ticas Afirmativas: Evid{\^e}ncias do Modelo da Discrimina{\c{c}}{\~a}o Justificada},
    author        = {Modesto, Jo{\~a}o Gabriel and Minelli, Ana Caroline and Fernandes, Maria Paula and Rodrigues, Matheus and Bufolo, Ravena and Bitencourt, Rodolfo and Pilati, Ronaldo},
    year          = {2018},
    journal       = {Psicologia: Teoria e Pesquisa},
    volume        = {33},
    doi           = {10.1590/0102.3772e3353},
}

@article{mooijman2018moralization,
    title         = {Moralization in social networks and the emergence of violence during protests},
    author        = {Mooijman, Marlon and Hoover, Joe and Lin, Ying and Ji, Heng and Dehghani, Morteza},
    year          = {2018},
    journal       = {Nature human behaviour},
    volume        = {2},
    number        = {6},
    pages         = {389--396},
    doi           = {10.1038/s41562-018-0353-0},
}

@article{moura2018,
    title         = {PM confunde guarda-chuva com fuzil e mata gar\c{c}om no Rio, afirmam testemunhas},
    author        = {Moura, Carolina},
    year          = {2018},
    journal       = {El Pa\'{\i}s},
    address       = {Rio de Janeiro},
    url           = {https://www.google.com/urlsa=D\&q=https://brasil.elpais.com/brasil/2018/09/19/politica/1537367458\_048104.html\&ust=1694213520000000\&usg=AOvVaw3bZjgrWkTLpenNh-S75fri\&hl=pt-BR},
    urldate       = {2023-03-13},
}

@inproceedings{santoso2018,
    title         = {Improving self-esteem of muscular men by posting shirtless photos on Instagram.},
    author        = {Santoso, Nobertus R},
    year          = {2018},
    publisher     = {Atlantis Press},
    address       = {Surubaya, Indonesia},
    doi           = {10.2991/iccsr-18.2018.78},
    url           = {https://www.atlantis-press.com/proceedings/iccsr-18/25904636},
    urldate       = {2023-03-11},
    maintitle     = {Proceedings of The International Conference of Communication Science Research (ICCSR 2018)},
    eventtitle    = {INTERNATIONAL CONFERENCE OF COMMUNICATION SCIENCE RESEARCH (ICCSR 2018)},
    eventdate     = {2018},
}

@incollection{sebastian2018,
    title         = {The neurobiology of emotion regulation},
    author        = {Sebastian, Catherine L and Ahmed, Saz P},
    year          = {2018},
    booktitle     = {The wiley blackwell handbook of forensic neuroscience},
    publisher     = {Wiley Blackwell},
    address       = {Hoboken},
    pages         = {125--143},
    editor        = {Anthony R. Beech and Adam J. Carter and Ruth E. Mann and Pia Rotshtein},
}

@article{silvada2018ethos,
    title         = {Ethos de viol{\^e}ncia, uma reflex{\~a}o discursiva sobre comunidades virtuais que agridem professores},
    author        = {da Silva, Morgana Soares},
    year          = {2018},
    journal       = {Texto Livre},
    volume        = {11},
    number        = {2},
    pages         = {68--91},
    doi           = {10.17851/1983-3652.11.2.68-91},
}

@book{almeida2019racismo,
    title         = {Racismo estrutural},
    author        = {Almeida, Silvio},
    year          = {2019},
    publisher     = {Janda\'{\i}ra},
    address       = {S\~{a}o Paulo},
}

@article{ibge2019,
    title         = {Desigualdades sociais por cor ou ra\c{c}a no Brasil},
    author        = {IBGE},
    year          = {2019},
    publisher     = {IBGE},
    address       = {Rio de Janeiro},
    volume        = {41},
    url           = {https://biblioteca.ibge.gov.br/visualizacao/livros/liv101681\_informativo.pdf},
    urldate       = {2023-02-14},
}

@article{kaczmarczyk2019online,
    title         = {Online Hate Speech and the Safety of Internet Users},
    author        = {Kaczmarczyk, Barbara and D{\k{a}}browska, Marlena and Szczepa{\'n}ski, Piotr and Nowicka, Izabela},
    year          = {2019},
    journal       = {Security Dimensions},
    volume        = {31},
    pages         = {139--159},
    doi           = {10.5604/01.3001.0014.0292},
}

@book{moreira2019,
    title         = {Racismo recreativo},
    author        = {Moreira, Adilson J},
    year          = {2019},
    publisher     = {Janda\'{\i}ra},
    address       = {S\~{a}o Paulo},
}

@article{rhodes2019development,
    title         = {The development of social categorization},
    author        = {Rhodes, Marjorie and Baron, Andrew},
    year          = {2019},
    journal       = {Annual review of developmental psychology},
    volume        = {1},
    pages         = {359--386},
    doi           = {10.1146/annurev-devpsych-121318-084824},
}

@book{schwarcz2019,
    title         = {Sobre o autoritarismo brasileiro},
    author        = {Schwarcz, Lilia M},
    year          = {2019},
    publisher     = {Companhia das Letras},
    address       = {S\~{a}o Paulo},
}

@article{united2019,
    title         = {Secretary-General Launches United Nations Strategy and Plan of Action against Hate Speech, Designating Special Adviser on Genocide Prevention as Focal Point},
    author        = {{United Nations}},
    year          = {2019},
    journal       = {Meetings Coverage and Press Releases},
}

@book{wiggins2019discursive,
    title         = {The discursive power of memes in digital culture: Ideology, semiotics, and intertextuality},
    author        = {Wiggins, Bradley E},
    year          = {2019},
    publisher     = {Routledge},
    address       = {New York},
}

@article{bilewicz2020hate,
    title         = {Hate speech epidemic. The dynamic effects of derogatory language on intergroup relations and political radicalization},
    author        = {Bilewicz, Micha{\l} and Soral, Wiktor},
    year          = {2020},
    journal       = {Political Psychology},
    volume        = {41},
    number        = {S1},
    pages         = {3--33},
    doi           = {10.1111/pops.12670},
}

@article{boggio2020writing,
    title         = {Writing about gratitude increases emotion-regulation efficacy},
    author        = {Boggio, Paulo S{\'e}rgio and Giglio, Ana Carolina Alem and Nakao, Caroline Kimie and Wingenbach, Tanja Stefanie Helga and Marques, Lucas Murrins and Koller, Silvia and Gruber, June},
    year          = {2020},
    journal       = {The Journal of Positive Psychology},
    volume        = {15},
    number        = {6},
    pages         = {783--794},
    doi           = {10.1080/17439760.2019.1651893},
}

@book{cattani2020,
    title         = {A s\'{\i}ndrome do mal},
    author        = {Cattani, Antonio D},
    year          = {2020},
    publisher     = {CirKula},
    address       = {Porto Alegre},
}

@article{costa2020discurso,
    title         = {Discurso de \'{o}dio e os limites jur\'{\i}dico-constitucional-democr\'{a}ticos da imunidade parlamentar na constitui\c{c}\~{a}o federal de 1988},
    author        = {Costa, Fabr{\'\i}cio Veiga and Pinto, Alisson Alves},
    year          = {2020},
    journal       = {Revista da Faculdade de Direito da UFG},
    volume        = {43},
    doi           = {10.5216/rfd.v43.60487},
}

@incollection{dovidio2020,
    title         = {Common identity and humanity},
    author        = {Dovidio, John F. and Ikizer, Elif G. and Kunst, Jonas R. and Levy, Aharon},
    year          = {2020},
    booktitle     = {Together apart: the psychology of COVID-19},
    publisher     = {SAGE},
    address       = {London},
    pages         = {119--123},
    editor        = {Jolanda Jetten and Stephen D. Reicher and Stephen Alexander Haslam and Tegan Cruwys},
}

@book{eco2020migraccao,
    title         = {Migra{\c{c}}{\~a}o e intoler{\^a}ncia},
    author        = {Eco, Umberto},
    year          = {2020},
    publisher     = {Editora Record},
    address       = {Rio de Janeiro},
}

@incollection{luccas2020,
    title         = {O dilema entre a prote\c{c}\~{a}o da liberdade de express\~{a}o e o combate ao discurso de \'{o}dio},
    author        = {Luccas, Victor N.},
    year          = {2020},
    booktitle     = {Discurso de \'{o}dio: desafios jur\'{\i}dicos},
    publisher     = {Almedina},
    address       = {S\~{a}o Paulo},
    editor        = {Gomes, Fabr\'{\i}cio V. and Salvador, Jo\~{a}o Pedro F. and Luccas, Victor N.},
}

@book{marsh2020fear,
    title         = {The fear factor: How one emotion connects altruists, psychopaths, and everyone in-between},
    author        = {Marsh, Abigail},
    year          = {2020},
    publisher     = {Little, Brown Book Group},
    address       = {London},
}

@article{mercuri2020hate,
    title         = {Discurso de \'{o}dio em m\'{\i}dias sociais como estrat\'{e}gia de persuas\~{a}o popular},
    author        = {Mercuri, Karen Tank and Lima-Lopes, Rodrigo Esteves de},
    year          = {2020},
    journal       = {Trabalhos em Lingu{\'\i}stica Aplicada},
    volume        = {59},
    pages         = {1216--1238},
    doi           = {10.1590/01031813760991620200723},
}

@incollection{moshman2020,
    title         = {``Hate speech,'' free speech, and group violence},
    author        = {Moshman, David},
    year          = {2020},
    booktitle     = {Perspectives on hate: How it originates, develops, manifests, and spreads},
    publisher     = {American Psychological Association},
    address       = {Washington},
    pages         = {203--224},
    editor        = {Sternberg, Robert J.},
}

@article{murrar2020exposure,
    title         = {Exposure to peers' pro-diversity attitudes increases inclusion and reduces the achievement gap},
    author        = {Murrar, Sohad and Campbell, Mitchell R and Brauer, Markus},
    year          = {2020},
    journal       = {Nature Human Behaviour},
    volume        = {4},
    number        = {9},
    pages         = {889--897},
    doi           = {10.1038/s41562-020-0899-5},
}

@article{pereira2020regulaccao,
    title         = {Regula{\c{c}}{\~a}o do discurso de {\'o}dio: an{\'a}lise comparada em pa{\'\i}ses do Sul Global},
    author        = {Pereira, Jane Reis Gon{\c{c}}alves and de Oliveira, Renan Medeiros and Coutinho, Carolina Saud},
    year          = {2020},
    journal       = {Revista de Direito Internacional},
    volume        = {17},
    number        = {1},
    doi           = {10.5102/rdi.v17i1.6533},
}

@article{souzade2020discurso,
    title         = {Discurso de {\'o}dio e dignidade humana: uma an{\'a}lise comparativa da repercuss{\~a}o do resultado da elei{\c{c}}{\~a}o presidencial de 2014 e de 2018},
    author        = {Souza, Mariana Jantsch de},
    year          = {2020},
    journal       = {Cadernos de Lingu{\'\i}stica},
    volume        = {1},
    number        = {2},
    pages         = {01--22},
    doi           = {10.25189/2675-4916.2020.v1.n2.id79},
}

@book{tosi2020grandstanding,
    title         = {Grandstanding: The use and abuse of moral talk},
    author        = {Tosi, Justin and Warmke, Brandon},
    year          = {2020},
    publisher     = {Oxford University Press},
    address       = {New York},
}

@article{williams2020hate,
    title         = {Hate in the machine: Anti-Black and Anti-Muslim social media posts as predictors of offline racially and religiously aggravated crime},
    author        = {Williams, Matthew L and Burnap, Pete and Javed, Amir and Liu, Han and Ozalp, Sefa},
    year          = {2020},
    journal       = {The British Journal of Criminology},
    volume        = {60},
    number        = {1},
    pages         = {93--117},
    doi           = {10.1093/bjc/azz049},
}

@article{amira2021group,
    title         = {In-group love versus out-group hate: Which is more important to partisans and when?},
    author        = {Amira, Karyn and Wright, Jennifer Cole and Goya-Tocchetto, Daniela},
    year          = {2021},
    journal       = {Political Behavior},
    volume        = {43},
    number        = {2},
    pages         = {473--494},
    doi           = {10.1007/s11109-019-09557-6},
}

@article{brady2021social,
    title         = {How social learning amplifies moral outrage expression in online social networks},
    author        = {Brady, William J. and McLoughlin, Killian and Doan, Tuan N. and Crockett, Molly J.},
    year          = {2021},
    journal       = {Science Advances},
    volume        = {7},
    number        = {33},
    pages         = {eabe5641},
    doi           = {10.1126/sciadv.abe5641},
}

@book{butler2021discurso,
    title         = {Discurso de {\'o}dio: uma pol{\'\i}tica do performativo},
    author        = {Butler, Judith},
    year          = {2021},
    publisher     = {Editora Unesp},
    address       = {S\~{a}o Paulo},
}

@article{cortiz2021weakly,
    title         = {A weakly supervised dataset of fine-grained emotions in portuguese},
    author        = {Cortiz, Diogo and Silva, Jefferson O and Calegari, Newton and Freitas, Ana Lu{\'\i}sa and Soares, Ana Ang{\'e}lica and Botelho, Carolina and R{\^e}go, Gabriel Gaudencio and Sampaio, Waldir and Boggio, Paulo Sergio},
    year          = {2021},
    journal       = {arXiv preprint arXiv:2108.07638},
    doi           = {10.5753/stil.2021.17786},
}

@book{eco2021construir,
    title         = {Construir o inimigo e outros escritos ocasionais},
    author        = {Eco, Umberto},
    year          = {2021},
    publisher     = {Editora Record},
    address       = {Rio de Janeiro},
}

@article{g1sp,
    title         = {Gest\~{a}o Covas instala pedras sob viadutos na Zona Leste de SP, mas retira ap\'{o}s acusa\c{c}\~{o}es de higienismo. Prefeitura de S\~{a}o Paulo negou que medida tenha sido feita para tirar popula\c{c}\~{a}o em situa\c{c}\~{a}o de rua do local e disse que respons\'{a}vel j\'{a} foi exonerado. Na manh\~{a} desta ter\c{c}a-feira (2), padre J\'{u}lio Lancellotti, coordenador da Pastoral do Povo de Rua, apontou desperd\'{\i}cio de esfor\c{c}os em 'opera\c{c}\~{a}o de guerra' para reverter servi\c{c}o},
    author        = {{G1 SP}},
    year          = {2021},
    journal       = {G1},
    address       = {S\~{a}o Paulo},
    url           = {https://g1.globo.com/sp/sao-paulo/noticia/2021/02/02/gestao-covas-instala-pedras-sob-viadutos-na-zona-leste-de-sp-e-retira-apos-acusacoes-de-higienismo.ghtml},
    urldate       = {2023-06-02},
}

@article{harff2021discurso,
    title         = {Discurso de {\'o}dio nos contextos alem{\~a}o e brasileiro},
    author        = {Harff, Graziela and Duque, Marcelo Schenk},
    year          = {2021},
    journal       = {A\&C-Revista de Direito Administrativo \& Constitucional},
    volume        = {21},
    number        = {84},
    pages         = {199--225},
    doi           = {10.21056/aec.v21i84.1350},
}

@article{papcunova2023hate,
    title         = {Hate speech operationalization: a preliminary examination of hate speech indicators and their structure},
    author        = {Papcunov{\'a}, Jana and Marton{\v{c}}ik, Marcel and Fed{\'a}kov{\'a}, Denisa and Kento{\v{s}}, Michal and Bozog{\'a}{\v{n}}ov{\'a}, Miroslava and Srba, Ivan and Moro, Robert and Pikuliak, Mat{\'u}{\v{s}} and {\v{S}}imko, Mari{\'a}n and Adamkovi{\v{c}}, Mat{\'u}{\v{s}}},
    year          = {2021},
    journal       = {Complex \& intelligent systems},
    volume        = {9},
    number        = {3},
    pages         = {2827--2842},
    doi           = {10.1007/s40747-021-00561-0},
}

@article{pennycook2021shifting,
    title         = {Shifting attention to accuracy can reduce misinformation online},
    author        = {Pennycook, Gordon and Epstein, Ziv and Mosleh, Mohsen and Arechar, Antonio A and Eckles, Dean and Rand, David G},
    year          = {2021},
    journal       = {Nature},
    volume        = {592},
    number        = {7855},
    pages         = {590--595},
    doi           = {10.1038/s41586-021-03344-2},
}

@article{rathje2021out,
    title         = {Out-group animosity drives engagement on social media},
    author        = {Rathje, Steve and Van Bavel, Jay J. and Van Der Linden, Sander},
    year          = {2021},
    journal       = {Proceedings of the National Academy of Sciences},
    volume        = {118},
    number        = {26},
    pages         = {e2024292118},
    doi           = {10.1073/pnas.2024292118},
}

@article{spears2021social,
    title         = {Social influence and group identity},
    author        = {Spears, Russell},
    year          = {2021},
    journal       = {Annual review of psychology},
    volume        = {72},
    pages         = {367--390},
    doi           = {10.1146/annurev-psych-070620-111818},
}

@article{azevedo2023,
    title         = {Bolsonarista invade festa e mata pol\'{\i}tico petista a tiros no PR. Agressor, que foi ao local dizendo 'aqui \'{e} Bolsonaro', tamb\'{e}m foi baleado},
    author        = {Azevedo, Victoria and Luc, Mauren},
    year          = {2022},
    journal       = {Folha de S\~{a}o Paulo},
    address       = {S\~{a}o Paulo},
    url           = {https://www1.folha.uol.com.br/poder/2022/07/petista-e-assassinado-no-pr-e-pt-fala-em-crime-de-odio-por-bolsonarista.shtml},
}

@article{cikara2022hate,
    title         = {Hate crime towards minoritized groups increases as they increase in sized-based rank},
    author        = {Cikara, Mina and Fouka, Vasiliki and Tabellini, Marco},
    year          = {2022},
    journal       = {Nature human behaviour},
    volume        = {6},
    number        = {11},
    pages         = {1537--1544},
    doi           = {10.1038/s41562-022-01416-5},
}

@book{eco2022,
    title         = {O fascismo eterno},
    author        = {Eco, Umberto},
    year          = {2022},
    publisher     = {Editora Record},
    address       = {Rio de Janeiro},
}

@article{estadao2022,
    title         = {Apoiador de Bolsonaro \'{e} morto por petista durante briga de bar em SC},
    author        = {{Estad\~{a}o Conte\'{u}do}},
    year          = {2022},
    journal       = {UOL},
    address       = {Florian\'{o}polis, S\~{a}o Paulo},
    url           = {https://noticias.uol.com.br/ultimas-noticias/agencia-estado/2022/09/26/apoiador-de-bolsonaro-e-morto-por-petista-durante-briga-de-bar-em-sc.htm},
    urldate       = {2023-06-26},
}

@article{garg2023handling,
    title         = {Handling bias in toxic speech detection: A survey},
    author        = {Garg, Tanmay and Masud, Sarah and Suresh, Tharun and Chakraborty, Tanmoy},
    year          = {2022},
    journal       = {ACM Computing Surveys},
    volume        = {55},
    number        = {13s},
    pages         = {1--32},
    doi           = {10.48550/ARXIV.2202.00126},
}

@article{pinheiro2022,
    title         = {Crimes de \'{o}dio na internet tiveram aumento de quase 70\% no primeiro semestre},
    author        = {Pinheiro, Regina},
    year          = {2022},
    journal       = {R\'{a}dio Senado},
    address       = {Bras\'{\i}lia},
    url           = {https://www12.senado.leg.br/radio/1/noticia/2022/10/10/crimes-de-odio-na-internet-tiveram-aumento-de-quase-70-no-primeiro-semestre},
    urldate       = {2023-03-10},
}

@article{pinho2022,
    title         = {Punir Bolsonaro por discurso de \'{o}dio depende de interpreta\c{c}\~{a}o},
    author        = {Pinho, Angela},
    year          = {2022},
    journal       = {Folha de S\~{a}o Paulo},
    address       = {S\~{a}o Paulo},
    url           = {https://www1.folha.uol.com.br/poder/2022/07/punir-bolsonaro-por-discurso-de-odio-depende-de-interpretacao.shtml},
    urldate       = {2023-03-10},
}

@article{pretus2023psychology,
    title         = {The psychology of hate: moral concerns differentiate hate from dislike},
    author        = {Pretus, Clara and Ray, Jennifer L. and Granot, Yael and Cunningham, William A. and Van Bavel, Jay J.},
    year          = {2022},
    journal       = {European Journal of Social Psychology},
    volume        = {53},
    number        = {2},
    pages         = {336--353},
    doi           = {10.1002/ejsp.2906},
}

@inproceedings{santos2022,
    title         = {O Discurso de \'{O}dio Homof\'{o}bico no Twitter a partir da An\'{a}lise de Dados},
    author        = {Santos, Vin\'{\i}cius S dos and Henrique, Felipe da R and Guedes, Gustavo},
    year          = {2022},
    publisher     = {Sociedade Brasileira de Computa\c{c}\~{a}o - SBC},
    address       = {Brasil},
    url           = {https://sol.sbc.org.br/index.php/brasnam/article/view/20521},
    urldate       = {2023-03-11},
    maintitle     = {Anais do Brazilian Workshop on Social Network Analysis and Mining},
    eventtitle    = {XI BRAZILIAN WORKSHOP ON SOCIAL NETWORK ANALYSIS AND MINING (BRASNAM 2022)},
    eventdate     = {2022},
}

@book{trindade2022discurso,
    title         = {Discurso de {\'o}dio nas redes sociais},
    author        = {Trindade, Luiz Val{\'e}rio},
    year          = {2022},
    publisher     = {Editora Janda{\'\i}ra},
    address       = {S\~{a}o Paulo},
}

@article{uyheng2022bots,
    title         = {Bots amplify and redirect hate speech in online discourse about racism during the COVID-19 pandemic},
    author        = {Uyheng, Joshua and Bellutta, Daniele and Carley, Kathleen M},
    year          = {2022},
    journal       = {Social Media+ Society},
    volume        = {8},
    number        = {3},
    pages         = {20563051221104749},
    doi           = {10.1177/20563051221104749},
}

@article{getahun2023countering,
    title         = {Countering online hate speech through legislative measures: The Ethiopian approach from a comparative perspective},
    author        = {Getahun, Temelso Gashaw},
    year          = {2023},
    journal       = {The Communication Review},
    volume        = {0},
    number        = {0},
    pages         = {1--24},
    doi           = {10.1080/10714421.2023.2177487},
}

@article{guerra2023,
    title         = {Golpe de 8 de janeiro foi `incitado, organizado e financiado em ambiente digital', diz diretor da PF},
    author        = {Guerra, Rayanderson and Neder, Vin\'{\i}cius and Vasconcelos, Gabriel},
    year          = {2023},
    journal       = {Estad\~{a}o},
    address       = {S\~{a}o Paulo},
    url           = {https://www.estadao.com.br/politica/golpe-de-8-de-janeiro-foi-incitado-organizado-e-financiado-em-ambiente-digital-diz-diretor-da-pf/},
    urldate       = {2023-03-17},
}

@article{marzullo2023,
    title         = {Apoiador de Bolsonaro mata primo lulista a tiros em bar e delegado aponta motiva\c{c}\~{a}o pol\'{\i}tica},
    author        = {Marzullo, Lu\'{\i}sa},
    year          = {2023},
    journal       = {O Globo},
    address       = {Rio de Janeiro},
}

@article{matoso2023,
    title         = {Moraes volta a discutir com redes sociais combate a ``fake news''},
    author        = {Matoso, Felipe and Brasil, Gioconda},
    year          = {2023},
    journal       = {G1},
    address       = {Bras\'{\i}lia},
    url           = {https://g1.globo.com/politica/noticia/2023/03/01/moraes-faz-volta-a-discutir-com-redes-sociais-combate-a-fake-news.ghtml},
    urldate       = {2023-03-20},
}

@article{obermaier2023too,
    title         = {Too civil to care? How online hate speech against different social groups affects bystander intervention},
    author        = {Obermaier, Magdalena and Schmid, Ursula Kristin and Rieger, Diana},
    year          = {2023},
    journal       = {European Journal of Criminology},
    volume        = {20},
    number        = {3},
    pages         = {1--17},
    doi           = {10.1177/14773708231156328},
}

@article{pauxis2023,
    title         = {Veja os argumentos do STF para descriminalizar o porte de maconha},
    author        = {Pauxis, Bruna},
    year          = {2023},
    journal       = {Congresso em Foco},
    address       = {Bras\'{\i}lia},
    url           = {https://congressoemfoco.uol.com.br/area/justica/veja-os-argumentos-dos-ministros-do-stf-para-descriminalizar-o-porte-de-maconha/},
    urldate       = {2023-08-06},
}

@article{pimentel2023,
    title         = {Associa\c{c}\~{o}es e deputados recorrem ao STF contra Nikolas Ferreira},
    author        = {Pimentel, Carolina},
    year          = {2023},
    journal       = {Ag\^{e}ncia Brasil},
    address       = {Bras\'{\i}lia},
    url           = {https://agenciabrasil.ebc.com.br/justica/noticia/2023-03/associacoes-e-deputados-recorrem-ao-stf-contra-nikolas-ferreira},
    urldate       = {2023-03-10},
}

@article{ramos2023,
    title         = {Justi\c{c}a derruba v\'{\i}deo de piada de Leo Lins do Youtube e F\'{a}bio Porchat sai em defesa do humorista. A medida cautelar atende a um pedido do Minist\'{e}rio P\'{u}blico de S\~{a}o Paulo, por reconhecer preconceito em especial de humor},
    author        = {Ramos, Tha\'{\i}se},
    year          = {2023},
    journal       = {Estad\~{a}o},
    address       = {S\~{a}o Paulo},
    url           = {https://www.estadao.com.br/emais/gente/justica-derruba-video-de-piada-de-leo-lins-do-youtube-e-fabio-porchat-sai-em-defesa-do-humorista-nprec/},
    urldate       = {2023-08-01},
}

@article{rodrigues2023,
    title         = {Governo cria grupo para combater discurso de \'{o}dio},
    author        = {Rodrigues, Bas\'{\i}lia},
    year          = {2023},
    journal       = {CNN Brasil},
    url           = {https://www.cnnbrasil.com.br/nacional/governo-cria-grupo-para-combater-discurso-de-odio/},
    urldate       = {2023-03-12},
}

@article{solovev2023moralized,
    title         = {Moralized language predicts hate speech on social media},
    author        = {Solovev, Kirill and Pr{\"o}llochs, Nicolas},
    year          = {2023},
    journal       = {PNAS nexus},
    volume        = {2},
    number        = {1},
    pages         = {pgac281},
    doi           = {10.1093/pnasnexus/pgac281},
}

@article{takano2023dynamics,
    title         = {Dynamics of discrimination and prejudice via two types of social contagion},
    author        = {Takano, Masanori and Nakazato, Kenichi and Taka, Fumiaki},
    year          = {2023},
    journal       = {Applied Mathematics and Computation},
    volume        = {448},
    pages         = {127916},
    doi           = {10.1016/j.amc.2023.127916},
}

@article{wachs2023effects,
    title         = {Effects of the Prevention Program ``HateLess. Together against Hatred'' on Adolescents' Empathy, Self-efficacy, and Countering Hate Speech},
    author        = {Wachs, Sebastian and Krause, Norman and Wright, Michelle F and G{\'a}mez-Guadix, Manuel},
    year          = {2023},
    journal       = {Journal of youth and adolescence},
    volume        = {52},
    number        = {6},
    pages         = {1115--1128},
    doi           = {10.1007/s10964-023-01753-2},
}
