@article{bacca2014,
  author = {Bacca, J. and Baldiris, S. and Fabregat, R. and Graf, S. and Kinshuk},
  title = {Augmented reality trends in education: {A} systematic review of research and applications},
  journal = {Educational Technology \& Society},
  volume = {17},
  year = {2014},
  pages = {133-149}
}
@article{dearaujo2017,
  author = {De Araujo, Z. and Otten, S. and Birisci, S.},
  title = {Conceptualizing “homework” in flipped mathematics classes},
  journal = {Journal Educational Technology \& Society},
  volume = {20},
  number = {1},
  year = {2017},
  pages = {348-260}
}
@article{gomez2018,
  author = {Gómez, M. and Trujillo, J. M. and Aznar, I. and Cáceres, M. P.},
  title = {Augment reality and virtual reality for the improvement of spatial competences in {Physical Education}},
  journal = {Journal of Human Sport and Exercise},
  volume = {13},
  number = {2},
  year = {2018},
  pages = {189-198}
}
@article{abeysekera2014,
	title = {Motivation and cognitive load in the flipped classroom: definition, rationale and a call for research},
	volume = {34},
	url = {http://www.tandfonline.com/doi/abs/10.1080/07294360.2014.934336},
	urldate = {2021-06-22},
	doi = {10.1080/07294360.2014.934336},
	number = {1},
	journal = {Higher Education Research \& Development},
	author = {Abeysekera, Lakmal and Dawson, Phillip},
	year = {2014},
	pages = {1-14}
}
@article{adams2018,
	title = {Calculus {Students} {Flipped} {Out}: {The} {Impact} of {Flipped} {Learning} on {Calculus} {Students}' {Achievement} and {Perceptions} of {Learning}},
	volume = {28},
	url = {https://www.tandfonline.com/doi/full/10.1080/10511970.2017.1332701},
	urldate = {2021-06-22},
	doi = {10.1080/10511970.2017.1332701},
	number = {6},
	journal = {PRIMUS},
	author = {Adams, Caleb and Dove, Anthony},
	month = jul,
	year = {2018},
	pages = {600-615}
}
@article{amstelveen2019,
	title = {Flipping a college mathematics classroom: {An} action research project},
	volume = {24},
	url = {http://link.springer.com/10.1007/s10639-018-9834-z},
	urldate = {2021-06-22},
	doi = {10.1007/s10639-018-9834-z},
	number = {2},
	journal = {Education and Information Technologies},
	author = {Amstelveen, Raoul},
	month = mar,
	year = {2019},
	pages = {1337-1350}
}
@article{area2016,
	title = {Modelos de integración didáctica de las {TIC} en el aula},
	volume = {24},
	url = {https://www.revistacomunicar.com/index.php?contenido=detalles\&numero=47\&articulo=47-2016-08},
	urldate = {2021-06-22},
	doi = {10.3916/C47-2016-08},
	number = {47},
	journal = {Comunicar: Revista Científica de Comunicación y Educación},
	author = {Area, Manuel and Hernández, Víctor and Sosa, Juan José},
	year = {2016},
	pages = {79-87}
}
@article{awidi2019,
	title = {The impact of a flipped classroom approach on student learning experience},
	volume = {128},
	url = {https://linkinghub.elsevier.com/retrieve/pii/S0360131518302495},
	urldate = {2021-06-22},
	doi = {10.1016/j.compedu.2018.09.013},
	journal = {Computers \& Education},
	author = {Awidi, Isaiah T. and Paynter, Mark},
	month = jan,
	year = {2019},
	pages = {269-283}
}
@article{baez2019,
	title = {Una mirada a la {Educación} {Ubicua}},
	volume = {22},
	url = {http://revistas.uned.es/index.php/ried/article/view/22422},
	urldate = {2021-06-22},
	doi = {10.5944/ried.22.1.22422},
	number = {1},
	journal = {RIED. Revista Iberoamericana de Educación a Distancia},
	author = {Báez, Carmen Inés and Clunie, Clifton Eduardo},
	month = jan,
	year = {2019},
	pages = {325}
}
@article{borao2016,
	title = {Análisis de la implementación de {Flipped} {Classroom} en las asignaturas instrumentales de 4º {Educación} {Secundaria} {Obligatoria}},
	url = {http://www.edutec.es/revista/index.php/edutec-e/article/view/733},
	urldate = {2021-06-22},
	doi = {10.21556/edutec.2016.55.733},
	number = {55},
	journal = {Edutec. Revista Electrónica de Tecnología Educativa},
	author = {Borao, Laura and Palau, Ramon Félix},
	month = mar,
	year = {2016},
	pages = {1-13}
}
@book{barroso2017,
	title = {Diseño, producción, evaluación y utilización educativa de la realidad aumentada},
	url = {https://idus.us.es/handle/11441/65626},
	urldate = {2021-06-22},
	publisher = {Universidad de Sevilla. Secretariado de Recursos Audiovisuales y NNTT},
	author = {Barroso , Julio Manuel and Cabero, Julio and García, Fernando and Calle, Francisco Miguel and Gallego, Óscar and Casado, Inés},
	year = {2017}
}
@article{bauer2016,
	title = {Flipped {Learning} in {TESOL}: {Definitions}, {Approaches}, and {Implementation}},
	volume = {7},
	url = {http://doi.wiley.com/10.1002/tesj.250},
	urldate = {2021-06-22},
	doi = {10.1002/tesj.250},
	number = {2},
	journal = {TESOL Journal},
	author = {Bauer, Christine and Graney, John M. and Marshall, Helaine W. and Sabieh, Christine},
	month = jun,
	year = {2016},
	pages = {429-437}
}
@book{bergmann2012,
	address = {Eugene, Or},
	title = {Flip your classroom: reach every student in every class every day},
	publisher = {International Society for Technology in Education},
	author = {Bergmann, Jonathan and Sams, Aaron},
	year = {2012}
}
@inproceedings{bishop2013,
	address = {Atlanta, Georgia},
	title = {The {Flipped} {Classroom}: {A} {Survey} of the {Research}},
	volume = {30},
	url = {http://peer.asee.org/22585},
	urldate = {2021-06-22},
	doi = {10.18260/1-2--22585},
	booktitle = {2013 {ASEE} {Annual} {Conference} \& {Exposition} {Proceedings}},
	author = {Bishop, Jacob and Verleger, Matthew},
	month = jun,
	year = {2013},
	pages = {1-18}
}
@incollection{bognar2019,
	address = {Cham},
	title = {Flipped {Learning} and {Online} {Discussion} in {Higher} {Education} {Teaching}},
	url = {http://link.springer.com/10.1007/978-3-030-01551-0_19},
	urldate = {2021-06-22},
	booktitle = {Didactics of {Smart} {Pedagogy}},
	publisher = {Springer International Publishing},
	author = {Bognar, Branko and Sablić, Marija and Škugor, Alma},
	editor = {Daniela, Linda},
	year = {2019},
	doi = {10.1007/978-3-030-01551-0_19},
	pages = {371-392}
}
@article{bower2014,
	title = {Augmented {Reality} in education – cases, places and potentials},
	volume = {51},
	url = {http://www.tandfonline.com/doi/abs/10.1080/09523987.2014.889400},
	urldate = {2021-06-22},
	doi = {10.1080/09523987.2014.889400},
	number = {1},
	journal = {Educational Media International},
	author = {Bower, Matt and Howe, Cathie and McCredie, Nerida and Robinson, Austin and Grover, David},
	month = jan,
	year = {2014},
	pages = {1-15}
}
@article{cabero2019,
	title = {The {Motivation} of {Technological} {Scenarios} in {Augmented} {Reality} ({AR}): {Results} of {Different} {Experiments}},
	volume = {9},
	url = {https://www.mdpi.com/2076-3417/9/14/2907},
	urldate = {2021-06-22},
	doi = {10.3390/app9142907},
	number = {14},
	journal = {Applied Sciences},
	author = {Cabero, Julio and Roig, Rosabel},
	month = jul,
	year = {2019},
	pages = {1-16}
}
@article{caberollorentegutierrez2017,
	title = {Evaluación por y desde los usuarios: objetos de aprendizaje con {Realidad} aumentada},
	volume = {53},
	url = {http://www.um.es/ead/red/53/cabero_et_al.pdf},
	urldate = {2021-06-22},
	doi = {10.6018/red/53/4},
	journal = {Revista de Educación a Distancia (RED)},
	author = {Cabero, Julio and Llorente, Carmen and Gutiérrez, Juan J.},
	month = mar,
	year = {2017},
	pages = {1-17}
}
@article{caberollorentemarin2017,
	title = {Comunidades virtuales de aprendizaje. {El} {Caso} del proyecto de realidad aumentada: {RAFODIUM}},
	volume = {56},
	url = {http://perspectivaeducacional.cl/index.php/peducacional/article/view/494},
	urldate = {2021-06-22},
	doi = {10.4151/07189729-Vol.56-Iss.2-Art.494},
	number = {2},
	journal = {Perspectiva Educacional},
	author = {Cabero, Julio and Llorente, María Carmen and Marín, Verónica},
	month = jun,
	year = {2017},
	pages = {117-138}
}
@article{cahyono2020,
	title = {Learning {Mathematical} {Modelling} with {Augmented} {Reality} {Mobile} {Math} {Trails} {Program}: {How} {Can} {It} {Work}?. },
	volume = {11},
	url = {https://ejournal.unsri.ac.id/index.php/jme/article/view/10729},
	urldate = {2021-06-22},
	doi = {10.22342/jme.11.2.10729.181-192},
	number = {2},
	journal = {Journal on Mathematics Education},
	author = {Cahyono, Adi Nur and Sukestiyarno, Yohanes Leonardus and Asikin, Mohammad and Miftahudin, Miftahudin and Ahsan, Muhammadi Ghozian Kafi and Ludwig, Matthias},
	month = mar,
	year = {2020},
	pages = {181-192}
}
@article{cai2019,
	title = {Probability learning in mathematics using augmented reality: impact on student’s learning gains and attitudes},
	volume = {28},
	url = {https://www.tandfonline.com/doi/full/10.1080/10494820.2019.1696839},
	urldate = {2021-06-22},
	doi = {10.1080/10494820.2019.1696839},
	number = {5},
	journal = {Interactive Learning Environments},
	author = {Cai, Su and Liu, Enrui and Shen, Yang and Liu, Changhao and Li, Shuhui and Shen, Yihua},
	year = {2019},
	pages = {560-573}
}
@article{castellanos2017,
	title = {Nuevos modelos tecnopedagógicos. {Competencia} digital de los alumnos universitarios},
	volume = {19},
	url = {http://redie.uabc.mx/redie/article/view/1148},
	urldate = {2021-06-22},
	doi = {10.24320/redie.2017.19.1.1148},
	number = {1},
	journal = {Revista Electrónica de Investigación Educativa},
	author = {Castellanos, Almudena and Sánchez, Cristina and Calderero, José Fernando},
	month = jan,
	year = {2017},
	pages = {1-10}
}
@incollection{popescu2017,
	address = {Singapore},
	series = {Lecture {Notes} in {Educational} {Technology}},
	title = {A review of using {Augmented} {Reality} in {Education} from 2011 to 2016},
	url = {http://link.springer.com/10.1007/978-981-10-2419-1},
	urldate = {2021-06-22},
	booktitle = {Innovations in {Smart} {Learning}},
	publisher = {Springer},
	author = {Chen, P. and Liu, X. and Cheng, W. and Huang, R.},
	editor = {Popescu, E. and Koutheair, M. and Huang, R. and Jemni, M. and Chen, N. S. and Sampson, D. G.},
	year = {2017},
	doi = {10.1007/978-981-10-2419-1},
	pages = {13-18}
}
@article{cheng2017,
	title = {Reading an augmented reality book: {An} exploration of learners’ cognitive load, motivation, and attitudes},
	volume = {33},
	url = {http://ajet.org.au/index.php/AJET/article/view/2820},
	urldate = {2021-06-22},
	doi = {10.14742/ajet.2820},
	number = {4},
	journal = {Australasian Journal of Educational Technology},
	author = {Cheng, Kun-Hung},
	year = {2017},
	pages = {53-69}
}
@article{chou2019,
	title = {Using a {Tablet} {Computer} {Application} to {Advance} {High} {School} {Students}’ {Laboratory} {Learning} {Experiences}: {A} {Focus} on {Electrical} {Engineering} {Education}},
	volume = {11},
	url = {http://www.mdpi.com/2071-1050/11/2/381},
	urldate = {2021-06-22},
	doi = {10.3390/su11020381},
	number = {2},
	journal = {Sustainability},
	author = {Chou, Pao-Nan and Feng, Shu-Tzu},
	month = jan,
	year = {2019},
	pages = {381}
}
@article{cruz2012,
	title = {Innovación {Educativa}: {Uso} de las {TIC} en la enseñanza de la {Matemática} {Básica}},
	volume = {1},
	url = {http://www.uco.es/servicios/ucopress/ojs/index.php/edmetic/article/view/2855},
	urldate = {2021-06-22},
	doi = {10.21071/edmetic.v1i2.2855},
	number = {2},
	journal = {Revista de Educación Mediática y TIC},
	author = {Cruz, Ivanovnna M. and Puentes, Ángel},
	month = jul,
	year = {2012},
	pages = {127-145}
}
@article{fisher2017,
	title = {Flipped learning, flipped satisfaction, getting the balance right},
	volume = {5},
	url = {https://journalhosting.ucalgary.ca/index.php/tli/article/view/57358},
	urldate = {2021-06-22},
	doi = {10.20343/teachlearninqu.5.2.9},
	number = {2},
	journal = {Teaching \& Learning Inquiry},
	author = {Fisher, Rosemary and Ross, Bella and LaFerriere, Richard and Maritz, Alex},
	month = sep,
	year = {2017},
	pages = {114-127}
}
@article{fombonapascual2017,
	title = {La producción científica sobre {Realidad} {Aumentada}, un análisis de la situación educativa desde la perspectiva {SCOPUS}},
	volume = {6},
	url = {http://www.uco.es/servicios/ucopress/ojs/index.php/edmetic/article/view/5807},
	urldate = {2021-06-22},
	doi = {10.21071/edmetic.v6i1.5807},
	number = {1},
	journal = {Revista de Educación Mediática y TIC},
	author = {Fombona, Javier and Pascual, María Ángeles},
	year = {2017},
	pages = {39-61}
}
@article{fombonavazquez2017,
	title = {Posibilidades de utilización de la {Geolocalización} y {Realidad} {Aumentada} en el ámbito educativo},
	volume = {20},
	url = {http://revistas.uned.es/index.php/educacionXX1/article/view/19046},
	urldate = {2021-06-22},
	doi = {10.5944/educxx1.19046},
	number = {2},
	journal = {Educación XX1},
	author = {Fombona, Javier and Vázquez, Esteban},
	month = may,
	year = {2017},
	pages = {319-342}
}
@article{froehlich2018,
	title = {Non-{Technological} {Learning} {Environments} in a {Technological} {World}: {Flipping} {Comes} {To} {The} {Aid}},
	volume = {7},
	url = {https://naerjournal.ua.es/article/view/v7n2-2},
	urldate = {2021-06-22},
	doi = {10.7821/naer.2018.7.304},
	number = {2},
	journal = {Journal of New Approaches in Educational Research},
	author = {Froehlich, Dominik Emanuel},
	month = jul,
	year = {2018},
	pages = {88--92}
}
@article{garay2017,
	title = {Percepciones del alumnado hacia el aprendizaje mediante objetos educativos enriquecidos con realidad aumentada},
	volume = {6},
	url = {http://www.uco.es/ucopress/ojs/index.php/edmetic/article/view/5812},
	urldate = {2021-06-22},
	doi = {10.21071/edmetic.v6i1.5812},
	number = {1},
	journal = {Revista de Educación Mediática y TIC},
	author = {Garay, Urtza and Tejada, Eneko and Castaño, Carlos},
	year = {2017},
	pages = {145-164}
}
@article{garrote2018,
	title = {{ICT} as tools for the development of intercultural competence},
	volume = {7},
	url = {http://www.uco.es/servicios/ucopress/ojs/index.php/edmetic/article/view/10533},
	urldate = {2021-06-22},
	doi = {10.21071/edmetic.v7i2.10533},
	number = {2},
	journal = {Revista de Educación Mediática y TIC},
	author = {Garrote, Daniel and Arenas, Juan Ángel and Jiménez-Fernández, Sara},
	month = aug,
	year = {2018},
	pages = {166-183}
}
@article{garzon2019,
	title = {Meta-analysis of the impact of {Augmented} {Reality} on students’ learning gains},
	volume = {27},
	url = {https://linkinghub.elsevier.com/retrieve/pii/S1747938X18301805},
	urldate = {2021-06-22},
	doi = {10.1016/j.edurev.2019.04.001},
	journal = {Educational Research Review},
	author = {Garzón, Juan and Acevedo, Juan},
	month = jun,
	year = {2019},
	pages = {244-260}
}
@book{hernandezfernandezbaptista2014,
	address = {México},
	title = {Metodología de la investigación},
	publisher = {McGraw Hill},
	author = {Hernández, Roberto and Fernández, Carlos and Baptista, Pilar},
	year = {2014}
}
@article{hodges2011,
	title = {Reflections on a {Technology}–{Rich} {Mathematics} {Classroom}},
	volume = {104},
	url = {https://pubs.nctm.org/view/journals/mt/104/6/article-p432.xml},
	urldate = {2021-06-22},
	doi = {10.5951/MT.104.6.0432},
	number = {6},
	journal = {The Mathematics Teacher},
	author = {Hodges, Thomas E. and Conner, Elizabeth},
	month = feb,
	year = {2011},
	pages = {432-438}
}
@article{hwang2015,
	title = {Seamless flipped learning: a mobile technology-enhanced flipped classroom with effective learning strategies},
	volume = {2},
	url = {http://link.springer.com/10.1007/s40692-015-0043-0},
	urldate = {2021-06-22},
	doi = {10.1007/s40692-015-0043-0},
	number = {4},
	journal = {Journal of Computers in Education},
	author = {Hwang, Gwo-Jen and Lai, Chiu-Lin and Wang, Siang-Yi},
	month = dec,
	year = {2015},
	pages = {449-473}
}
@article{jensen2018,
	title = {Investigating {Strategies} for {Pre}-{Class} {Content} {Learning} in a {Flipped} {Classroom}},
	volume = {27},
	url = {http://link.springer.com/10.1007/s10956-018-9740-6},
	urldate = {2021-06-22},
	doi = {10.1007/s10956-018-9740-6},
	number = {6},
	journal = {Journal of Science Education and Technology},
	author = {Jensen, Jamie L. and Holt, Emily A. and Sowards, Jacob B. and Heath Ogden, T. and West, Richard E.},
	month = dec,
	year = {2018},
	pages = {523-535}
}
@book{joreskog2001,
	address = {Jena},
	title = {Analysis of ordinal variables 2: {Cross}-{Sectional} {Data}. {Text} of the workshop “{Structural} equation modelling with {LISREL} 8.51”.},
	publisher = {Friedrich-Schiller-Universität Jena},
	author = {Jöreskog, Karl G.},
	year = {2001}
}

@article{karabulut2018,
	title = {Flipping to engage students: {Instructor} perspectives on flipping large enrolment courses},
	volume = {34},
	url = {https://ajet.org.au/index.php/AJET/article/view/4036},
	urldate = {2021-06-22},
	doi = {10.14742/ajet.4036},
	number = {4},
	journal = {Australasian Journal of Educational Technology},
	author = {Karabulut, Aliye and Jaramillo , Nadia and Hassall, Lesya},
	month = sep,
	year = {2018},
	pages = {123-137}
}
@article{larionova2018,
	title = {Russian perspectives of online learning technologies in higher education: {An} empirical study of a {MOOC}},
	volume = {13},
	url = {https://doi.org/10.1177/1745499918763420},
	urldate = {2021-06-22},
	doi = {10.1177/1745499918763420},
	number = {1},
	journal = {Research in Comparative and International Education},
	author = {Larionova, Viola and Brown, Ken and Bystrova, Tatiana and Sinitsyn, Evgueny},
	month = mar,
	year = {2018},
	pages = {70-91}
}
@article{lee2017,
	title = {Development of an instructional design model for flipped learning in higher education},
	volume = {65},
	url = {http://link.springer.com/10.1007/s11423-016-9502-1},
	urldate = {2021-06-22},
	doi = {10.1007/s11423-016-9502-1},
	number = {2},
	journal = {Educational Technology Research and Development},
	author = {Lee, Jihyun and Lim, Cheolil and Kim, Hyeonsu},
	year = {2017},
	pages = {427-453}
}
@article{li2019,
	title = {The {Influence} of {Teachers}’ {Professional} {Development} {Activities} on the {Factors} {Promoting} {ICT} {Integration} in {Primary} {Schools} in {Mongolia}},
	volume = {9},
	url = {https://www.mdpi.com/2227-7102/9/2/78},
	urldate = {2021-06-22},
	doi = {10.3390/educsci9020078},
	number = {2},
	journal = {Education Sciences},
	author = {Li, Shengru and Yamaguchi, Shinobu and Sukhbaatar, Javzan and Takada, Jun-ichi},
	month = apr,
	year = {2019},
	pages = {78}
}
@article{llanos2017,
	title = {Flipped classroom como puente hacia nuevos retos en la educación primaria},
	volume = {8},
	url = {https://www.tecnologia-ciencia-educacion.com/index.php/TCE/article/view/153},
	urldate = {2021-06-22},
	doi = {10.51302/tce.2017.153},
	journal = {Revista Tecnología, Ciencia y Educación},
	author = {Llanos, Gonzalo and Bravo, Javier},
	month = sep,
	year = {2017},
	pages = {39-49}
}
@article{lo2017,
	title = {A critical review of flipped classroom challenges in {K}-12 education: possible solutions and recommendations for future research},
	volume = {12},
	url = {http://telrp.springeropen.com/articles/10.1186/s41039-016-0044-2},
	urldate = {2021-06-22},
	doi = {10.1186/s41039-016-0044-2},
	number = {1},
	journal = {Research and Practice in Technology Enhanced Learning},
	author = {Lo, Chung Kwan and Hew, Khe Foon},
	month = dec,
	year = {2017},
	pages = {1-22}
}
@article{longcummins2017,
	title = {Use of the flipped classroom instructional model in higher education: instructors’ perspectives},
	volume = {29},
	url = {http://link.springer.com/10.1007/s12528-016-9119-8},
	urldate = {2021-06-22},
	doi = {10.1007/s12528-016-9119-8},
	number = {2},
	journal = {Journal of Computing in Higher Education},
	author = {Long, Taotao and Cummins, John and Waugh, Michael},
	year = {2017},
	pages = {179-200}
}
@article{longlogan2016,
	title = {Students’ {Perceptions} of the {Value} of {Using} {Videos} as a {Pre}-class {Learning} {Experience} in the {Flipped} {Classroom}},
	volume = {60},
	url = {http://link.springer.com/10.1007/s11528-016-0045-4},
	urldate = {2021-06-22},
	doi = {10.1007/s11528-016-0045-4},
	number = {3},
	journal = {TechTrends},
	author = {Long, Taotao and Logan, Joanne and Waugh, Michael},
	month = may,
	year = {2016},
	pages = {245-252}
}
%RODRÍGUEZ, A. M.; CÁCERES, M. P.; ALONSO, S. La competencia digital del futuro docente: análisis bibliométrico de la productividad científica indexada en Scopus. International Journal of Educational Research and Innovation, vol. 10, p. 317-333, 2018.
@article{rodriguez2018,
  author = {Rodríguez, A. M. and Cáceres, M. P. and Alonso, S.},
  title = {La competencia digital del futuro docente: análisis bibliométrico de la productividad científica indexada en Scopus},
  journal = {International Journal of Educational Research and Innovation},
  volume = {10},
  year = {2018},
  pages = {317-333}
}
%RODRÍGUEZ, N. Diseños experimentales en educación. Revista Española de Pedagogía, vol. 32, p. 147–158, 2011
@article{rodriguez2011,
  author = {Rodríguez, N.},
  title = {Diseños experimentales en educación},
  journal = {Revista Española de Pedagogía},
  volume = {32},
  year = {2011},
  pages = {147-158}
}
%VILLALUSTRE, L.; DEL MORAL, M. E. Juegos perceptivos con realidad aumentada para trabajar contenido científico. Educação, Formação & Tecnologias, vol. 10, p. 36-46, 2017.
@article{villalustredelmoral2017,
  author = {Villalustre, L. and Del Moral, M. E.},
  title = {Juegos perceptivos con realidad aumentada para trabajar contenido científico},
  journal = {Educação, Formação \& Tecnologias},
  volume = {10},
  year = {2017},
  pages = {36-46}
}
%VIÑALS, A.; CUENCA, J. El rol del docente en la era digital. Revista Interuniversitaria de Formación del Profesorado, vol. 30, p. 103-114, 2016.
@article{vinals2016,
  author = {Viñals, A. and Cuenca, J.},
  title = {El rol del docente en la era digital},
  journal = {Revista Interuniversitaria de Formación del Profesorado},
  volume = {30},
  year = {2016},
  pages = {103-114}
}
@article{lorenzo2018,
	title = {Revisión bibliométrica sobre la realidad aumentada en {Educación}},
	volume = {28},
	url = {http://revistas.ucm.es/index.php/RGID/article/view/60805},
	urldate = {2021-06-22},
	doi = {10.5209/RGID.60805},
	number = {1},
	journal = {Revista General de Información y Documentación},
	author = {Lorenzo, Gonzalo and Scagliarini, Christina},
	month = jul,
	year = {2018},
	pages = {45-60}
}
@article{marinmunoz2018,
	title = {Trabajar el cuerpo humano con realidad aumentada en educación infantil},
	volume = {9},
	url = {https://www.tecnologia-ciencia-educacion.com/index.php/TCE/article/view/177},
	urldate = {2021-06-22},
	doi = {10.51302/tce.2018.177},
	journal = {Revista Tecnología, Ciencia y Educación},
	author = {Marín, Verónica and Muñoz, Victoria Paula},
	month = jan,
	year = {2018},
	pages = {148-158}
}
@article{marincabero2018,
	title = {Motivación y realidad aumentada: {Alumnos} como consumidores y productores de objetos de aprendizaje. {Motivation} and augmented reality: {Students} as consumers and producers of learning objects},
	volume = {47},
	url = {https://www.unioviedo.es/reunido/index.php/AA/article/view/12006},
	urldate = {2021-06-22},
	doi = {10.17811/aula_abierta.47.3.2018.337},
	number = {3},
	journal = {Aula Abierta},
	author = {Marín, Verónica and Cabero, Julio and Gallego, Oscar Manuel},
	month = aug,
	year = {2018},
	pages = {337-346}
}
@article{mclaughlin2014,
	title = {The {Flipped} {Classroom}: {A} {Course} {Redesign} to {Foster} {Learning} and {Engagement} in a {Health} {Professions} {School}},
	volume = {89},
	url = {http://journals.lww.com/00001888-201402000-00017},
	doi = {10.1097/ACM.0000000000000086},
	urldate = {2021-06-22},
	number = {2},
	journal = {Academic Medicine},
	author = {McLaughlin, Jacqueline E. and Roth, Mary T. and Glatt, Dylan M. and Gharkholonarehe, Nastaran and Davidson, Christopher A. and Griffin, LaToya M. and Esserman, Denise A. and Mumper, Russell J.},
	month = feb,
	year = {2014},
	pages = {236-243}
}
@article{murillo2016,
	title = {Hacia un modelo de eficacia escolar. {Estudio} multinivel sobre los factores de eficacia en las escuelas españolas},
	volume = {6},
	url = {https://www.redalyc.org/articulo.oa?id=55160102},
	number = {1},
	urldate = {2021-06-22},
	journal = {Revista Iberoamericana sobre Calidad, Eficacia y Cambio en Educación},
	author = {Murillo, F. Javier},
	year = {2016},
	pages = {4-28}
}
@article{nortvig2018,
	title = {A literature review of the factors influencing e-learning and blended learning in relation to learning outcome, student satisfaction and engagement},
	volume = {16},
	url = {https://www.ucviden.dk/en/publications/a-literature-review-of-the-factors-influencing-e-learning-and-ble},
	number = {1},
	urldate = {2021-06-22},
	journal = {Electronic Journal of E-Learning},
	author = {Nortvig, Anne-Mette and Petersen, Anne Kristine and Balle, Søren Hattesen},
	month = mar,
	year = {2018},
	pages = {46-55}
}
@article{nouri2016,
	title = {The flipped classroom: for active, effective and increased learning – especially for low achievers},
	volume = {13},
	url = {http://educationaltechnologyjournal.springeropen.com/articles/10.1186/s41239-016-0032-z},
	urldate = {2021-06-22},
	doi = {10.1186/s41239-016-0032-z},
	number = {1},
	journal = {International Journal of Educational Technology in Higher Education},
	author = {Nouri, Jalal},
	month = dec,
	year = {2016},
	pages = {33}
}
@article{pereira2019,
	title = {El aprendizaje de los jóvenes con medios digitales fuera de la escuela: {De} lo informal a lo formal},
	volume = {27},
	url = {https://www.revistacomunicar.com/index.php?contenido=detalles\&numero=58\&articulo=58-2019-04},
	urldate = {2021-06-22},
	doi = {10.3916/C58-2019-04},
	number = {58},
	journal = {Comunicar},
	author = {Pereira, Sara and Fillol, Joana and Moura, Pedro},
	month = jan,
	year = {2019},
	pages = {41-50}
}
@article{prendes2015,
	title = {Realidad aumentada y educación: análisis de experiencias prácticas},
	volume = {46},
	url = {https://acdc.sav.us.es/pixelbit/images/stories/p46/12.pdf},
	urldate = {2021-06-22},
	doi = {10.12795/pixelbit.2015.i46.12},
	journal = {Píxel-Bit, Revista de Medios y Educación},
	author = {Prendes Espinosa, Carlos},
	year = {2015},
	pages = {187-203}
}
@article{radu2014,
	title = {Augmented reality in education: a meta-review and cross-media analysis},
	volume = {18},
	url = {http://link.springer.com/10.1007/s00779-013-0747-y},
	urldate = {2021-06-22},
	doi = {10.1007/s00779-013-0747-y},
	number = {6},
	journal = {Personal and Ubiquitous Computing},
	author = {Radu, Iulian},
	month = aug,
	year = {2014},
	pages = {1533-1543}
}
@article{rodriguez2019,
	title = {Diseño e implementación de una experiencia para trabajar la interculturalidad en {Educación} {Infantil} a través de realidad aumentada y códigos {QR}},
	volume = {55},
	url = {https://educar.uab.cat/article/view/v55-n1-rodriguez-hinojo-agreda},
	urldate = {2021-06-22},
	doi = {10.5565/rev/educar.966},
	number = {1},
	journal = {Educar},
	author = {Rodríguez, Antonio-Manuel and Hinojo, Francisco Javier and Ágreda, Miriam},
	month = jan,
	year = {2019},
	pages = {59-77}
}
@article{salas2019,
	title = {Impacto del aula invertida durante el proceso educativo sobre las derivadas},
	volume = {8},
	url = {http://www.uco.es/servicios/ucopress/ojs/index.php/edmetic/article/view/9542},
	urldate = {2021-06-22},
	doi = {10.21071/edmetic.v8i1.9542},
	number = {1},
	journal = {Revista de Educación Mediática y TIC},
	author = {Salas, Ricardo-Adán and Lugo, José-Luis},
	month = jan,
	year = {2019},
	pages = {147-170}
}
@article{sanchez2019,
	title = {Percepción del alumnado universitario respecto al modelo pedagógico de clase invertida},
	volume = {11},
	url = {https://revistas.javeriana.edu.co/index.php/MAGIS/article/view/24511},
	urldate = {2021-06-22},
	doi = {10.11144/Javeriana.m11-23.paur},
	number = {23},
	journal = {Magis, Revista Internacional de Investigación en Educación},
	author = {Sánchez, Enrique and Sánchez, José and Ruiz, Julio},
	month = jan,
	year = {2019},
	pages = {151-168}
}
@article{schmidt2016,
	title = {The {Flipped} {Classroom}: {A} {Twist} {On} {Teaching}},
	volume = {9},
	url = {https://clutejournals.com/index.php/CIER/article/view/9544},
	urldate = {2021-06-22},
	doi = {10.19030/cier.v9i1.9544},
	number = {1},
	journal = {Contemporary Issues in Education Research (CIER)},
	author = {Schmidt, Stacy M. P. and Ralph, David L.},
	month = jan,
	year = {2016},
	pages = {1-6}
}
@article{seery2015,
	title = {Flipped learning in higher education chemistry: emerging trends and potential directions},
	volume = {16},
	url = {http://xlink.rsc.org/?DOI=C5RP00136F},
	urldate = {2021-06-22},
	doi = {10.1039/C5RP00136F},
	number = {4},
	journal = {Chemistry Education Research and Practice},
	author = {Seery, Michael K.},
	year = {2015},
	pages = {758-768}
}
@article{shih2017,
	title = {Students’ perception of a flipped classroom approach to facilitating online project-based learning in marketing research courses},
	volume = {33},
	url = {http://ajet.org.au/index.php/AJET/article/view/2884},
	urldate = {2021-06-22},
	doi = {10.14742/ajet.2884},
	number = {5},
	journal = {Australasian Journal of Educational Technology},
	author = {Shih, Wen-Ling and Tsai, Chun-Yen},
	year = {2017},
	pages = {32-49}
}
@article{sola2019,
	title = {Eficacia del {Método} {Flipped} {Classroom} en la {Universidad}: {Meta}-{Análisis} de la {Producción} {Científica} de {Impacto}},
	volume = {17},
	url = {https://revistas.uam.es/index.php/reice/article/view/10432},
	urldate = {2021-06-22},
	doi = {10.15366/reice2019.17.1.002},
	number = {1},
	journal = {REICE. Revista Iberoamericana sobre Calidad, Eficacia y Cambio en Educación},
	author = {Sola, Tomás and Aznar, Inmaculada and Romero, José María and Rodríguez, Antonio-Manuel},
	year = {2019},
	pages = {25-38}
}
@article{sun2018,
	title = {The role of self-regulated learning in students' success in flipped undergraduate math courses},
	volume = {36},
	url = {https://linkinghub.elsevier.com/retrieve/pii/S1096751617304542},
	urldate = {2021-06-22},
	doi = {10.1016/j.iheduc.2017.09.003},
	journal = {The Internet and Higher Education},
	author = {Sun, Zhiru and Xie, Kui and Anderman, Lynley H.},
	month = jan,
	year = {2018},
	pages = {41-53}
}
@article{toledo2017,
	title = {Realidad {Aumentada} en {Educación} {Primaria}: efectos sobre el aprendizaje},
	volume = {16},
	url = {https://relatec.unex.es/article/view/2810},
	doi = {10.17398/1695-288X.16.1.79},
	number = {1},
	urldate = {2021-06-22},
	journal = {Revista Latinoamericana de Tecnología Educativa},
	author = {Toledo, Purificación and Sánchez, José Manuel and {Universidad de Sevilla}},
	year = {2017},
	pages = {79-92}
}
@article{touron2015,
	title = {El modelo {Flipped} {Learning} y el desarrollo del talento en la escuela},
	url = {https://doi.org/10.4438/1988-592X-RE-2015-368-288},
	doi = {10.4438/1988-592X-RE-2015-368-288},
	urldate = {2021-06-22},
	number = {368},
	journal = {Revista de Educación},
	author = {Tourón, Javier and Santiago, Raúl},
	year = {2015},
	pages = {196-231}
}
@article{tse2019,
	title = {Effects of video-based flipped class instruction on subject reading motivation: {Flipped} class instruction},
	volume = {50},
	url = {http://doi.wiley.com/10.1111/bjet.12569},
	doi = {10.1111/bjet.12569},
	urldate = {2021-06-22},
	number = {1},
	journal = {British Journal of Educational Technology},
	author = {Tse, Wai S. and Choi, Lai Y. A. and Tang, Wing S.},
	month = jan,
	year = {2019},
	pages = {385-398}
}
@article{yilmaz2018,
	title = {Effect of {Physical} {Education} and {Play} {Applications} on {School} {Social} {Behaviors} of {Mild}-{Level} {Intellectually} {Disabled} {Children}},
	volume = {8},
	url = {http://www.mdpi.com/2227-7102/8/2/89},
	doi = {10.3390/educsci8020089},
	urldate = {2021-06-22},
	number = {2},
	journal = {Education Sciences},
	author = {Yılmaz, Atike and Soyer, Fikret},
	month = jun,
	year = {2018},
	pages = {89}
}
@article{yoshida2015,
	title = {Perceived {Usefulness} of “{Flipped} {Learning}” on {Instructional} {Design} for {Elementary} and {Secondary} {Education}: {With} {Focus} on {Pre}-service {Teacher} {Education}},
	volume = {6},
	url = {http://www.ijiet.org/show-73-816-1.html},
	doi = {10.7763/IJIET.2016.V6.727},
	number = {6},
	urldate = {2021-06-22},
	journal = {International Journal of Information and Education Technology},
	author = {Yoshida, Hiroki},
	year = {2015},
	pages = {430-434}
}
@article{zainuddin2016,
	title = {Flipped {Classroom} {Research} and {Trends} from {Different} {Fields} of {Study}},
	volume = {17},
	url = {http://www.irrodl.org/index.php/irrodl/article/view/2274},
	urldate = {2021-06-22},
	doi = {10.19173/irrodl.v17i3.2274},
	number = {3},
	journal = {The International Review of Research in Open and Distributed Learning},
	author = {Zainuddin, Zamzami and Halili, Siti Hajar},
	month = may,
	year = {2016},
	pages = {313-340}
}
@article{zainuddin2019,
	title = {How do students become self-directed learners in the {EFL} flipped-class pedagogy? {A} study in higher education},
	volume = {8},
	url = {http://ejournal.upi.edu/index.php/IJAL/article/view/15270},
	urldate = {2021-06-22},
	doi = {10.17509/ijal.v8i3.15270},
	number = {3},
	journal = {Indonesian Journal of Applied Linguistics},
	author = {Zainuddin, Zamzami and Habiburrahim, H. and Muluk, Safrul and Keumala, Cut Muftia},
	month = jan,
	year = {2019},
	pages = {678-690}
}
@article{campos2019,
	title = {Realidad virtual y motivación en el contexto educativo: {Estudio} bibliométrico de los últimos veinte años de {Scopus}},
	volume = {15},
	url = {https://alteridad.ups.edu.ec/index.php/alteridad/article/view/1.2020.04},
	urldate = {2021-06-22},
	doi = {10.17163/alt.v15n1.2020.04},
	number = {1},
	journal = {Alteridad},
	author = {Campos, Natalia and Ramos Navas-Parejo, Magdalena and Moreno Guerrero, Antonio José},
	month = dec,
	year = {2019},
	pages = {47-60}
}
@article{fuentescabrera2020,
	title = {Educational {Potentials} of {Flipped} {Learning} in {Intercultural} {Education} as a {Transversal} {Resource} in {Adolescents}},
	volume = {11},
	url = {https://www.mdpi.com/2077-1444/11/1/53},
	doi = {10.3390/rel11010053},
	urldate = {2021-06-22},
	number = {1},
	journal = {Religions},
	author = {Fuentes Cabrera, Arturo and Parra-González, María Elena and López Belmonte, Jesús and Segura-Robles, Adrián},
	month = jan,
	year = {2020},
	pages = {53}
}
@article{hinojolucena2019,
	title = {Academic {Effects} of the {Use} of {Flipped} {Learning} in {Physical} {Education}},
	volume = {17},
	url = {https://www.mdpi.com/1660-4601/17/1/276},
	doi = {10.3390/ijerph17010276},
	urldate = {2021-06-22},
	number = {1},
	journal = {International Journal of Environmental Research and Public Health},
	author = {Hinojo Lucena, Francisco Javier and López Belmonte, Jesús and Fuentes Cabrera, Arturo and Trujillo Torres, Juan Manuel and Pozo Sánchez, Santiago},
	month = dec,
	year = {2019},
	pages = {276}
}
@article{kwan2017,
	title = {A critical review of flipped classroom challenges in {K}-12 education: possible solutions and recommendations for future research},
	volume = {12},
	url = {http://telrp.springeropen.com/articles/10.1186/s41039-016-0044-2},
	urldate = {2021-06-22},
	doi = {10.1186/s41039-016-0044-2},
	number = {1},
	journal = {Research and Practice in Technology Enhanced Learning},
	author = {Kwan, Chung and Foon, Khe},
	month = dec,
	year = {2017},
	pages = {4}
}
@article{lopezbelmonte+morenoguerrero+lopeznunes+pozosanchez2019,
	title = {Analysis of the {Productive}, {Structural}, and {Dynamic} {Development} of {Augmented} {Reality} in {Higher} {Education} {Research} on the {Web} of {Science}},
	volume = {9},
	url = {https://www.mdpi.com/2076-3417/9/24/5306},
	doi = {10.3390/app9245306},
	urldate = {2021-06-22},
	number = {24},
	journal = {Applied Sciences},
	author = {López Belmonte, Jesús and Moreno-Guerrero, Antonio-José and López Núñez, Juan Antonio and Pozo Sánchez, Santiago},
	month = dec,
	year = {2019},
	pages = {1-24}
}
@article{lopezbelmonte+pozosanchez+lopezbelmonte2019,
	title = {La eficacia de la {Realidad} {Aumentada} en las aulas de {Infantil}: un estudio del aprendizaje de {SVB} y {RCP} en discentes de 5 años},
	url = {https://institucional.us.es/revistas/PixelBit/55/articulo9.pdf},
	urldate = {2021-06-22},
	doi = {10.12795/pixelbit.2019.i55.09},
	number = {55},
	journal = {Pixel-Bit, Revista de Medios y Educación},
	author = {López Belmonte, Jesús and Pozo Sánchez, Santiago and López Belmonte, Gema},
	year = {2019},
	pages = {157-178}
}
@article{lopezbelmonte+pozosanchez+fuentescabrera+lopeznunez2019,
	title = {Creación de contenidos y flipped learning: un binomio necesario para la educación del nuevo milenio},
	volume = {77},
	url = {https://revistadepedagogia.org/lxxvii/no-274/creacion-de-contenidos-y-flipped-learning-un-binomio-necesario-para-la-educacion-del-nuevo-milenio/101400075517/},
	doi = {10.22550/REP77-3-2019-07},
	urldate = {2021-06-22},
	number = {274},
	journal = {Revista Española de Pedagogía},
	author = {López Belmonte, Jesús and Pozo Sánchez, Santiago and Fuentes Cabrera, Arturo and López Núñez, Juan Antonio},
	month = sep,
	year = {2019},
	pages = {535-555}
}
@article{lopezbelmonte+pozosanchez+fuentescabrera+romero2020,
	title = {Uses and integration of augmented reality in the educational cooperatives of {Andalusia} ({Spain})},
	volume = {10},
	url = {http://www.jotse.org/index.php/jotse/article/view/622},
	urldate = {2021-06-22},
	doi = {10.3926/jotse.622},
	number = {1},
	journal = {Journal of Technology and Science Education},
	author = {López Belmonte, Jesús and Pozo Sánchez, Santiago and Fuentes Cabrera, Arturo and Romero Rodríguez, José María},
	month = feb,
	year = {2020},
	pages = {4}
}
@article{lopeznunez+lopezbelmonte+morenoguerrero+pozosanchez2020,
	title = {Effectiveness of {Innovate} {Educational} {Practices} with {Flipped} {Learning} and {Remote} {Sensing} in {Earth} and {Environmental} {Sciences}—{An} {Exploratory} {Case} {Study}},
	volume = {12},
	url = {https://www.mdpi.com/2072-4292/12/5/897},
	doi = {10.3390/rs12050897},
	urldate = {2021-06-22},
	number = {5},
	journal = {Remote Sensing},
	author = {López Núñez, Juan Antonio and López Belmonte, Jesús and Moreno Guerrero, Antonio José and Pozo Sánchez, Santiago},
	month = mar,
	year = {2020},
	pages = {1-14}
}
@article{mengualandres+lopezbelmonte+fuentescabrera+pozosanchez+2020,
	title = {Modelo estructural de factores extrínsecos influyentes en el flipped learning},
	volume = {23},
	url = {http://revistas.uned.es/index.php/educacionXX1/article/view/23840},
	urldate = {2021-06-22},
	doi = {10.5944/educxx1.23840},
	number = {1},
	journal = {Educación XX1},
	author = {Mengual-Andrés, Santiago and López Belmonte, Jesús and Fuentes Cabrera, Arturo and Pozo Sánchez, Santiago},
	year = {2020},
	pages = {5-101}
}
@article{morenoguerrero+romerorodriguez+lopezbelmonte+alonsogarcia2020,
	title = {Flipped {Learning} {Approach} as {Educational} {Innovation} in {Water} {Literacy}},
	volume = {12},
	url = {https://www.mdpi.com/2073-4441/12/2/574},
	doi = {10.3390/w12020574},
	number = {2},
	urldate = {2021-06-22},
	journal = {Water},
	author = {Moreno-Guerrero, Antonio-José and Romero-Rodríguez, José-María and López-Belmonte, Jesús and Alonso-García, Santiago},
	month = feb,
	year = {2020},
	pages = {1-13}
}
@article{parragonzalez-lopezbelmonte-segurarobles2020,
	title = {Active and {Emerging} {Methodologies} for {Ubiquitous} {Education}: {Potentials} of {Flipped} {Learning} and {Gamification}},
	volume = {12},
	url = {https://www.mdpi.com/2071-1050/12/2/602},
	doi = {10.3390/su12020602},
	urldate = {2021-06-22},
	number = {2},
	journal = {Sustainability},
	author = {Parra-González, María Elena and López Belmonte, Jesús and Segura-Robles, Adrián and Fuentes Cabrera, Arturo},
	month = jan,
	year = {2020},
	pages = {1-11}
}
@article{pozosanchez-lopezbelmonte-morenoguerrero-hijonolucena2020,
	title = {Flipped learning y competencia digital: {Una} conexión docente necesaria para su desarrollo en la educación actual},
	volume = {23},
	url = {https://revistas.um.es/reifop/article/view/422971},
	doi = {10.6018/reifop.422971},
	urldate = {2021-06-22},
	number = {2},
	journal = {Revista Electrónica Interuniversitaria de Formación del Profesorado},
	author = {Pozo Sánchez, Santiago and López Belmonte, Jesús and Moreno Guerrero, Antonio José and Hinojo-Lucena, Francisco Javier},
	month = apr,
	year = {2020},
	pages = {127-141}
}
@article{pozosanchez-lopezbelmonte-morenoguerrero-solareche-fuentes2020,
	title = {Effect of {Bring}-{Your}-{Own}-{Device} {Program} on {Flipped} {Learning} in {Higher} {Education} {Students}},
	volume = {12},
	url = {https://www.mdpi.com/2071-1050/12/9/3729},
	doi = {10.3390/su12093729},
	urldate = {2021-06-22},
	number = {9},
	journal = {Sustainability},
	author = {Pozo Sánchez, Santiago and López-Belmonte, Jesús and Moreno-Guerrero, Antonio-José and Sola Reche, José María and Fuentes Cabrera, Arturo},
	month = may,
	year = {2020},
	pages = {1-11}
}
@article{sola2018,
	title = {Eficacia del {Método} {Flipped} {Classroom} en la {Universidad}: {Meta}-{Análisis} de la {Producción} {Científica} de {Impacto}},
	volume = {17},
	url = {https://revistas.uam.es/index.php/reice/article/view/10432},
	urldate = {2021-06-22},
	doi = {10.15366/reice2019.17.1.002},
	number = {1},
	journal = {REICE. Revista Iberoamericana sobre Calidad, Eficacia y Cambio en Educación},
	author = {Sola, Tomás and Aznar, Inmaculada and Romero, José María and Rodríguez, Antonio-Manuel},
	month = dec,
	year = {2018},
	pages = {25}
}
%LÓPEZ-BELMONTE, J.; POZO-SÁNCHEZ, S.; FUENTES-CABRERA, A.; PARRA-GONZÁLEZ, M. E. Percepciones sobre la formación, atención intercultural y resolución de problemas en el profesorado en regiones transfronterizas. Revista Interuniversitaria de Formación del Profesorado, v. 33, n. 2, p. 95-108, 2019. https://doi.org/10.47553/rifop.v33i2.72693
@article{lopezbelmonte+pozosanchez+fuentescabrera+parragonzalez2019,
title = {Percepciones sobre la formación, atención intercultural y resolución de problemas en el profesorado en regiones transfronterizas},
author = {López Belmonte, J. and Pozo Sánchez, S. and Fuentes Cabrera, A. and Parra González, M. E.},
journal = {Revista Interuniversitaria de Formación del Profesorado},
volume = {33},
number = {2},
pages= {95-108},
year = {2019}
}
