@article{boring_new_1930,
    title         = {A {New} {Ambiguous} {Figure}},
    author        = {Boring, Edwin G.},
    year          = {1930},
    month         = jul,
    journal       = {The American Journal of Psychology},
    volume        = {42},
    number        = {3},
    pages         = {444},
    doi           = {10.2307/1415447},
    issn          = {00029556},
    url           = {https://www.jstor.org/stable/1415447?origin=crossref},
    urldate       = {2024-09-26},
}

@article{chastain_first_1975,
    title         = {The first glimpse determines the perception of an ambiguous figure},
    author        = {Chastain, Garvin and Burnham, Clarke A.},
    year          = {1975},
    month         = may,
    journal       = {Perception \& Psychophysics},
    volume        = {17},
    number        = {3},
    pages         = {221--224},
    doi           = {10.3758/bf03203203},
    issn          = {0031-5117, 1532-5962},
    url           = {http://link.springer.com/10.3758/BF03203203},
    urldate       = {2024-09-26},
    copyright     = {http://www.springer.com/tdm},
}

@article{flamm_reversible_1977,
    title         = {Reversible {Perspective} {Figures} and {Eye} {Movements}},
    author        = {Flamm, Lois E. and Bergum, Bruce O.},
    year          = {1977},
    month         = jun,
    journal       = {Perceptual and Motor Skills},
    volume        = {44},
    number        = {3},
    pages         = {1015--1019},
    doi           = {10.2466/pms.1977.44.3.1015},
    issn          = {0031-5125, 1558-688x},
    url           = {http://journals.sagepub.com/doi/10.2466/pms.1977.44.3.1015},
    urldate       = {2024-09-26},
    copyright     = {http://journals.sagepub.com/page/policies/text-and-data-mining-license},
}

@article{holcomb_selective_1977,
    title         = {Selective {Attention} and {Eye} {Movements} {While} {Viewing} {Reversible} {Figures}},
    author        = {Holcomb, Jean Hamilton and Holcomb, Henry H. and De La Peña, Augustin},
    year          = {1977},
    month         = apr,
    journal       = {Perceptual and Motor Skills},
    volume        = {44},
    number        = {2},
    pages         = {639--644},
    doi           = {10.2466/pms.1977.44.2.639},
    issn          = {0031-5125, 1558-688x},
    url           = {https://journals.sagepub.com/doi/10.2466/pms.1977.44.2.639},
    urldate       = {2024-09-26},
    copyright     = {https://journals.sagepub.com/page/policies/text-and-data-mining-license},
}

@article{ellis_eye_1978,
    title         = {Eye {Movements} during the {Viewing} of {Necker} {Cubes}},
    author        = {Ellis, Stephen R and Stark, Lawrence},
    year          = {1978},
    month         = oct,
    journal       = {Perception},
    volume        = {7},
    number        = {5},
    pages         = {575--581},
    doi           = {10.1068/p070575},
    issn          = {0301-0066, 1468-4233},
    url           = {https://journals.sagepub.com/doi/10.1068/p070575},
    urldate       = {2024-09-26},
    copyright     = {https://journals.sagepub.com/page/policies/text-and-data-mining-license},
}

@incollection{groner_eye-movement_1983,
    title         = {Eye-movement patterns in viewing ambiguous figures},
    author        = {Gale, Alistair and Findlay, John},
    year          = {1983},
    month         = aug,
    booktitle     = {Eye {Movements} and {Psychological} {Functions}: {International} {Views}},
    publisher     = {Lea},
    address       = {Hillsdale, N.J.},
    pages         = {145--168},
    doi           = {10.4324/9781003165538},
    edition       = {1},
    editor        = {Groner, Rudolf and Menz, Christine and Fisher, Dennis F. and Monty, Richard A.},
}

@article{long_as_1983,
    title         = {As the cube turns: {Evidence} for two processes in the perception of a dynamic reversible figure},
    shorttitle    = {As the cube turns},
    author        = {Long, Gerald M. and Toppino, Thomas C. and Kostenbauder, John F.},
    year          = {1983},
    month         = jan,
    journal       = {Perception \& Psychophysics},
    volume        = {34},
    number        = {1},
    pages         = {29--38},
    doi           = {10.3758/bf03205893},
    issn          = {0031-5117, 1532-5962},
    url           = {http://link.springer.com/10.3758/BF03205893},
    urldate       = {2024-09-26},
    copyright     = {http://www.springer.com/tdm},
}

@article{biederman_surface_1988,
    title         = {Surface versus edge-based determinants of visual recognition},
    author        = {Biederman, Irving and Ju, Ginny},
    year          = {1988},
    month         = jan,
    journal       = {Cognitive Psychology},
    volume        = {20},
    number        = {1},
    pages         = {38--64},
    doi           = {10.1016/0010-0285(88)90024-2},
    issn          = {00100285},
    url           = {https://linkinghub.elsevier.com/retrieve/pii/0010028588900242},
    urldate       = {2024-09-26},
    copyright     = {https://www.elsevier.com/tdm/userlicense/1.0/},
    language      = {en},
}

@article{treisman_features_1988,
    title         = {Features and {Objects}: {The} {Fourteenth} {Bartlett} {Memorial} {Lecture}},
    shorttitle    = {Features and {Objects}},
    author        = {Treisman, Anne},
    year          = {1988},
    month         = may,
    journal       = {The Quarterly Journal of Experimental Psychology Section A},
    volume        = {40},
    number        = {2},
    pages         = {201--237},
    doi           = {10.1080/02724988843000104},
    issn          = {0272-4987, 1464-0740},
    url           = {http://journals.sagepub.com/doi/10.1080/02724988843000104},
    urldate       = {2024-09-26},
    copyright     = {http://journals.sagepub.com/page/policies/text-and-data-mining-license},
}

@article{long_prime_1992,
    title         = {Prime time: {Fatigue} and set effects in the perception of reversible figures},
    shorttitle    = {Prime time},
    author        = {Long, Gerald M. and Toppino, Thomas C. and Mondin, Gregory W.},
    year          = {1992},
    month         = nov,
    journal       = {Perception \& Psychophysics},
    volume        = {52},
    number        = {6},
    pages         = {609--616},
    doi           = {10.3758/bf03211697},
    issn          = {0031-5117, 1532-5962},
    url           = {http://link.springer.com/10.3758/BF03211697},
    urldate       = {2024-09-26},
    copyright     = {http://www.springer.com/tdm},
}

@article{rock_why_1994,
    title         = {Why do ambiguous figures reverse?},
    author        = {Rock, Irvin and Hall, Susannah and Davis, Janet},
    year          = {1994},
    month         = oct,
    journal       = {Acta Psychologica},
    volume        = {87},
    number        = {1},
    pages         = {33--59},
    doi           = {10.1016/0001-6918(94)90065-5},
    issn          = {00016918},
    url           = {https://linkinghub.elsevier.com/retrieve/pii/0001691894900655},
    urldate       = {2024-09-26},
    copyright     = {https://www.elsevier.com/tdm/userlicense/1.0/},
}

@article{muller_visual_1995,
    title         = {Visual search for singleton feature targets within and across feature dimensions},
    author        = {Müller, Hermann J. and Heller, Dieter and Ziegler, Johannes},
    year          = {1995},
    month         = jan,
    journal       = {Perception \& Psychophysics},
    volume        = {57},
    number        = {1},
    pages         = {1--17},
    doi           = {10.3758/bf03211845},
    issn          = {0031-5117, 1532-5962},
    url           = {http://link.springer.com/10.3758/BF03211845},
    urldate       = {2024-09-26},
    copyright     = {http://www.springer.com/tdm},
}

@article{gonzalez_de_cosio_rhetoric_1998,
    title         = {Rhetoric in {Logotypes}},
    author        = {González de Cosio, Mária},
    year          = {1998},
    month         = nov,
    journal       = {Visible Language},
    volume        = {32},
    number        = {3},
    issn          = {2691-5529},
    url           = {https://journals.uc.edu/index.php/vl/article/view/5673},
    urldate       = {2024-09-26},
    copyright     = {Copyright (c) 1998  Copyright University of Cincinnati on behalf of Visible Language Volume 32.2},
}

@article{leopold_multistable_1999,
    title         = {Multistable phenomena: changing views in perception},
    shorttitle    = {Multistable phenomena},
    author        = {Leopold, David A. and Logothetis, Nikos K.},
    year          = {1999},
    month         = jul,
    journal       = {Trends in Cognitive Sciences},
    volume        = {3},
    number        = {7},
    pages         = {254--264},
    doi           = {10.1016/s1364-6613(99)01332-7},
    issn          = {13646613},
    url           = {https://linkinghub.elsevier.com/retrieve/pii/S1364661399013327},
    urldate       = {2024-09-26},
    copyright     = {https://www.elsevier.com/tdm/userlicense/1.0/},
}

@article{maljkovic_priming_2000,
    title         = {Priming of popout: {III}. {A} short-term implicit memory system beneficial for rapid target selection},
    shorttitle    = {Priming of popout},
    author        = {Maljkovic, Vera and Nakayama, Ken},
    year          = {2000},
    month         = jul,
    journal       = {Visual Cognition},
    volume        = {7},
    number        = {5},
    pages         = {571--595},
    doi           = {10.1080/135062800407202},
    issn          = {1350-6285, 1464-0716},
    url           = {https://www.tandfonline.com/doi/full/10.1080/135062800407202},
    urldate       = {2024-09-26},
}

@article{ross_changes_2001,
    title         = {Changes in visual perception at the time of saccades},
    author        = {Ross, John and Morrone, M.Concetta and Goldberg, Michael E and Burr, David C},
    year          = {2001},
    month         = feb,
    journal       = {Trends in Neurosciences},
    volume        = {24},
    number        = {2},
    pages         = {113--121},
    doi           = {10.1016/s0166-2236(00)01685-4},
    issn          = {01662236},
    url           = {https://linkinghub.elsevier.com/retrieve/pii/S0166223600016854},
    urldate       = {2024-09-26},
    copyright     = {https://www.elsevier.com/tdm/userlicense/1.0/},
}

@article{hornof_cleaning_2002,
    title         = {Cleaning up systematic error in eye-tracking data by using required fixation locations},
    author        = {Hornof, Anthony J. and Halverson, Tim},
    year          = {2002},
    month         = nov,
    journal       = {Behavior Research Methods, Instruments, \& Computers},
    volume        = {34},
    number        = {4},
    pages         = {592--604},
    doi           = {10.3758/bf03195487},
    issn          = {0743-3808, 1532-5970},
    url           = {http://link.springer.com/10.3758/BF03195487},
    urldate       = {2024-09-26},
    copyright     = {http://www.springer.com/tdm},
}

@article{long_configural_2002,
    title         = {Configural {Biases} and {Reversible} {Figures}: {Evidence} of {Multilevel} {Grouping} {Effects}},
    shorttitle    = {Configural {Biases} and {Reversible} {Figures}},
    author        = {Long, Gerald M. and Stewart, Joseph A. and Glancey, Diane E.},
    year          = {2002},
    journal       = {The American Journal of Psychology},
    volume        = {115},
    number        = {4},
    pages         = {581},
    doi           = {10.2307/1423528},
    issn          = {00029556},
    url           = {https://www.jstor.org/stable/1423528?origin=crossref},
    urldate       = {2024-09-26},
}

@article{weidner_top-down_2002,
    title         = {Top-down {Controlled} {Visual} {Dimension} {Weighting}: {An} {Event}-related {fMRI} {Study}},
    shorttitle    = {Top-down {Controlled} {Visual} {Dimension} {Weighting}},
    author        = {Weidner, R.},
    year          = {2002},
    month         = mar,
    journal       = {Cerebral Cortex},
    volume        = {12},
    number        = {3},
    pages         = {318--328},
    doi           = {10.1093/cercor/12.3.318},
    issn          = {14602199},
    url           = {https://academic.oup.com/cercor/article-lookup/doi/10.1093/cercor/12.3.318},
    urldate       = {2024-09-26},
}

@article{chirivella_test_2003,
    title         = {Test de {Aprendizaje} {Verbal} {Complutensefrente} a {Escala} de {Memoria} de {Wechsler}-{Revisada}},
    author        = {Chirivella, J. and Ferri, J. and Villodre, R. and Noé, E.},
    year          = {2003},
    journal       = {Neurología (Barc., Ed. impr.)},
    pages         = {132--138},
    url           = {https://pesquisa.bvsalud.org/portal/resource/pt/ibc-25575},
    urldate       = {2024-09-26},
}

@article{furman_orientation_2003,
    title         = {Orientation of {Listing}’s plane during static tilt in young and older human subjects},
    author        = {Furman, Joseph M. and Schor, Robert H.},
    year          = {2003},
    month         = jan,
    journal       = {Vision Research},
    volume        = {43},
    number        = {1},
    pages         = {67--76},
    doi           = {10.1016/s0042-6989(02)00385-1},
    issn          = {00426989},
    url           = {https://linkinghub.elsevier.com/retrieve/pii/S0042698902003851},
    urldate       = {2024-09-26},
    copyright     = {https://www.elsevier.com/tdm/userlicense/1.0/},
}

@article{long_enduring_2004,
    title         = {Enduring {Interest} in {Perceptual} {Ambiguity}: {Alternating} {Views} of {Reversible} {Figures}.},
    shorttitle    = {Enduring {Interest} in {Perceptual} {Ambiguity}},
    author        = {Long, Gerald M. and Toppino, Thomas C.},
    year          = {2004},
    journal       = {Psychological Bulletin},
    volume        = {130},
    number        = {5},
    pages         = {748--768},
    doi           = {10.1037/0033-2909.130.5.748},
    issn          = {1939-1455, 0033-2909},
    url           = {https://doi.apa.org/doi/10.1037/0033-2909.130.5.748},
    urldate       = {2024-09-26},
}

@article{meng_can_2004,
    title         = {Can attention selectively bias bistable perception? {Differences} between binocular rivalry and ambiguous figures},
    shorttitle    = {Can attention selectively bias bistable perception?},
    author        = {Meng, Ming and Tong, Frank},
    year          = {2004},
    month         = jul,
    journal       = {Journal of Vision},
    volume        = {4},
    number        = {7},
    pages         = {2},
    doi           = {10.1167/4.7.2},
    issn          = {1534-7362},
    url           = {http://jov.arvojournals.org/article.aspx?doi=10.1167/4.7.2},
    urldate       = {2024-09-26},
}

@article{peters_components_2005,
    title         = {Components of bottom-up gaze allocation in natural images},
    author        = {Peters, Robert J. and Iyer, Asha and Itti, Laurent and Koch, Christof},
    year          = {2005},
    month         = aug,
    journal       = {Vision Research},
    volume        = {45},
    number        = {18},
    pages         = {2397--2416},
    doi           = {10.1016/j.visres.2005.03.019},
    issn          = {00426989},
    url           = {https://linkinghub.elsevier.com/retrieve/pii/S0042698905001975},
    urldate       = {2024-09-26},
    copyright     = {https://www.elsevier.com/tdm/userlicense/1.0/},
}

@article{geyer_cross-trial_2006,
    title         = {Cross-trial priming in visual search for singleton conjunction targets: {Role} of repeated target and distractor features},
    shorttitle    = {Cross-trial priming in visual search for singleton conjunction targets},
    author        = {Geyer, Thomas and Müller, Hermann J. and Krummenacher, Joseph},
    year          = {2006},
    month         = jul,
    journal       = {Perception \& Psychophysics},
    volume        = {68},
    number        = {5},
    pages         = {736--749},
    doi           = {10.3758/bf03193697},
    issn          = {0031-5117, 1532-5962},
    url           = {http://link.springer.com/10.3758/BF03193697},
    urldate       = {2024-09-26},
    copyright     = {http://www.springer.com/tdm},
}

@article{pressnitzer_temporal_2006,
    title         = {Temporal {Dynamics} of {Auditory} and {Visual} {Bistability} {Reveal} {Common} {Principles} of {Perceptual} {Organization}},
    author        = {Pressnitzer, Daniel and Hupé, Jean-Michel},
    year          = {2006},
    month         = jul,
    journal       = {Current Biology},
    volume        = {16},
    number        = {13},
    pages         = {1351--1357},
    doi           = {10.1016/j.cub.2006.05.054},
    issn          = {09609822},
    url           = {https://linkinghub.elsevier.com/retrieve/pii/S096098220601637X},
    urldate       = {2024-09-26},
    copyright     = {https://www.elsevier.com/tdm/userlicense/1.0/},
}

@article{van_dam_retinal_2006,
    title         = {Retinal image shifts, but not eye movements per se, cause alternations in awareness during binocular rivalry},
    author        = {Van Dam, L. C. J. and Van Ee, R.},
    year          = {2006},
    month         = oct,
    journal       = {Journal of Vision},
    volume        = {6},
    number        = {11},
    pages         = {3--3},
    doi           = {10.1167/6.11.3},
    issn          = {1534-7362},
    url           = {http://jov.arvojournals.org/Article.aspx?doi=10.1167/6.11.3},
    urldate       = {2024-09-26},
}

@article{belardinelli_bottom-up_2007,
    title         = {Bottom-{Up} {Gaze} {Shifts} and {Fixations} {Learning} by {Imitation}},
    author        = {Belardinelli, Anna and Pirri, Fiora and Carbone, Andrea},
    year          = {2007},
    month         = apr,
    journal       = {IEEE Transactions on Systems, Man and Cybernetics, Part B (Cybernetics)},
    volume        = {37},
    number        = {2},
    pages         = {256--271},
    doi           = {10.1109/tsmcb.2006.886950},
    issn          = {1083-4419},
    url           = {http://ieeexplore.ieee.org/document/4126274/},
    urldate       = {2024-09-26},
}

@article{long_how_2007,
    title         = {How to {Keep} a {Reversible} {Figure} from {Reversing}: {Teasing} {Out} {Top} — {Down} and {Bottom} — {Up} {Processes}},
    shorttitle    = {How to {Keep} a {Reversible} {Figure} from {Reversing}},
    author        = {Long, Gerald M and Moran, Cindy J},
    year          = {2007},
    month         = mar,
    journal       = {Perception},
    volume        = {36},
    number        = {3},
    pages         = {431--445},
    doi           = {10.1068/p5630},
    issn          = {0301-0066, 1468-4233},
    url           = {https://journals.sagepub.com/doi/10.1068/p5630},
    urldate       = {2024-09-26},
    copyright     = {https://journals.sagepub.com/page/policies/text-and-data-mining-license},
}

@article{merino_test_2008,
    title         = {Test de percepción visual no motriz},
    author        = {Merino, César and Angulo, Marisol},
    year          = {2008},
    journal       = {Avances en Medición},
    volume        = {6},
    pages         = {136--140},
    url           = {https://www.humanas.unal.edu.co/lab_psicometria/application/files/1916/0463/3551/Vol_6._Prueba_-_Test_De_Percepcin_Verbal_No_Motriz.pdf},
    urldate       = {2024-03-01},
}

@article{qiu_vaseface_2009,
    title         = {The vase–face illusion seen by the brain: {An} event-related brain potentials study},
    shorttitle    = {The vase–face illusion seen by the brain},
    author        = {Qiu, Jiang and Wei, Dongtao and Li, Hong and Yu, Caiyun and Wang, Ting and Zhang, Qinglin},
    year          = {2009},
    month         = oct,
    journal       = {International Journal of Psychophysiology},
    volume        = {74},
    number        = {1},
    pages         = {69--73},
    doi           = {10.1016/j.ijpsycho.2009.07.006},
    issn          = {01678760},
    url           = {https://linkinghub.elsevier.com/retrieve/pii/S0167876009001858},
    urldate       = {2024-09-26},
    copyright     = {https://www.elsevier.com/tdm/userlicense/1.0/},
}

@article{de-wit_bistable_2012,
    title         = {Bistable {Gestalts} reduce activity in the whole of {V1}, not just the retinotopically predicted parts},
    author        = {De-Wit, L. H. and Kubilius, J. and Wagemans, J. and Op De Beeck, H. P.},
    year          = {2012},
    month         = oct,
    journal       = {Journal of Vision},
    volume        = {12},
    number        = {11},
    pages         = {12--12},
    doi           = {10.1167/12.11.12},
    issn          = {1534-7362},
    url           = {http://jov.arvojournals.org/Article.aspx?doi=10.1167/12.11.12},
    urldate       = {2024-09-26},
}

@article{hsiao_assessing_2012,
    title         = {Assessing the effects of audiovisual semantic congruency on the perception of a bistable figure},
    author        = {Hsiao, Jhih-Yun and Chen, Yi-Chuan and Spence, Charles and Yeh, Su-Ling},
    year          = {2012},
    month         = jun,
    journal       = {Consciousness and Cognition},
    volume        = {21},
    number        = {2},
    pages         = {775--787},
    doi           = {10.1016/j.concog.2012.02.001},
    issn          = {10538100},
    url           = {https://linkinghub.elsevier.com/retrieve/pii/S1053810012000426},
    urldate       = {2024-09-26},
    copyright     = {https://www.elsevier.com/tdm/userlicense/1.0/},
}

@article{kornmeier_ambiguous_2012,
    title         = {Ambiguous {Figures} – {What} {Happens} in the {Brain} {When} {Perception} {Changes} {But} {Not} the {Stimulus}},
    author        = {Kornmeier, Jürgen and Bach, Michael},
    year          = {2012},
    journal       = {Frontiers in Human Neuroscience},
    volume        = {6},
    doi           = {10.3389/fnhum.2012.00051},
    issn          = {1662-5161},
    url           = {http://journal.frontiersin.org/article/10.3389/fnhum.2012.00051/abstract},
    urldate       = {2024-09-26},
}

@article{lee_influence_2012,
    title         = {The influence of logo design on country image and willingness to visit: {A} study of country logos for tourism},
    shorttitle    = {The influence of logo design on country image and willingness to visit},
    author        = {Lee, Suman and Rodriguez, Lulu and Sar, Sela},
    year          = {2012},
    month         = nov,
    journal       = {Public Relations Review},
    volume        = {38},
    number        = {4},
    pages         = {584--591},
    doi           = {10.1016/j.pubrev.2012.06.006},
    issn          = {03638111},
    url           = {https://linkinghub.elsevier.com/retrieve/pii/S0363811112001348},
    urldate       = {2024-09-26},
    copyright     = {https://www.elsevier.com/tdm/userlicense/1.0/},
}

@misc{tobii_ab_user_2012,
    title         = {User {Manual}. {Tobii}® {Technology}. {Tobii} {T60} \& {T120} {Eye} {Tracker}},
    author        = {{Tobii AB}},
    year          = {2012},
    url           = {https://www.staff.universiteitleiden.nl/binaries/content/assets/sociale-wetenschappen/faculteitsbureau/solo/research-support-website/equipment/manual-tobii-t120_23122019.pdf},
    urldate       = {2024-07-10},
}

@article{ghosh_measuring_2013,
    title         = {On {Measuring} and {Increasing} the {Effectiveness} of {Banner} {Advertising}},
    author        = {Ghosh, Haren and Bhatnagar, Amit},
    year          = {2013},
    month         = jan,
    journal       = {MIS REVIEW：An International  Journal},
    volume        = {19},
    number        = {1},
    pages         = {25--44},
    doi           = {10.6131/misr.2013.1901.02},
}

@article{girisken_how_2014,
    title         = {How do consumers perceive a/an logotype/emblem in the advertisements: an eye tracking study},
    author        = {Girisken, Yener and Bulut, Diren},
    year          = {2014},
    journal       = {International Journal on Strategic Innovative Marketing},
    volume        = {1},
    number        = {4},
    pages         = {198--209},
    doi           = {10.15556/ijsim.01.04.002},
}

@article{tien_eye_2014,
    title         = {Eye tracking for skills assessment and training: a systematic review},
    shorttitle    = {Eye tracking for skills assessment and training},
    author        = {Tien, Tony and Pucher, Philip H. and Sodergren, Mikael H. and Sriskandarajah, Kumuthan and Yang, Guang-Zhong and Darzi, Ara},
    year          = {2014},
    month         = sep,
    journal       = {Journal of Surgical Research},
    volume        = {191},
    number        = {1},
    pages         = {169--178},
    doi           = {10.1016/j.jss.2014.04.032},
    issn          = {00224804},
    url           = {https://linkinghub.elsevier.com/retrieve/pii/S0022480414004326},
    urldate       = {2024-09-26},
}

@article{santos_eye_2015,
    title         = {Eye {Tracking} in {Neuromarketing}: {A} {Research} {Agenda} for {Marketing} {Studies}},
    shorttitle    = {Eye {Tracking} in {Neuromarketing}},
    author        = {Santos, Rene and Oliveira, Jorge and Rocha, Jessica and Giraldi, Janaina},
    year          = {2015},
    month         = feb,
    journal       = {International Journal of Psychological Studies},
    volume        = {7},
    number        = {1},
    pages         = {p32},
    doi           = {10.5539/ijps.v7n1p32},
    issn          = {1918-7211},
    url           = {https://ccsenet.org/journal/index.php/ijps/article/view/39987},
    urldate       = {2024-09-26},
    copyright     = {Copyright (c) 2015 Rene Santos,Jorge Oliveira,Jessica Rocha,Janaina Giraldi},
}

@article{hessels_qualitative_2015,
    title         = {Qualitative tests of remote eyetracker recovery and performance during head rotation},
    author        = {Hessels, Roy S. and Cornelissen, Tim H. W. and Kemner, Chantal and Hooge, Ignace T. C.},
    year          = {2015},
    month         = sep,
    journal       = {Behavior Research Methods},
    volume        = {47},
    number        = {3},
    pages         = {848--859},
    doi           = {10.3758/s13428-014-0507-6},
    issn          = {1554-3528},
    url           = {http://link.springer.com/10.3758/s13428-014-0507-6},
    urldate       = {2024-09-26},
}

@article{kogo_temporal_2015,
    title         = {Temporal dynamics of different cases of bi-stable figure–ground perception},
    author        = {Kogo, Naoki and Hermans, Lore and Stuer, David and Van Ee, Raymond and Wagemans, Johan},
    year          = {2015},
    month         = jan,
    journal       = {Vision Research},
    volume        = {106},
    pages         = {7--19},
    doi           = {10.1016/j.visres.2014.10.029},
    issn          = {00426989},
    url           = {https://linkinghub.elsevier.com/retrieve/pii/S0042698914002776},
    urldate       = {2024-09-26},
}

@article{oconnor_colour_2015,
    title         = {Colour, contrast and gestalt theories of perception: {The} impact in contemporary visual communications design},
    shorttitle    = {Colour, contrast and gestalt theories of perception},
    author        = {O'Connor, Zena},
    year          = {2015},
    month         = feb,
    journal       = {Color Research \& Application},
    volume        = {40},
    number        = {1},
    pages         = {85--92},
    doi           = {10.1002/col.21858},
    issn          = {0361-2317, 1520-6378},
    url           = {https://onlinelibrary.wiley.com/doi/10.1002/col.21858},
    urldate       = {2024-09-26},
    copyright     = {http://onlinelibrary.wiley.com/termsAndConditions\#vor},
}

@article{rosa_what_2015,
    title         = {What do your eyes say? {Bridging} eye movements to consumer behavior},
    author        = {Rosa, Pedro},
    year          = {2015},
    month         = jul,
    journal       = {International Journal of Psychological Research},
    volume        = {8},
    number        = {2},
    pages         = {90--103},
    issn          = {2011-2084},
    url           = {http://www.scielo.org.co/scielo.php?script=sci_abstract&pid=S2011-20842015000200008&lng=en&nrm=iso&tlng=en},
    urldate       = {2024-09-26},
}

@article{fu_advances_2016,
    title         = {Advances in {Eye} {Tracking} {Technology}: {Theory}, {Algorithms}, and {Applications}},
    shorttitle    = {Advances in {Eye} {Tracking} {Technology}},
    author        = {Fu, Hong and Wei, Ying and Camastra, Francesco and Arico, Pietro and Sheng, Hong},
    year          = {2016},
    journal       = {Computational Intelligence and Neuroscience},
    volume        = {2016},
    pages         = {1--2},
    doi           = {10.1155/2016/7831469},
    issn          = {1687-5265, 1687-5273},
    url           = {https://www.hindawi.com/journals/cin/2016/7831469/},
    urldate       = {2024-09-26},
    copyright     = {http://creativecommons.org/licenses/by/4.0/},
}

@article{puskarevic_eye_2016,
    title         = {Eye tracking study of attention to print advertisements: {Effects} of typeface figuration},
    shorttitle    = {Eye tracking study of attention to print advertisements},
    author        = {Puškarević, Irma and Nedeljković, Uroš and Dimovski, Vladimir and Možina, Klementina},
    year          = {2016},
    month         = nov,
    journal       = {Journal of Eye Movement Research},
    volume        = {9},
    number        = {5},
    doi           = {10.16910/jemr.9.5.6},
    issn          = {1995-8692},
    url           = {https://bop.unibe.ch/JEMR/article/view/2829},
    urldate       = {2024-09-26},
}

@article{scott_investigation_2016,
    title         = {Investigation of the use of eye tracking to examine tourism advertising effectiveness},
    author        = {Scott, Noel and Green, Christine and Fairley, Sheranne},
    year          = {2016},
    month         = jun,
    journal       = {Current Issues in Tourism},
    volume        = {19},
    number        = {7},
    pages         = {634--642},
    doi           = {10.1080/13683500.2014.1003797},
    issn          = {1368-3500, 1747-7603},
    url           = {http://www.tandfonline.com/doi/full/10.1080/13683500.2014.1003797},
    urldate       = {2024-09-26},
}

@article{adil_face_2018,
    title         = {Face {Presence} and {Gaze} {Direction} {In} {Print} {Advertisements}: {How} {They} {Influence} {Consumer} {Responses}—{An} {Eye}-{Tracking} {Study}},
    shorttitle    = {Face {Presence} and {Gaze} {Direction} {In} {Print} {Advertisements}},
    author        = {Adil, Safaa and Lacoste-Badie, Sophie and Droulers, Olivier},
    year          = {2018},
    month         = dec,
    journal       = {Journal of Advertising Research},
    volume        = {58},
    number        = {4},
    pages         = {443--455},
    doi           = {10.2501/jar-2018-004},
    issn          = {0021-8499},
    url           = {http://www.journalofadvertisingresearch.com/lookup/doi/10.2501/JAR-2018-004},
    urldate       = {2024-09-26},
}

@article{cao_independent_2018,
    title         = {The {Independent} and {Shared} {Mechanisms} of {Intrinsic} {Brain} {Dynamics}: {Insights} {From} {Bistable} {Perception}},
    shorttitle    = {The {Independent} and {Shared} {Mechanisms} of {Intrinsic} {Brain} {Dynamics}},
    author        = {Cao, Teng and Wang, Lan and Sun, Zhouyuan and Engel, Stephen A. and He, Sheng},
    year          = {2018},
    month         = apr,
    journal       = {Frontiers in Psychology},
    volume        = {9},
    pages         = {589},
    doi           = {10.3389/fpsyg.2018.00589},
    issn          = {1664-1078},
    url           = {http://journal.frontiersin.org/article/10.3389/fpsyg.2018.00589/full},
    urldate       = {2024-09-26},
}

@article{rodriguez-martinez_bistable_2018,
    title         = {Bistable perception: neural bases and usefulness in psychological research},
    shorttitle    = {Bistable perception},
    author        = {Rodríguez-Martínez, Guillermo Andrés and Castillo-Parra, Henry},
    year          = {2018},
    month         = dec,
    journal       = {International Journal of Psychological Research},
    volume        = {11},
    number        = {2},
    pages         = {63--76},
    doi           = {10.21500/20112084.3375},
    issn          = {2011-2084},
    url           = {http://www.scielo.org.co/scielo.php?script=sci_abstract&pid=S2011-20842018000200063&lng=en&nrm=iso&tlng=en},
    urldate       = {2024-09-26},
}

@article{peschel_increasing_2019,
    title         = {Increasing consumers' attention capture and food choice through bottom-up effects},
    author        = {Peschel, Anne O. and Orquin, Jacob L. and Mueller Loose, Simone},
    year          = {2019},
    month         = jan,
    journal       = {Appetite},
    volume        = {132},
    pages         = {1--7},
    doi           = {10.1016/j.appet.2018.09.015},
    issn          = {01956663},
    url           = {https://linkinghub.elsevier.com/retrieve/pii/S0195666318308729},
    urldate       = {2024-09-26},
}

@article{rodriguez_bottom-up_2019,
    title         = {Bottom-up modulation within the scope of consumers´ visual perception: the effect of previous ocular fixations on the perception of bistable logotypes},
    shorttitle    = {Bottom-up modulation within the scope of consumers´ visual perception},
    author        = {Rodríguez, Guillermo and Marroquín-Ciendúa, Fernando},
    year          = {2019},
    journal       = {International Journal of Recent Advances in Multidisciplinary Research},
    volume        = {6},
    number        = {8},
    pages         = {5129--5135},
    doi           = {10/8606},
    issn          = {2350-0743},
    url           = {https://expeditiorepositorio.utadeo.edu.co/handle/20.500.12010/8606},
    urldate       = {2024-09-26},
    copyright     = {info:eu-repo/semantics/openAccess},
}

@article{bernal_robayo_alisis_2020,
    title         = {Análisis de fijaciones oculares durante la observación e interpretación de logotipos biestables: un estudio basado en técnicas de autoreporte},
    shorttitle    = {Análisis de fijaciones oculares durante la observación e interpretación de logotipos biestables},
    author        = {Bernal Robayo, Sergio David Julián},
    year          = {2020},
    journal       = {instname:Universidad de Bogotá Jorge Tadeo Lozano},
    doi           = {10/16382},
    url           = {https://expeditiorepositorio.utadeo.edu.co/handle/20.500.12010/16382},
    urldate       = {2024-09-26},
    copyright     = {info:eu-repo/semantics/openAccess},
}

@article{brancucci_independent_2020,
    title         = {Independent perceptual reversals for simultaneously presented ambiguous figures},
    author        = {Brancucci, Alfredo and D'Anselmo, Anita and Pasciucco, Maria Rosaria and San Martini, Pietro},
    year          = {2020},
    month         = may,
    journal       = {Consciousness and Cognition},
    volume        = {81},
    pages         = {102928},
    doi           = {10.1016/j.concog.2020.102928},
    issn          = {10538100},
    url           = {https://linkinghub.elsevier.com/retrieve/pii/S1053810020301100},
    urldate       = {2024-09-26},
    language      = {en},
}

@article{carter_best_2020,
    title         = {Best practices in eye tracking research},
    author        = {Carter, Benjamin T. and Luke, Steven G.},
    year          = {2020},
    month         = sep,
    journal       = {International Journal of Psychophysiology},
    volume        = {155},
    pages         = {49--62},
    doi           = {10.1016/j.ijpsycho.2020.05.010},
    issn          = {01678760},
    url           = {https://linkinghub.elsevier.com/retrieve/pii/S0167876020301458},
    urldate       = {2024-09-26},
}

@article{fan_bottom-up_2020,
    title         = {The bottom-up and top-down processing of faces in the human occipitotemporal cortex},
    author        = {Fan, Xiaoxu and Wang, Fan and Shao, Hanyu and Zhang, Peng and He, Sheng},
    year          = {2020},
    month         = jan,
    journal       = {eLife},
    volume        = {9},
    pages         = {e48764},
    doi           = {10.7554/eLife.48764},
    issn          = {2050-084x},
    url           = {https://doi.org/10.7554/eLife.48764},
    urldate       = {2024-09-26},
    editor        = {Meng, Ming and Gold, Joshua I and Meng, Ming},
    keywords      = {face, MEG, Mooney face, top-down, occipitotemporal cortex},
}

@article{leckey_response_2020,
    title         = {Response latencies and eye gaze provide insight on how toddlers gather evidence under uncertainty},
    author        = {Leckey, Sarah and Selmeczy, Diana and Kazemi, Alireza and Johnson, Elliott G. and Hembacher, Emily and Ghetti, Simona},
    year          = {2020},
    month         = jul,
    journal       = {Nature Human Behaviour},
    volume        = {4},
    number        = {9},
    pages         = {928--936},
    doi           = {10.1038/s41562-020-0913-y},
    issn          = {2397-3374},
    url           = {https://www.nature.com/articles/s41562-020-0913-y},
    urldate       = {2024-09-26},
}

@article{marroquin-ciendua_modulacion_2020,
    title         = {Modulación de la percepción biestable: un estudio basado en estimulación multimodal y registros de actividad oculomotora},
    shorttitle    = {Modulación de la percepción biestable},
    author        = {Marroquín-Ciendúa, Fernando and Rodríguez, Guillermo and Rodríguez-Celis, Harold Germán},
    year          = {2020},
    month         = jun,
    journal       = {Tesis Psicológica},
    volume        = {15},
    number        = {1},
    pages         = {1--30},
    doi           = {10.37511/tesis.v15n1a6},
    issn          = {2422-0450, 1909-8391},
    url           = {https://revistas.libertadores.edu.co/index.php/TesisPsicologica/article/view/987},
    urldate       = {2024-09-26},
    copyright     = {http://creativecommons.org/licenses/by-sa/4.0/},
}

@article{polgari_novel_2020,
    title         = {Novel method to measure temporal windows based on eye movements during viewing of the {Necker} cube},
    author        = {Polgári, Patrik and Causin, Jean-Baptiste and Weiner, Luisa and Bertschy, Gilles and Giersch, Anne},
    year          = {2020},
    month         = jan,
    journal       = {Plos One},
    volume        = {15},
    number        = {1},
    pages         = {e0227506},
    doi           = {10.1371/journal.pone.0227506},
    issn          = {1932-6203},
    url           = {https://dx.plos.org/10.1371/journal.pone.0227506},
    urldate       = {2024-09-26},
    editor        = {Costantini, Marcello},
}

@article{arango_contaminacion_2021,
    title         = {La contaminación visual en bogotá: análisis de cargas visuales en localidades con alta estimulación publicitaria},
    shorttitle    = {La contaminación visual en bogotá},
    author        = {Arango, Carlos Andrés and Rodríguez-Martínez, Guillermo and Marroquín-Ciendúa, Fernando},
    year          = {2021},
    month         = feb,
    journal       = {Revista de Investigación, Desarrollo e Innovación},
    volume        = {11},
    number        = {2},
    pages         = {373--386},
    doi           = {10.19053/20278306.v11.n2.2021.12762},
    issn          = {2389-9417, 2027-8306},
    url           = {https://revistas.uptc.edu.co/index.php/investigacion_duitama/article/view/12762},
    urldate       = {2024-09-26},
}

@article{rodriguez-martinez_ocular_2021,
    title         = {Ocular fixations modulate audiovisual semantic congruency when standing in an upright position},
    author        = {Rodríguez-Martínez, Guillermo and Castillo-Parra, Henry and Rosa, Pedro J. and Marroquín-Ciendúa, Fernando},
    year          = {2021},
    month         = may,
    journal       = {Suma Psicológica},
    volume        = {28},
    number        = {1},
    pages         = {43--51},
    doi           = {10.14349/sumapsi.2021.v28.n1.6},
    issn          = {01214381, 21459797},
    url           = {http://sumapsicologica.konradlorenz.edu.co/vol28-num-1-2021-ocular-fixations-modulate-audiovisual-semantic-congruency-when-standing-in-an-upright-position/},
    urldate       = {2024-09-26},
}

@article{weilnhammer_bistable_2021,
    title         = {Bistable perception alternates between internal and external modes of sensory processing},
    author        = {Weilnhammer, Veith and Chikermane, Meera and Sterzer, Philipp},
    year          = {2021},
    month         = mar,
    journal       = {iScience},
    volume        = {24},
    number        = {3},
    pages         = {102234},
    doi           = {10.1016/j.isci.2021.102234},
    issn          = {25890042},
    url           = {https://linkinghub.elsevier.com/retrieve/pii/S2589004221002029},
    urldate       = {2024-09-26},
}

@article{hahn_eye_2022,
    title         = {Eye tracking in physics education research: {A} systematic literature review},
    shorttitle    = {Eye tracking in physics education research},
    author        = {Hahn, L. and Klein, P.},
    year          = {2022},
    month         = mar,
    journal       = {Physical Review Physics Education Research},
    volume        = {18},
    number        = {1},
    pages         = {013102},
    doi           = {10.1103/PhysRevPhysEducRes.18.013102},
    issn          = {2469-9896},
    url           = {https://link.aps.org/doi/10.1103/PhysRevPhysEducRes.18.013102},
    urldate       = {2024-09-26},
}

@article{myers_ambiguous_2022,
    title         = {Ambiguous perception from bottom to top},
    author        = {Myers, Caroline},
    year          = {2022},
    month         = nov,
    journal       = {Nature Reviews Psychology},
    volume        = {1},
    number        = {12},
    pages         = {691--691},
    doi           = {10.1038/s44159-022-00128-x},
    issn          = {2731-0574},
    url           = {https://www.nature.com/articles/s44159-022-00128-x},
    urldate       = {2024-09-26},
}

@article{rodriguez-martinez_perceptual_2022,
    title         = {Perceptual reversals and time-response analyses within the scope of decoding a bistable image},
    author        = {Rodríguez-Martínez, Guillermo and Marroquín-Ciendúa, Fernando and Rosa, Pedro J. and Castillo-Parra, Henry},
    year          = {2022},
    journal       = {Interdisciplinaria},
    volume        = {39},
    number        = {1},
    pages         = {257--273},
    url           = {https://www.redalyc.org/journal/180/18069356016/html/},
    urldate       = {2024-09-26},
    keywords      = {bistable perception, perceptual reversals, ocular fixations, time reaction, body orientation},
}

@article{rodriguez-martinez_biestabilidad_2022,
    title         = {Biestabilidad perceptual en rostros andróginos: análisis del efecto de congruencia semántica considerando registros de actividad oculomotora},
    author        = {Rodríguez-Martínez, Guillermo and Sojo, Jairo},
    year          = {2022},
    journal       = {Revista Ibérica de Sistemas e Tecnologias de Informação},
    volume        = {52},
    pages         = {133--147},
    doi           = {10/32110},
    url           = {https://expeditiorepositorio.utadeo.edu.co/handle/20.500.12010/32110},
    urldate       = {2024-09-26},
    copyright     = {info:eu-repo/semantics/restrictedAccess},
}

@article{arfe_effects_2023,
    title         = {Effects of negative emotional valence on readers’ text processing and memory for text: an eye-tracking study},
    shorttitle    = {Effects of negative emotional valence on readers’ text processing and memory for text},
    author        = {Arfé, Barbara and Delatorre, Pablo and Mason, Lucia},
    year          = {2023},
    month         = sep,
    journal       = {Reading and Writing},
    volume        = {36},
    number        = {7},
    pages         = {1743--1768},
    doi           = {10.1007/s11145-022-10362-7},
    issn          = {0922-4777, 1573-0905},
    url           = {https://link.springer.com/10.1007/s11145-022-10362-7},
    urldate       = {2024-09-26},
}

@article{azmy_eye_2023,
    title         = {Eye {Tracking} in {Outdoor} {Advertising}: {Exploring} the {Application} of {Gestalt} {Principles}},
    shorttitle    = {Eye {Tracking} in {Outdoor} {Advertising}},
    author        = {Azmy, Abeer and Qutb, Maysoon and Nada, Mai},
    year          = {2023},
    month         = nov,
    journal       = {International Design Journal},
    volume        = {13},
    number        = {6},
    pages         = {437--446},
    doi           = {10.21608/idj.2023.320143},
    issn          = {2090-9640},
    url           = {https://idj.journals.ekb.eg/article_320143.html},
    urldate       = {2024-09-26},
    language      = {en},
}

@article{rodriguez-martinez_can_2024,
    title         = {Can ocular fixations modulate the perception of a bistable logo?: {An} eye-tracking study},
    author        = {Rodríguez-Martínez, Guillermo},
    year          = {2024},
    month         = feb,
    journal       = {Gráfica},
    pages         = {01--09},
    doi           = {10.5565/rev/grafica.328},
    issn          = {2014-9298, 2339-7500},
    url           = {https://revistes.uab.cat/grafica/article/view/ep-rodriguez},
    urldate       = {2024-09-26},
    copyright     = {https://creativecommons.org/licenses/by/4.0},
}
