@incollection{akaloo2021,
	address = {Singapore},
	title = {The {Use} of the {WhatsApp} {Platform} as an {Educational} {Tool} {During} the {Confinement} {Period} of the {Outbreak} of {Covid}-19},
	volume = {1299},
	url = {https://link.springer.com/10.1007/978-981-33-4299-6_74},
	urldate = {2021-08-20},
	publisher = {Springer Singapore},
	author = {Akaloo, Nundini Devi},
	editor = {Panigrahi, Chhabi Rani and Pati, Bibudhendu and Pattanayak, Binod Kumar and Amic, Seeven and Li, Kuan-Ching},
	year = {2021},
	pages = {899-911},
}
@article{almarzooq2020,
	title = {Virtual {Learning} {During} the {COVID}-19 {Pandemic}},
	volume = {75},
	url = {https://linkinghub.elsevier.com/retrieve/pii/S0735109720349172},
	doi = {10.1016/j.jacc.2020.04.015},
	number = {20},
	urldate = {2021-08-20},
	journal = {Journal of the American College of Cardiology},
	author = {Almarzooq, Zaid I. and Lopes, Mathew and Kochar, Ajar},
	month = may,
	year = {2020},
	pages = {2635-2638},
}
@article{amiruddin2020,
	title = {The {Motivation} {Level} {Towards} the {Application} of {Google} {Apps} {Among} {Part}-{Time} {Students}: {A} {Case} {Study}},
	volume = {12},
	copyright = {Copyright (c) 2019 Journal of Technical Education and Training},
	url = {https://publisher.uthm.edu.my/ojs/index.php/JTET/article/view/3179},
	number = {1},
	urldate = {2021-08-20},
	journal = {Journal of Technical Education and Training},
	author = {Amiruddin, Mohd Hasril and Ismail, Irwan Mahazir and Razali, Nizamuddin and Ismail, Mohd Erfy and Doman, Noriyani and Samad, Noorazman Abd and Rahim, Azwin Arif Abdul},
	year = {2020},
	pages = {254-260},
}
@article{artino2012,
	title = {Academic self-efficacy: from educational theory to instructional practice},
	volume = {1},
	url = {http://link.springer.com/10.1007/s40037-012-0012-5},
	doi = {10.1007/s40037-012-0012-5},
	number = {2},
	urldate = {2021-08-20},
	journal = {Perspectives on Medical Education},
	author = {Artino, Anthony R.},
	month = may,
	year = {2012},
	pages = {76-85},
}
@article{ashrafi2020,
	title = {Exploring factors influencing students’ continuance intention to use the learning management system ({LMS}): a multi-perspective framework},
	url = {https://www.tandfonline.com/doi/full/10.1080/10494820.2020.1734028},
	doi = {10.1080/10494820.2020.1734028},
	urldate = {2021-08-20},
	journal = {Interactive Learning Environments},
	author = {Ashrafi, Amir and Zareravasan, Ahad and Rabiee Savoji, Sogol and Amani, Masoumeh},
	month = feb,
	year = {2020},
	pages = {1-23},
}
@inproceedings{bancointeramericano2020,
	address = {Washingtong},
	series = {Segunda reunión del diálogo virtual con rectores de universidades líderes de {América} {Latina}},
	title = {La educación superior en tiempos de {COVID}-19},
	volume = {2},
	url = {https://publications.iadb.org/publications/spanish/document/La-educacion-superior-en-tiempos-de-COVID-19-Aportes-de-la-Segunda-Reunion-del-Di\%C3\%A1logo-Virtual-con-Rectores-de-Universidades-Lideres-de-America-Latina.pdf},
	urldate = {2021-08-20},
	booktitle = {Segunda reunión del diálogo virtual con rectores de universidades líderes de {América} {Latina}},
	publisher = {Banco Interamericano de Desarrollo},
	author = {{Banco Interamericano de Desarrollo}},
	year = {2020},
	pages = {5},
}
@misc{blackboardinc2021,
	type = {Aplicación},
	title = {Blackboard 6.2.0},
	url = {https://play.google.com/store/apps/details?id=com.blackboard.android.bbstudent&hl=es_419&gl=US},
	urldate = {2021-08-20},
	journal = {Google Play},
	author = {{Blackboard Inc.}},
	year = {2021},
}
@misc{brain_focus2020,
	type = {Aplicación},
	title = {Brain {Focus}},
	url = {ttps://play.google.com/store/apps/details?id=com.AT.PomodoroTimer&hl=es_419&gl=US},
	urldate = {2021-08-20},
	journal = {Google Play},
	author = {{Brain Focus}},
	year = {2020},
}
@article{budianto2021,
	title = {Utilizing whatsapp-driven learning during {COVID}-19 outbreak: {Efl} users’ perceptions and practices},
	volume = {22},
	url = {ttp://callej.org/journal/22-1/Budianto-Arifani2021.pdf},
	number = {1},
	urldate = {2021-08-20},
	journal = {Computer-Assisted Language Learning Electronic Journal (CALL-EJ)},
	author = {Budianto, L. and Yudhi, A.},
	year = {2021},
	pages = {264-281},
}
@misc{canva2021,
	title = {Canva: {Crear} {Logos}, {Video} {Collages}, {Diseño} {Gráfico} },
	url = {https://play.google.com/store/apps/details?id=com.canva.editor&hl=es_419&gl=US},
	urldate = {2021-08-20},
	journal = {Google Play},
	author = {{CANVA}},
	year = {2021},
}
@article{castro2016,
	title = {El uso del foro virtual para desarrollar el aprendizaje autorregulado de los estudiantes universitarios},
	volume = {16},
	url = {http://www.scielo.org.mx/pdf/ie/v16n70/1665-2673-ie-16-70-00023.pdf},
	number = {70},
	urldate = {2021-08-20},
	journal = {Innovación educativa},
	author = {Castro, N. and Suárez, X. and Soto, V.},
	year = {2016},
	pages = {23-41},
}
@article{cervantesgutierrez2020,
	title = {Resistir la {Covid}-19. {Intersecciones} en la {Educación} de {Ciudad} {Juárez}, {México}},
	volume = {9},
	url = {https://revistas.uam.es/riejs/article/view/riejs2020_9_3_001},
	doi = {10.15366/riejs2020.9.3.001},
	number = {3},
	urldate = {2021-08-20},
	journal = {Revista Internacional de Educación para la Justicia Social},
	author = {Cervantes Holguín, Evangelina and Gutiérrez Sandoval, Pavel Roel},
	month = may,
	year = {2020},
	pages = {7-23},
}
@book{creswell2018,
	address = {United Kingdom},
	edition = {2rd ed},
	title = {Qualitative inquiry and research design: choosing among five approaches},
	publisher = {SAGE Publications},
	author = {Creswell, John W. and Creswell, John W.},
	year = {2018},
	keywords = {Social sciences, Methodology},
}
@article{correia2020,
	title = {Evaluating videoconferencing systems for the quality of the educational experience},
	volume = {41},
	url = {https://www.tandfonline.com/doi/full/10.1080/01587919.2020.1821607},
	doi = {10.1080/01587919.2020.1821607},
	number = {4},
	urldate = {2021-08-20},
	journal = {Distance Education},
	author = {Correia, Ana-Paula and Liu, Chenxi and Xu, Fan},
	month = oct,
	year = {2020},
	pages = {429-452},
}
@article{delgado2018,
	title = {El {Blog} como {Instrumento} de {Mejora} para la {Autorregulación} del {Aprendizaje} del {Estudiante} {Universitario}},
	volume = {44},
	url = {http://www.scielo.cl/scielo.php?script=sci_arttext&pid=S0718-07052018000200171&lng=en&nrm=iso&tlng=en},
	doi = {10.4067/S0718-07052018000200171},
	number = {2},
	urldate = {2021-08-23},
	journal = {Estudios pedagógicos (Valdivia)},
	author = {Delgado, Vanesa and Hortigüela, David and Ausín, Vanesa and Abella, Víctor},
	year = {2018},
	pages = {171-184},
}
@article{diazmujica2017,
	title = {Impacto de un entrenamiento en aprendizaje autorregulado en estudiantes universitarios},
	volume = {39},
	url = {http://perfileseducativos.unam.mx/iisue_pe/index.php/perfiles/article/view/58442},
	doi = {10.22201/iisue.24486167e.2017.157.58442},
	abstract = {.},
	number = {157},
	urldate = {2021-08-23},
	journal = {Perfiles Educativos},
	author = {Díaz Mujica, Alejandro and Pérez Villalobos, María Victoria and González-Pienda, Julio Antonio and Núñez Pérez, José Carlos},
	month = aug,
	year = {2017},
}
@misc{discordinc2021,
	title = {Discord},
	url = {https://play.google.com/store/apps/details?id=com.discord&hl=es_419&gl=US},
	urldate = {2021-08-23},
	journal = {Google Play},
	author = {{Discord Inc. }},
	year = {2021},
}
@article{escobarperez2008,
	title = {Validez de contenido y juicio de expertos: {Una} aproximación a su utilización},
	volume = {6},
	url = {https://www.researchgate.net/publication/302438451_Validez_de_contenido_y_juicio_de_expertos_Una_aproximacion_a_su_utilizacion},
	urldate = {2021-09-23},
	journal = {Avances en Medición},
	author = {Escobar-Pérez, J. and Cuervo-Martínez, Á.},
	year = {2008},
	pages = {27-36},
}
@misc{facebook2021,
	title = {Facebook},
	url = {https://play.google.com/store/apps/details?id=com.facebook.katana&hl=es_419&gl=US},
	urldate = {2021-08-23},
	journal = {Google Play},
	author = {{Facebook}},
	year = {2021},
}
@article{gazzo2020,
	title = {La educación en tiempos del {COVID}-19: nuevas prácticas docentes, ¿nuevos estudiantes?},
	volume = {7},
	copyright = {info:eu-repo/semantics/openAccess},
	url = {http://ri.unlu.edu.ar/xmlui/handle/rediunlu/750},
	number = {2},
	urldate = {2021-08-23},
	journal = {Red Sociales, Revista del Departamento de Ciencias Sociales},
	author = {Gazzo, María Fernanda},
	year = {2020},
	pages = {58-63},
}
@book{glaser1967,
	address = {Hawthorne, NY},
	title = {The discovery of grounded theory: strategies for qualitative research},
	publisher = {Aldine de Gruyter},
	author = {Glaser, Barney G. and Strauss, Anselm L.},
	year = {1967},
}
@article{gonulkurt2016,
	title = {An {Overview} of {Self}-{Regulated} {Learning} {Models}},
	volume = {3},
	copyright = {Copyright (c) 2016 Başkent University Journal of Education},
	url = {http://buje.baskent.edu.tr/index.php/buje/article/view/63},
	number = {2},
	urldate = {2021-08-23},
	journal = {Başkent University Journal of Education},
	author = {Gönül-Kurt, Erhan},
	month = jul,
	year = {2016},
	pages = {124-131},
}
@book{hernandez2018,
	address = {México, D.F.},
	title = {Metodología de la investigación},
	publisher = {McGraw-Hill Interamericana},
	author = {Hernández, Roberto and Mendonza, Carlos},
	year = {2018},
}
@misc{instituto_internacional_para_la_educacion_superior_en_america_latina_y_el_caribe_covid-19_2020,
	title = {{COVID}-19 y educación superior: de los efectos inmediatos al día después - {Aneca}},
	url = {http://www.aneca.es/Sala-de-prensa/Noticias/2020/COVID-19-y-educacion-superior-de-los-efectos-inmediatos-al-dia-despues},
	urldate = {2021-08-23},
	author = {{INSTITUTO INTERNACIONAL PARA LA EDUCACIÓN SUPERIOR EN AMÉRICA LATINA Y EL CARIBE}},
	year = {2020}
}
@book{johnson2008,
	address = {London, England},
	edition = {Edición Digital},
	title = {Educational research: quantitative, qualitative, and mixed approaches},
	url = {https://ismailsunny.files.wordpress.com/2017/07/educational-research_-quantitat-r-robert-burke-johnson.pdf},
	publisher = {Sage Publications},
	author = {Johnson, Burke and Christensen, Larry B.},
	year = {2008},
}
@article{krueger2006,
	title = {Is it a {Focus} {Group}? {Tips} on {How} to {Tell}:},
	volume = {33},
	url = {http://journals.lww.com/00152192-200607000-00003},
	doi = {10.1097/00152192-200607000-00003},
	number = {4},
	urldate = {2021-08-23},
	journal = {Journal of Wound, Ostomy and Continence Nursing},
	author = {Krueger, Richard A.},
	month = jul,
	year = {2006},
	pages = {363-366},
}
@article{lopezangulo2020,
	title = {Apoyo social, sexo y área del conocimiento en el rendimiento académico autopercibido de estudiantes universitarios chilenos},
	volume = {13},
	url = {http://www.scielo.cl/scielo.php?script=sci_arttext&pid=S0718-50062020000300011&lng=en&nrm=iso&tlng=en},
	doi = {10.4067/S0718-50062020000300011},
	number = {3},
	urldate = {2021-08-23},
	journal = {Formación universitaria},
	author = {López-Angulo, Yaranay and Pérez-Villalobos, María V. and Cobo-Rendón, Rubia C. and Díaz-Mujica, Alejandro E.},
	month = jun,
	year = {2020},
	pages = {11-18},
}
@phdthesis{macfarlane2018,
	address = {Halifax, Nova Scotia},
	type = {Tesis {Doctoral}},
	title = {Need for and {Interest} in {Social} and {Emotional} {Aspects} of {Learning}: {Planning} {Evidence}-{Based} {Professional} {Development}},
	school = {Mount Saint Vincent University},
	author = {MacFarlane, M.},
	year = {2018},
}
@article{masika2016,
	title = {Building student belonging and engagement: insights into higher education students’ experiences of participating and learning together},
	volume = {21},
	url = {https://www.tandfonline.com/doi/full/10.1080/13562517.2015.1122585},
	doi = {10.1080/13562517.2015.1122585},
	number = {2},
	urldate = {2021-08-23},
	journal = {Teaching in Higher Education},
	author = {Masika, Rachel and Jones, Jennie},
	month = feb,
	year = {2016},
	pages = {138-150},
}
@article{marcelo2019,
	title = {Aprendizaje autorregulado de estudiantes universitarios: {Los} usos de las tecnologías digitales},
	volume = {3},
	url = {https://revistas.isfodosu.edu.do/index.php/recie/article/view/141},
	doi = {10.32541/recie.2019.v3i1.pp62-81},
	number = {1},
	urldate = {2021-08-23},
	journal = {Revista Caribeña de Investigación Educativa (RECIE)},
	author = {Marcelo, Carlos and Rijo, Deyadira},
	month = jun,
	year = {2019},
	pages = {62-81},
}
@article{martinez-sarmiento2018,
	title = {Utilització de la plataforma virtual {Moodle} per al desenvolupament de l’aprenentatge autoregulat en estudiants universitaris},
	volume = {55},
	url = {https://educar.uab.cat/article/view/v55-n2-martinez-sarmiento-gaeta},
	doi = {10.5565/rev/educar.883},
	number = {2},
	urldate = {2021-08-23},
	journal = {Educar},
	author = {Martínez-Sarmiento, Luis Fernando and Gaeta González, Martha Leticia},
	month = jun,
	year = {2018},
	pages = {479},
}
@article{marton1981,
	title = {Phenomenography ? {Describing} conceptions of the world around us},
	volume = {10},
	url = {http://link.springer.com/10.1007/BF00132516},
	doi = {10.1007/BF00132516},
	number = {2},
	urldate = {2021-08-23},
	journal = {Instructional Science},
	author = {Marton, Ference},
	month = jul,
	year = {1981},
	pages = {177-200},
}
@book{mella2003,
	address = {Santiago, Chile},
	title = {Metodología cualitativa en ciencias sociales y educación},
	publisher = {Editorial Primus},
	author = {Mella, O.},
	year = {2003},
}
@article{ninocarrasco2019,
	title = {Knowledge construction and regulation of learning in asynchronous collaborative tasks},
	volume = {11},
	url = {http://www.udgvirtual.udg.mx/apertura/index.php/apertura/article/view/1465},
	doi = {10.32870/Ap.v11n1.1465},
	number = {1},
	urldate = {2021-08-23},
	journal = {Apertura},
	author = {Niño Carrasco, Shamaly Alhelí and Castellanos Ramírez, Juan Carlos and Viloria Hernández, Esperanza},
	month = apr,
	year = {2019},
	pages = {6-23},
}
@article{perezalvarez2018,
	title = {Design of a {Tool} to {Support} {Self}-{Regulated} {Learning} {Strategies} in {MOOCs}},
	volume = {24},
	url = {http://www.jucs.org/doi?doi=10.3217/jucs-024-08-1090},
	doi = {10.3217/JUCS-024-08-1090},
	number = {8},
	urldate = {2021-08-23},
	journal = {Journal of Universal Computer Science},
	author = {Pérez-Álvarez, Ronald and Maldonado-Mahauad, Jorge and Pérez-Sanagustín, Mar},
	year = {2018},
	pages = {1090-1109},
}
@article{perez2013,
	title = {Dificultades de aprendizaje en estudiantes universitarios de primer año},
	volume = {508},
	url = {http://www.scielo.cl/scielo.php?script=sci_arttext&pid=S0718-04622013000200010&lng=en&nrm=iso&tlng=en},
	doi = {10.4067/S0718-04622013000200010},
	urldate = {2021-08-23},
	journal = {Atenea (Concepción)},
	author = {Pérez, Victoria and Valenzuela, Marco and Díaz, Alejandro and González-Pienda, Julio and Núñez, José Carlos},
	year = {2013},
	pages = {135-150},
}
@article{pramana2021,
	title = {Virtual {Learning} {During} {The} {COVID}-19 {Pandemic}, {A} {Disruptive} {Technology} {In} {Higher} {Education} {In} {Indonesia}},
	volume = {12},
	url = {https://www.ssrn.com/abstract=3777691},
	doi = {10.2139/ssrn.3777691},
	number = {2},
	urldate = {2021-08-23},
	journal = {International Journal of Pharmaceutical Research},
	author = {Pramana, Cipta and Susanti, Ratna and Violinda, Qristin and Yoteni, Fransina and Rusdiana, Emmilia and Prihanto, Yohannes Johny Natu and Purwoko, Reza Yuridin and Rahmah, Nur and Yendri, Okma and Arkiang, Fajeri and Purwahida, Rahmah},
	year = {2021},
	pages = {3209-3216},
}
@article{valencia-serrano2020,
	title = {Diseño de tareas para promover aprendizaje autorregulado en la universidad},
	volume = {23},
	issn = {20275358, 01231294},
	url = {https://educacionyeducadores.unisabana.edu.co/index.php/eye/article/view/11907},
	doi = {10.5294/edu.2020.23.2.6},
	number = {2},
	urldate = {2021-08-23},
	journal = {Educación y Educadores},
	author = {Valencia-Serrano, Marcela},
	month = aug,
	year = {2020},
	pages = {267-290},
}
@article{valencia2017,
	title = {Diseño de tareas apoyadas en {TIC} para promover aprendizaje autorregulado},
	volume = {15},
	url = {http://revistas.javerianacali.edu.co/index.php/pensamientopsicologico/article/view/1586},
	doi = {10.11144/Javerianacali.PPSI15-2.dtat},
	number = {2},
	urldate = {2021-08-23},
	journal = {Pensamiento Psicológico},
	author = {Valencia, Marcela and Caicedo, Adriana María},
	month = aug,
	year = {2017},
	pages = {15-28},
}
@article{valenzuela2013,
	title = {Aprendizaje autorregulado a través de la plataforma virtual {Moodle}},
	volume = {16},
	url = {https://www.redalyc.org/articulo.oa?id=83428614009},
	number = {1},
	urldate = {2021-08-23},
	journal = {Educación y Educadores},
	author = {Valenzuela, Bárbara and Pérez, María Victoria},
	year = {2013},
	pages = {66-79},
}
@article{weepiu2020,
	title = {Uso de whatsapp para mejorar el aprendizaje autónomo en los jóvenes universitarios},
	volume = {8},
	url = {http://revistas.usat.edu.pe/index.php/educare/article/view/396},
	doi = {10.35383/educare.v8i1.396},
	number = {1},
	urldate = {2021-08-23},
	journal = {EDUCARE ET COMUNICARE: Revista de investigación de la Facultad de Humanidades},
	author = {Weepiu, Milena Leticia},
	month = jul,
	year = {2020},
	pages = {78-87},
}
@article{wong2018,
	title = {Supporting {Self}-{Regulated} {Learning} in {Online} {Learning} {Environments} and {MOOCs}: {A} {Systematic} {Review}},
	volume = {35},
	url = {https://www.tandfonline.com/doi/full/10.1080/10447318.2018.1543084},
	doi = {10.1080/10447318.2018.1543084},
	number = {4-5},
	urldate = {2021-08-23},
	journal = {International Journal of Human–Computer Interaction},
	author = {Wong, Jacqueline and Baars, Martine and Davis, Dan and Van Der Zee, Tim and Houben, Geert-Jan and Paas, Fred},
	year = {2018},
	pages = {356-373},
}
@article{zamora-antunano2021,
	title = {Analysis of {Emergency} {Remote} {Education} in {COVID}-19 {Crisis} {Focused} on the {Perception} of the {Teachers}},
	volume = {13},
	url = {https://www.mdpi.com/2071-1050/13/7/3820},
	doi = {10.3390/su13073820},
	number = {7},
	urldate = {2021-08-23},
	journal = {Sustainability},
	author = {Zamora-Antuñano, Marco Antonio and Rodríguez-Reséndiz, Juvenal and Rodriguez Segura, Leticia and Cruz Pérez, Miguel Ángel and Altamirano Corro, José Antonio and Paredes-Garcia, Wilfrido J. and Rodríguez-Reséndiz, Hugo},
	month = mar,
	year = {2021},
	pages = {1-19},
}
@article{zimmerman2002,
	title = {Becoming a {Self}-{Regulated} {Learner}: {An} {Overview}},
	volume = {41},
	shorttitle = {Becoming a {Self}-{Regulated} {Learner}},
	url = {http://www.tandfonline.com/doi/abs/10.1207/s15430421tip4102_2},
	doi = {10.1207/s15430421tip4102_2},
	language = {en},
	number = {2},
	urldate = {2021-08-23},
	journal = {Theory Into Practice},
	author = {Zimmerman, Barry J.},
	month = may,
	year = {2002},
	pages = {64-70},
}
@article{zimmerman2013,
	title = {From {Cognitive} {Modeling} to {Self}-{Regulation}: {A} {Social} {Cognitive} {Career} {Path}},
	volume = {28},
	url = {http://www.tandfonline.com/doi/abs/10.1080/00461520.2013.794676},
	doi = {10.1080/00461520.2013.794676},
	number = {3},
	urldate = {2021-08-23},
	journal = {Educational Psychologist},
	author = {Zimmerman, Barry J.},
	month = jul,
	year = {2013},
	pages = {135-147},
}

@book{andreu_tecnicas_2002,
	address = {Sevilla},
	series = {Serie {Sociología}},
	title = {Las técnicas de análisis de contenido: una revisión actualizada},
	publisher = {Fundación Centro de Estudios Andaluces},
	author = {Andreu, Jaime},
	year = {2002},
}

@misc{centro_de_formacion_y_recursos_didacticos_udec_4planning_2020,
	title = {{4Planning}},
	url = {https://play.google.com/store/apps/details?id=fplanning.cfrd.cl&hl=es_419&gl=US},
	urldate = {2021-08-26},
	journal = {Google Play},
	author = {{CENTRO DE FORMACIÓN Y RECURSOS DIDÁCTICOS, UDEC}},
	year = {2020},
}

@misc{facebook_facebook_2021,
	title = {Facebook},
	url = {https://play.google.com/store/apps/details?id=com.facebook.katana&hl=es_419&gl=US},
	urldate = {2021-08-26},
	author = {{Facebook}},
	year = {2021},
}

@misc{genially_genially_2021,
	title = {Genially},
	url = {https://www.google.com/intl/es-419_cl/forms/about/},
	urldate = {2021-08-26},
	author = {{Genially}},
	year = {2021},
}

@misc{google2021a,
	title = {‎{Google} {Calendar}},
	url = {https://apps.apple.com/es/app/google-calendar-planificador/id909319292},
	urldate = {2021-08-26},
	journal = {App Store},
	author = {{Google LLC}},
	year = {2021a}
}

@misc{google2021b,
	title = {Google {Keep}: {Notas} y listas },
	url = {https://play.google.com/store/apps/details?id=com.google.android.keep&hl=es_419&gl=US},
	urldate = {2021-08-26},
	journal = {Google Play},
	author = {{Google LLC}},
	year = {2021b}
}

@misc{google2021c,
	title = {Google {Tasks}},
	url = {https://play.google.com/store/apps/details?id=com.google.android.apps.tasks&hl=es_419&gl=US},
	urldate = {2021-08-26},
	journal = {Google Play},
	author = {{Google LLC}},
	year = {2021c}
}

@misc{google2021d,
	title = {Jamboard},
	url = {https://play.google.com/store/apps/details?id=com.google.android.apps.jam&hl=es_419&gl=US},
	urldate = {2021-08-26},
	journal = {Google Play},
	author = {{Google LLC}},
	year = {2021d}
}

@misc{google2021e,
	title = {Google {Classroom}},
	url = {https://play.google.com/store/apps/details?id=com.google.android.apps.classroom&hl=es&gl=US},
	urldate = {2021-08-26},
	journal = {Google Play},
	author = {{Google LLC}},
	year = {2021e}
}

@misc{google_workspace_google_2021,
	title = {Google {Forms}},
	url = {https://www.google.com/intl/es-419_cl/forms/about/},
	urldate = {2021-08-26},
	author = {{Google Workspace}},
	year = {2021},
}

@misc{instagram_instagram_2021,
	title = {Instagram},
	url = {https://play.google.com/store/apps/details?id=com.instagram.android&hl=es_419&gl=US},
	urldate = {2021-08-26},
	journal = {Google Play},
	author = {{Instagram}},
	year = {2021},
}

@misc{instructure_canvas_2021,
	title = {Canvas},
	url = {https://play.google.com/store/apps/details?id=com.instructure.candroid&hl=es_419&gl=US},
	urldate = {2021-08-26},
	journal = {Google Play},
	author = {{Instructure}},
	year = {2021},
}

@misc{kahoot_kahoot!_2021,
	title = {Kahoot! },
	url = {https://play.google.com/store/apps/details?id=no.mobitroll.kahoot.android&hl=es_419&gl=US},
	urldate = {2021-08-26},
	journal = {Google Play},
	author = {{Kahoot}},
	year = {2021},
}

@incollection{guba2002,
	address = {Hermosillo, Sonora; Guadalajara, Jal.},
	title = {Paradigmas en competencia en la investigación cualitativa},
	booktitle = {Por los rincones: antología de métodos cualitativos en la investigación social},
	publisher = {Colegio de Sonora, Universidad de Guadalajara},
	author = {Guba, E. and Lincon, Y.},
	collaborator = {Denman, Catalina A and Haro, Jesús Armando},
	year = {2002},
}

@misc{meisterslabs_crea_2021,
	title = {Crea mapas mentales y tomar notas - {Mindmeister}},
	url = {https://play.google.com/store/apps/details?id=com.meisterlabs.mindmeister&hl=es_419&gl=US},
	urldate = {2021-08-26},
	journal = {Google Play},
	author = {{Meisterslabs}},
	year = {2021},
}

@misc{mentimeter_mentimeter_nodate,
	title = {Mentimeter },
	url = {https://play.google.com/store/apps/details?id=com.mentimeter.voting&hl=es_419&gl=US},
	urldate = {2021-08-26},
	journal = {Google Play},
	author = {{Mentimeter}},
}

@misc{microsoft2021a,
	title = {Microsoft {OneNote}: {Comparte} \& {Guarda} {Ideas}},
	url = {https://play.google.com/store/apps/details?id=com.microsoft.office.onenote&hl=es_419&gl=US},
	urldate = {2021-08-26},
	journal = {Google Play},
	author = {{Microsoft Corporation}},
	year = {2021a}
}

@misc{microsoft2021b,
	title = {Microsoft {Teams}},
	url = {https://play.google.com/store/apps/details?id=com.microsoft.teams&hl=es_419&gl=US},
	urldate = {2021-08-26},
	journal = {Google Play},
	author = {{Microsoft Corporation}},
	year = {2021b}
}

@misc{mincubed_offtime_2020,
	title = {{OFFTIME} – {Desconexión} digital - {Apps} en {Google} {Play}},
	url = {https://play.google.com/store/apps/details?id=co.offtime.kit&hl=es_419&gl=US},
	urldate = {2021-08-26},
	author = {{Mincubed}},
	year = {2020},
}

@misc{moodle_pty_ltd_moodle_nodate,
	title = {Moodle },
	url = {https://play.google.com/store/apps/details?id=com.moodle.moodlemobile&hl=es_419&gl=US},
	urldate = {2021-08-26},
	journal = {Google Play},
	author = {{Moodle PTY LTD}},
}

@misc{one_microsoft_way_microsoft_2021,
	title = {Microsoft {To} {Do}: {Listas}, tareas y recordatorios - {Apps} en },
	url = {https://play.google.com/store/apps/details?id=com.microsoft.todos&hl=es_419&gl=US},
	urldate = {2021-08-26},
	journal = {Google Play},
	author = {{One Microsoft Way}},
	year = {2021},
}

@misc{twitch_interactive_inc._twitch_2021,
	title = {Twitch},
	url = {https://play.google.com/store/apps/details?id=tv.twitch.android.app&hl=es_419&gl=US},
	urldate = {2021-08-26},
	journal = {Google Play},
	author = {{Twitch Interactive Inc.}},
	year = {2021},
}

@article{samerkhanova_developing_2017,
	title = {Developing an {Information} {Educational} {Environment} {Based} on {Cloud} {Technologies}},
	volume = {20},
	url = {https://www.abacademies.org/abstract/developing-an-information-educational-environment-based-on-cloud-technologies-6909.html},
	number = {3},
	urldate = {2021-08-26},
	journal = {Journal of Entrepreneurship Education},
	author = {Samerkhanova, Elvira and Krupoderova, Elena and Krupoderova, Klimentina and Bakhtiyarova, Ludmila and {Alex} and Ponachugin, Er and Kanyanina, Tatyana},
	year = {2017},
	pages = {1--9},
}

@book{santiago_mobile_2015,
	address = {Barcelona},
	edition = {Edición Digital},
	title = {Mobile {Learning}: {Nuevas} realidades en el aula},
	url = {https://www.researchgate.net/publication/299584978_Mobile_Learning_Nuevas_realidades_en_el_aula},
	urldate = {2021-08-26},
	publisher = {Grupo Océano},
	author = {Santiago, Raul and Trabaldo, Susana},
	year = {2015},
}

@misc{wallwisher_inc._padlet_2021,
	title = {Padlet},
	url = {https://play.google.com/store/apps/details?id=com.wallwisher.Padlet&hl=es_419&gl=US},
	urldate = {2021-08-26},
	journal = {Google Play},
	author = {{Wallwisher Inc.}},
	year = {2021},
}

@misc{whatsapp2021a,
	title = {{WhatsApp} {Messenger}},
	url = {https://play.google.com/store/apps/details?id=com.whatsapp&hl=es_419&gl=US},
	urldate = {2021-08-26},
	journal = {Google Play},
	author = {{WhatsApp LLC}},
	year = {2021a}
}

@misc{whatsapp2021b,
	title = {{WhatsApp} {Business}},
	url = {https://play.google.com/store/apps/details?id=com.whatsapp.w4b&hl=es_419&gl=US},
	urldate = {2021-08-26},
	journal = {Google Play},
	author = {{WhatsApp LLC}},
	year = {2021b}
}
@incollection{dapelo2021,
	address = {Concepción},
	title = {Prácticas para facilitar el aprendizaje significativo y aprovechar la clase},
	booktitle = {Facilitación intracurricular del aprendizaje universitario},
	publisher = {Amar},
	author = {{Dapelo} and {López}},
	editor = {Pérez, M. V. and López, Y. and Díaz, A.},
	year = {2021},
}
