@inproceedings{Bazarova2015,
  doi = {10.1145/2675133.2675297},
  url = {https://doi.org/10.1145/2675133.2675297},
  urldate = {2020-12-01},
  year = {2015},
  month = feb,
  publisher = {{ACM}},
  author = {Natalya N. Bazarova and Yoon Hyung Choi and Victoria Schwanda Sosik and Dan Cosley and Janis Whitlock},
  title = {Social Sharing of Emotions on Facebook},
  booktitle = {Proceedings of the 18th {ACM} Conference on Computer Supported Cooperative Work {\&} Social Computing}
}

@article{cato2021,
  doi = {10.1016/j.ijdrr.2020.102034},
  url = {https://doi.org/10.1016/j.ijdrr.2020.102034},
  year = {2021},
  urldate = {2020-12-01},
  month = feb,
  publisher = {Elsevier {BV}},
  volume = {54},
  pages = {102034},
  author = {Susumu Cato and Takashi Iida and Kenji Ishida and Asei Ito and Hiroto Katsumata and Kenneth Mori McElwain and Masahiro Shoji},
  title = {The bright and dark sides of social media usage during the {COVID}-19 pandemic: Survey evidence from Japan},
  journal = {International Journal of Disaster Risk Reduction}
}

@book{creswell2018,
  title={Qualitative Inquiry and Research Design: Choosing Among Five Approaches},
  author={John W. Creswell and Cheryl N. Poth},
  isbn={9781506330228},
  lccn={2017304691},
  url={https://books.google.com.br/books?id=bOLFDQAAQBAJ},
  urldate = {2020-12-01},
  year={2018},
  publisher={SAGE Publications}
}

@article{davisMersey2010,
  doi = {10.1080/16522354.2010.11073506},
  url = {https://doi.org/10.1080/16522354.2010.11073506},
  urldate = {2020-12-01},
  year = {2010},
  month = jun,
  publisher = {Informa {UK} Limited},
  volume = {7},
  number = {2},
  pages = {39--56},
  author = {Rachel {Davis Mersey} and Edward C. Malthouse and Bobby J. Calder},
  title = {Engagement with Online Media},
  journal = {Journal of Media Business Studies}
}

@article{dundes1987,
  doi = {10.1177/000276487030003006},
  url = {https://doi.org/10.1177/000276487030003006},
  year = {1987},
  urldate = {2020-12-01},
  month = jan,
  publisher = {{SAGE} Publications},
  volume = {30},
  number = {3},
  pages = {72--81},
  author = {Alan Dundes},
  title = {At Ease,  Disease{\textemdash}{AIDS} Jokes as Sick Humor},
  journal = {American Behavioral Scientist}
}

@incollection{ekman1972,
  author = {Paul Ekman},
  title = {Universals and cultural differences in facial expressions of emotions},
  editor = {James K. Cole},
  booktitle = {Nebraska Symposium on Motivation series},
  publisher = {University of Nebraska Press},
  address = {Licoln, NB},
  year = {1972},
  pages = {207--282}
}

@article{ekman1992,
  doi = {10.1037/0033-295x.99.3.550},
  url = {https://doi.org/10.1037/0033-295x.99.3.550},
  year = {1992},
  urldate = {2020-12-01},
  publisher = {American Psychological Association ({APA})},
  volume = {99},
  number = {3},
  pages = {550--553},
  author = {Paul Ekman},
  title = {Are there basic emotions?},
  journal = {Psychological Review}
}

@article{ekman2016,
  doi = {10.1177/1745691615596992},
  url = {https://doi.org/10.1177/1745691615596992},
  year = {2016},
  urldate = {2020-12-01},
  month = jan,
  publisher = {{SAGE} Publications},
  volume = {11},
  number = {1},
  pages = {31--34},
  author = {Paul Ekman},
  title = {What Scientists Who Study Emotion Agree About},
  journal = {Perspectives on Psychological Science}
}

@article{ekman2011,
  doi = {10.1177/1754073911410740},
  url = {https://doi.org/10.1177/1754073911410740},
  year = {2011},
  urldate = {2020-12-01},
  month = sep,
  publisher = {{SAGE} Publications},
  volume = {3},
  number = {4},
  pages = {364--370},
  author = {Paul Ekman and Daniel Cordaro},
  title = {What is Meant by Calling Emotions Basic},
  journal = {Emotion Review}
}

@article{fredrickson2004,
  doi = {10.1098/rstb.2004.1512},
  url = {https://doi.org/10.1098/rstb.2004.1512},
  year = {2004},
  urldate = {2020-12-01},
  month = sep,
  publisher = {The Royal Society},
  volume = {359},
  number = {1449},
  pages = {1367--1377},
  author = {Barbara L. Fredrickson},
  editor = {F. A. Huppert and N. Baylis and B. Keverne},
  title = {The broaden{\textendash}and{\textendash}build theory of positive emotions},
  journal = {Philosophical Transactions of the Royal Society of London. Series B: Biological Sciences}
}

@incollection{fredrickson2013,
  doi = {10.1016/b978-0-12-407236-7.00001-2},
  url = {https://doi.org/10.1016/b978-0-12-407236-7.00001-2},
  urldate = {2020-12-01},
  year = {2013},
  publisher = {Elsevier},
  pages = {1--53},
  author = {Barbara L. Fredrickson},
  title = {Positive Emotions Broaden and Build},
  booktitle = {Advances in Experimental Social Psychology}
}

% GLOBAL DIGITAL REPORT. We Are Social y Hootsite. New York; 2020; Disponible en: <https://wearesocial.com/blog/2020/01/digital-2020-3-8-billion-people-use-social-media> Consultado en: Abr 11, 2020
@online{kemp2020,
  author = {Simon Kemp},
  title = {Digital 2020: 3.8 billion people use social media},
  urldate = {2020-12-01},
  url = {https://wearesocial.com/blog/2020/01/digital-2020-3-8-billion-people-use-social-media},
  urldate = {2020-04-11},
  organization = {We Are Social Inc.},
  year = {2020}
}

@article{goldenberg2020,
  doi = {10.1016/j.tics.2020.01.009},
  url = {https://doi.org/10.1016/j.tics.2020.01.009},
  year = {2020},
  urldate = {2020-12-01},
  month = apr,
  publisher = {Elsevier {BV}},
  volume = {24},
  number = {4},
  pages = {316--328},
  author = {Amit Goldenberg and James J. Gross},
  title = {Digital Emotion Contagion},
  journal = {Trends in Cognitive Sciences}
}

@article{gonzlezPadilla2020,
  doi = {10.1590/s1677-5538.ibju.2020.s121},
  url = {https://doi.org/10.1590/s1677-5538.ibju.2020.s121},
  urldate = {2020-12-01},
  year = {2020},
  month = jul,
  publisher = {{FapUNIFESP} ({SciELO})},
  volume = {46},
  number = {suppl 1},
  pages = {120--124},
  author = {Daniel A. Gonz{\'{a}}lez-Padilla and Leonardo Tortolero-Blanco},
  title = {Social media influence in the {COVID}-19 Pandemic},
  journal = {International braz j urol}
}

@inproceedings{guo2020,
  doi = {10.1145/3406865.3418309},
  url = {https://doi.org/10.1145/3406865.3418309},
  year = {2020},
  urldate = {2020-12-01},
  month = oct,
  publisher = {{ACM}},
  author = {Jiajing Guo and Susan R. Fussell},
  title = {A Preliminary Study of Emotional Contagion in Live Streaming},
  booktitle = {Conference Companion Publication of the 2020 on Computer Supported Cooperative Work and Social Computing}
}

@article{hatfield1993,
  doi = {10.1111/1467-8721.ep10770953},
  url = {https://doi.org/10.1111/1467-8721.ep10770953},
  year = {1993},
  urldate = {2020-12-01},
  month = jun,
  publisher = {{SAGE} Publications},
  volume = {2},
  number = {3},
  pages = {96--100},
  author = {Elaine Hatfield and John T. Cacioppo and Richard L. Rapson},
  title = {Emotional Contagion},
  journal = {Current Directions in Psychological Science}
}

@article{huttHerrera2012, 
  title={Las redes sociales: una nueva herramienta de difusi√≥n},
  volume={91},
  url={https://revistas.ucr.ac.cr/index.php/reflexiones/article/view/1513}, 
  doi={10.15517/rr.v91i2.1513}, 
  urldate = {2020-12-01},
  number={2}, 
  journal={Revista Reflexiones}, 
  author={Hutt HerreraHarold}, 
  year={2012}, 
  month={jun.} 
}

@article{hsieh2005,
  doi = {10.1177/1049732305276687},
  url = {https://doi.org/10.1177/1049732305276687},
  year = {2005},
  urldate = {2020-12-01},
  month = nov,
  publisher = {{SAGE} Publications},
  volume = {15},
  number = {9},
  pages = {1277--1288},
  author = {Hsiu-Fang Hsieh and Sarah E. Shannon},
  title = {Three Approaches to Qualitative Content Analysis},
  journal = {Qualitative Health Research}
}

@article{hum2011,
  doi = {10.1016/j.chb.2011.04.003},
  url = {https://doi.org/10.1016/j.chb.2011.04.003},
  year = {2011},
  urldate = {2020-12-01},
  month = sep,
  publisher = {Elsevier {BV}},
  volume = {27},
  number = {5},
  pages = {1828--1833},
  author = {Noelle J. Hum and Perrin E. Chamberlin and Brittany L. Hambright and Anne C. Portwood and Amanda C. Schat and Jennifer L. Bevan},
  title = {A picture is worth a thousand words: A content analysis of Facebook profile photographs},
  journal = {Computers in Human Behavior}
}

@article{iglesiasSanchez2020,
  doi = {10.3390/ijerph17165918},
  url = {https://doi.org/10.3390/ijerph17165918},
  urldate = {2020-12-01},
  year = {2020},
  month = aug,
  publisher = {{MDPI} {AG}},
  volume = {17},
  number = {16},
  pages = {5918},
  author = {Patricia P. Iglesias-S{\'{a}}nchez and Gustavo Fabi{\'{a}}n Vaccaro Witt and Francisco E. Cabrera and Carmen Jambrino-Maldonado},
  title = {The Contagion of Sentiments during the {COVID}-19 Pandemic Crisis: The Case of Isolation in Spain},
  journal = {International Journal of Environmental Research and Public Health}
}

@article{kramer2014,
  doi = {10.1073/pnas.1320040111},
  url = {https://doi.org/10.1073/pnas.1320040111},
  urldate = {2020-12-01},
  year = {2014},
  month = jun,
  publisher = {Proceedings of the National Academy of Sciences},
  volume = {111},
  number = {24},
  pages = {8788--8790},
  author = {Adam D. I. Kramer and Jamie E. Guillory and Jeffrey T. Hancock},
  title = {Experimental evidence of massive-scale emotional contagion through social networks},
  journal = {Proceedings of the National Academy of Sciences}
}

@inproceedings{kramer2012,
  doi = {10.1145/2207676.2207787},
  url = {https://doi.org/10.1145/2207676.2207787},
  urldate = {2020-12-01},
  year = {2012},
  publisher = {{ACM} Press},
  author = {Adam D.I. Kramer},
  title = {The spread of emotion via facebook},
  booktitle = {Proceedings of the 2012 {ACM} annual conference on Human Factors in Computing Systems - {CHI} {\textquotesingle}12}
}


@article{ku2013,
  doi = {10.1016/j.chb.2012.08.009},
  url = {https://doi.org/10.1016/j.chb.2012.08.009},
  urldate = {2020-12-01},
  year = {2013},
  month = jan,
  publisher = {Elsevier {BV}},
  volume = {29},
  number = {1},
  pages = {226--234},
  author = {Yi-Cheng Ku and Tsai-Hsin Chu and Chen-Hsiang Tseng},
  title = {Gratifications for using {CMC} technologies: A comparison among {SNS},  {IM},  and e-mail},
  journal = {Computers in Human Behavior}
}

@incollection{mcquail,
  author = {Denis McQuail},
  title = {The influence and effects of mass media},
  editor = {James Curran and Michael Gurevitch and Janet Woollacott},
  booktitle = {Mass communication and society},
  publisher = {Sage},
  address = {Thousand Oaks, CA},
  year = {1979},
  pages = {70--93}
}

@book{miles2013,
  title={Qualitative Data Analysis: A Methods Sourcebook},
  author={Matthew B. Miles and A. Michael Huberman and Johnny Saldana},
  isbn={9781483323794},
  year={2013},
  publisher={SAGE Publications}
}

@book{monroe1973,
  title={La comunicaci{\'o}n oral: t{\'e}cnica y arte del discurso y del informe},
  author={Alan H. Monroe and Douglas Ehninger Monroe}, 
  isbn={9788425503122},
  series={Biblioteca de direcci{\'o}n, organizaci{\'o}n y administraci{\'o}n de empresas},
  year={1973},
  publisher={Editorial Hispano Europea}
}

@book{neuendorf2002,
  title={The Content Analysis Guidebook},
  author={Kimberly A. Neuendorf},
  isbn={9780761919780},
  lccn={20104115},
  year={2002},
  publisher={SAGE Publications}
}

@article{parsons2013,
  title={Using Social Media to Reach Consumers: A Content Analysis of Official Facebook Pages},
  author={Amy L. Parsons},
  journal={Academy of Marketing Studies Journal},
  year={2013},
  volume={17},
  pages={27}
}

@incollection{salazar2018,
  author = {Gabriel {P√©rez Salazar}},
  title = {Capital informacional y Sociedad de la Informaci√≥n: Reflexiones en torno a la Brecha Digital},
  editor = {Alma Rosa Alva de la Selva},
  booktitle = {Monitorear la Sociedad de la Informaci√≥n y el Conocimiento. Propuesta de indicadores cualitativos: El ‚ÄúCapital Informacional‚Äù},
  publisher = {UNAM / Biblioteca},
  address = {M√©xico},
  year = {2018},
  pages = {58--73}
}

@article{pletikosaCvijikj2013,
  doi = {10.1007/s13278-013-0098-8},
  url = {https://doi.org/10.1007/s13278-013-0098-8},
  urldate = {2020-12-01},
  year = {2013},
  month = jan,
  publisher = {Springer Science and Business Media {LLC}},
  volume = {3},
  number = {4},
  pages = {843--861},
  author = {Irena {Pletikosa Cvijikj} and Florian Michahelles},
  title = {Online engagement factors on Facebook brand pages},
  journal = {Social Network Analysis and Mining}
}

@article{prikhidko2020,
  doi = {10.3389/fpubh.2020.567250},
  url = {https://doi.org/10.3389/fpubh.2020.567250},
  urldate = {2020-12-01},
  year = {2020},
  month = dec,
  publisher = {Frontiers Media {SA}},
  volume = {8},
  author = {Alena Prikhidko and Haiying Long and Michael G. Wheaton},
  title = {The Effect of Concerns About {COVID}-19 on Anxiety,  Stress,  Parental Burnout,  and Emotion Regulation: The Role of Susceptibility to Digital Emotion Contagion},
  journal = {Frontiers in Public Health}
}

@article{rosenbusch2019,
  doi = {10.1177/1948550618820309},
  url = {https://doi.org/10.1177/1948550618820309},
  urldate = {2020-12-01},
  year = {2019},
  month = jan,
  publisher = {{SAGE} Publications},
  volume = {10},
  number = {8},
  pages = {1028--1035},
  author = {Hannes Rosenbusch and Anthony M. Evans and Marcel Zeelenberg},
  title = {Multilevel Emotion Transfer on {YouTube}: Disentangling the Effects of Emotional Contagion and Homophily on Video Audiences},
  journal = {Social Psychological and Personality Science}
}

@article{ruiz2018,
  author = {Blanca Estela Ruiz},
  title = {Los memes: una respuesta popular y humor√≠stica ante la crisis mexicana},
  journal = {Nueva Sociedad},
  number = {273},
  pages = {122--135},
  url = {https://nuso.org/articulo/los-memes-una-respuesta-popular-y-humoristica-ante-la-crisis-mexicana/},
  urldate = {2020-12-01}
}

@article{sabate2014,
  doi = {10.1016/j.emj.2014.05.001},
  url = {https://doi.org/10.1016/j.emj.2014.05.001},
  year = {2014},
  urldate = {2020-12-01},
  month = dec,
  publisher = {Elsevier {BV}},
  volume = {32},
  number = {6},
  pages = {1001--1011},
  author = {Ferran Sabate and Jasmina Berbegal-Mirabent and Antonio Ca{\~{n}}abate and Philipp R. Lebherz},
  title = {Factors influencing popularity of branded content in Facebook fan pages},
  journal = {European Management Journal}
}

@article{sasaki2021,
  doi = {10.1007/s13278-020-00712-0},
  url = {https://doi.org/10.1007/s13278-020-00712-0},
  year = {2021},
  urldate = {2020-12-01},
  month = jan,
  publisher = {Springer Science and Business Media {LLC}},
  volume = {11},
  number = {1},
  author = {Wataru Sasaki and Yuuki Nishiyama and Tadashi Okoshi and Jin Nakazawa},
  title = {Investigating the occurrence of selfie-based emotional contagion over social network},
  journal = {Social Network Analysis and Mining}
}

@article{saud2020,
  doi = {10.1002/pa.2417},
  url = {https://doi.org/10.1002/pa.2417},
  urldate = {2020-12-01},
  year = {2020},
  month = sep,
  publisher = {Wiley},
  pages = {e02417},
  author = {Muhammad Saud and Musta{\textquotesingle}in Mashud and Rachmah Ida},
  title = {Usage of social media during the pandemic: Seeking support and awareness about {COVID}-19 through social media platforms},
  journal = {Journal of Public Affairs}
}

@article{steinert2020,
  doi = {10.1007/s10676-020-09545-z},
  url = {https://doi.org/10.1007/s10676-020-09545-z},
  year = {2020},
  urldate = {2020-12-01},
  month = jul,
  publisher = {Springer Science and Business Media {LLC}},
  author = {Steffen Steinert},
  title = {Corona and value change. The role of social media and emotional contagion},
  journal = {Ethics and Information Technology}
}

@article{valerioUrea2015,
  doi = {10.4185/rlcs-2015-1037en},
  url = {https://doi.org/10.4185/rlcs-2015-1037en},
  year = {2015},
  urldate = {2020-12-01},
  month = feb,
  volume = {70},
  pages = {110--121},
  journal = {Revista Latina de Comunicaci{\'{o}}n Social, {RLCS}},
  author = {G. {Valerio-Ure{\~{n}}a} and D. {Herrera Murillo} and N. {Herrera Murillo} and F. J. {Mart{\'{\i}}nez Garza}},
  title = {Purposes of the communication between companies and their Facebook followers}
}

@article{wang2020,
  doi = {10.1177/2056305119897319},
  url = {https://doi.org/10.1177/2056305119897319},
  year = {2020},
  urldate = {2020-12-01},
  month = jan,
  publisher = {{SAGE} Publications},
  volume = {6},
  number = {1},
  pages = {205630511989731},
  author = {Jinping Wang and Lewen Wei},
  title = {Fear and Hope,  Bitter and Sweet: Emotion Sharing of Cancer Community on Twitter},
  journal = {Social Media + Society}
}

@article{wheaton2021,
  doi = {10.3389/fpsyg.2020.567379},
  url = {https://doi.org/10.3389/fpsyg.2020.567379},
  year = {2021},
  urldate = {2020-12-01},
  month = jan,
  publisher = {Frontiers Media {SA}},
  volume = {11},
  author = {Michael G. Wheaton and Alena Prikhidko and Gabrielle R. Messner},
  title = {Is Fear of {COVID}-19 Contagious? The Effects of Emotion Contagion and Social Media Use on Anxiety in Response to the Coronavirus Pandemic},
  journal = {Frontiers in Psychology}
}

@article{woolley2010,
  doi = {10.1080/15205436.2010.516864},
  url = {https://doi.org/10.1080/15205436.2010.516864},
  year = {2010},
  urldate = {2020-12-01},
  month = oct,
  publisher = {Informa {UK} Limited},
  volume = {13},
  number = {5},
  pages = {631--652},
  author = {Julia K. Woolley and Anthony M. Limperos and Mary Beth Oliver},
  title = {The 2008 Presidential Election, 2.0: A Content Analysis of User-Generated Political Facebook Groups},
  journal = {Mass Communication and Society}
}

@incollection{yus2018,
  doi = {10.1515/9783110472509-006},
  url = {https://doi.org/10.1515/9783110472509-006},
  year = {2018},
  urldate = {2020-12-01},
  month = sep,
  publisher = {De Gruyter},
  pages = {119--140},
  title = {Relevance From And Beyond Propositions. The Case Of Online Identity},
  author = {Francisco Yus},
  booktitle = {Relevance and Irrelevance}
}