@article{albapastor2012,
	title = {La utilización de las {TICs} en la actividad académica de los estudiantes},
	volume = {23},
	url = {http://revistas.ucm.es/index.php/RCED/article/view/39100},
	doi = {10.5209/rev_RCED.2012.v23.n1.39100},
	number = {1},
	urldate = {2021-11-17},
	journal = {Revista Complutense de Educación},
	author = {Alba Pastor, Carmen and Zubillaga del Río, Ainara},
	month = jun,
	year = {2012},
	pages = {23--50},
}
@article{almerich2011,
	title = {Las competencias y el uso de las {Tecnologías} de {Información} y {Comunicación} ({TIC}) por el profesorado: estructura dimensional},
	volume = {13},
	copyright = {Derechos de autor 2019 Revista Electrónica de Investigación Educativa},
	url = {https://redie.uabc.mx/index.php/redie/article/view/269},
	number = {1},
	urldate = {2021-11-17},
	journal = {Revista Electrónica de Investigación Educativa},
	author = {Almerich, Gonzalo and Suárez, Jesús M. and Jornet, Jesús M. and Orellana, María Natividad},
	month = may,
	year = {2011},
}
@book{barroso2010,
	address = {Madrid},
	title = {La investigación educativa en {TIC}. {Visiones} prácticas.},
	publisher = {Síntesis},
	author = {Barroso, Julio and Cabero, Julio},
	year = {2010},
}
@article{barroso2019,
	title = {Análisis de los recursos, usos y competencias tecnológicas del profesorado universitario para comprender y mejorar el proceso de aprendizaje del alumnado},
	volume = {80},
	url = {https://rieoei.org/RIE/article/view/3466},
	doi = {10.35362/rie8013466},
	number = {1},
	urldate = {2021-11-17},
	journal = {Revista Iberoamericana de Educación},
	author = {Barroso , Julio Manuel and Matos, Vissy Yanet and Aguilar, Sonia},
	month = may,
	year = {2019},
	pages = {193--217},
}
@book{bisquerra1987,
	address = {Barcelona},
	title = {Introducción a la estadística aplicada a la investigación educativa},
	publisher = {PPU},
	author = {Bisquerra, Rafael},
	year = {1987},
}
@article{burgos2021,
	title = {Digital {Competence} {Analysis} of {University} {Students} {Using} {Latent} {Classes}},
	volume = {11},
	url = {https://www.mdpi.com/2227-7102/11/8/385},
	doi = {10.3390/educsci11080385},
	number = {8},
	urldate = {2021-11-17},
	journal = {Education Sciences},
	author = {Burgos, Carmen Gloria and Castillo, Wilson Andrés and López, Eloy and Martínez, Javiera},
	month = jul,
	year = {2021},
	pages = {385},
}
@book{cabero2014,
	address = {Madrid},
	title = {Investigación aplicada a la tecnología educativa},
	publisher = {Ediciones CEF},
	author = {Cabero, Julio},
	year = {2014},
}
@article{cabero-almenara2020,
	title = {Marcos de {Competencias} {Digitales} para docentes universitarios: su evaluación a través del coeficiente competencia experta},
	volume = {23},
	url = {https://revistas.um.es/reifop/article/view/413601},
	doi = {10.6018/reifop.413601},
	number = {2},
	urldate = {2021-11-17},
	journal = {Revista Electrónica Interuniversitaria de Formación del Profesorado},
	author = {Cabero-Almenara, Julio and Barroso-Osuna, Julio and Palacios-Rodríguez, Antonio and Llorente-Cejudo, Carmen},
	month = apr,
	year = {2020},
}
@article{cabero-almenara2021,
	title = {Evaluación de t-{MOOC} universitario sobre competencias digitales docentes mediante juicio de expertos según el {Marco} {DigCompEdu}},
	volume = {21},
	url = {https://revistas.um.es/red/article/view/476891},
	doi = {10.6018/red.476891},
	number = {67},
	urldate = {2021-11-17},
	journal = {Revista de Educación a Distancia (RED)},
	author = {Cabero-Almenara, Julio and Barroso-Osuna, Julio and Palacio-Rodríguez, Antonio and Llorente-Cejudo, Carmen},
	month = sep,
	year = {2021},
}
@article{cabero-almenara2016,
	title = {Conocimiento de las {TIC} aplicadas a las personas con discapacidades. {Construcción} de un instrumento de diagnóstico},
	volume = {8},
	url = {http://revistas.javeriana.edu.co/index.php/MAGIS/article/view/15657},
	doi = {10.11144/Javeriana.m8-17.ctap},
	number = {17},
	urldate = {2021-11-17},
	journal = {Magis. Revista Internacional de Investigación en Educación},
	author = {Cabero-Almenara, Julio and Fernández-Batanero, José María and Córdoba-Pérez, Margarita},
	month = mar,
	year = {2016},
	pages = {157},
}
@article{cabero-almenara2019,
	title = {Marco {Europeo} de {Competencia} {Digital} {Docente} «{DigCompEdu}». {Traducción} y adaptación del cuestionario «{DigCompEdu} {Check}-{In}»},
	volume = {9},
	url = {https://www.uco.es/servicios/ucopress/ojs/index.php/edmetic/article/view/12462},
	doi = {10.21071/edmetic.v9i1.12462},
	number = {1},
	urldate = {2021-11-17},
	journal = {EDMETIC},
	author = {Cabero-Almenara, Julio and Palacios-Rodríguez, Antonio},
	month = dec,
	year = {2019},
	pages = {213--234},
}
@article{castaneda2018,
	title = {¿{Por} qué es necesario repensar la competencia docente para el mundo digital?},
	url = {http://www.um.es/ead/red/56/castaneda_et_al.pdf},
	doi = {10.6018/red/56/6},
	number = {56},
	urldate = {2021-11-17},
	journal = {Revista de Educación a Distancia (RED)},
	author = {Castañeda, Linda and Esteve, Francesc and Adell, Jordi},
	month = jan,
	year = {2018},
}
@article{cebi2020,
	title = {Digital {Competence}: {A} {Study} from the {Perspective} of {Pre}-service {Teachers} in {Turkey}},
	volume = {9},
	issn = {2254-7339},
	url = {https://naerjournal.ua.es/article/view/v9n2-10},
	doi = {10.7821/naer.2020.7.583},
	number = {2},
	urldate = {2021-11-17},
	journal = {Journal of New Approaches in Educational Research},
	author = {Çebi, Ayça and Reisoğlu, İlknur},
	month = jul,
	year = {2020},
	pages = {294},
}
@article{colas-bravo2019,
	title = {The development of the digital teaching competence from a sociocultural approach},
	volume = {27},
	url = {https://www.revistacomunicar.com/index.php?contenido=detalles&numero=61&articulo=61-2019-02},
	doi = {10.3916/C61-2019-02},
	number = {61},
	urldate = {2021-11-17},
	journal = {Comunicar},
	author = {Colás-Bravo, Pilar and Conde-Jiménez, Jesús and Reyes-de-Cózar, Salvador},
	month = oct,
	year = {2019},
	pages = {21--32},
}
@article{domingo-coscollola2019,
	title = {Fomentando la competencia digital docente en la universidad: {Percepción} de estudiantes y docentes},
	volume = {38},
	url = {https://revistas.um.es/rie/article/view/340551},
	doi = {10.6018/rie.340551},
	number = {1},
	urldate = {2021-11-17},
	journal = {Revista de Investigación Educativa},
	author = {Domingo-Coscollola, Maria and Bosco-Paniagua, Alejandra and Carrasco-Segovia, Sara and Sánchez-Valero, Joan-Anton},
	month = dec,
	year = {2019},
	pages = {167--182},
}
@article{fardoun2020,
	title = {Estudio exploratorio en iberoamérica sobre procesos de enseñanza-aprendizaje y propuesta de evaluación en tiempos de pandemia},
	volume = {21},
	url = {https://revistas.usal.es/index.php/eks/article/view/eks20202117},
	doi = {10.14201/eks.23537},
	urldate = {2021-11-17},
	journal = {Education in the Knowledge Society (EKS)},
	author = {Fardoun, Habib and González, Carina and Collazos, César A. and Yousef, Mohammad},
	month = jun,
	year = {2020},
	pages = {9},
}
@article{usart2020,
	title = {Validation of a tool for self-evaluating teacher digital competence},
	volume = {24},
	url = {http://revistas.uned.es/index.php/educacionXX1/article/view/27080},
	doi = {10.5944/educxx1.27080},
	number = {1},
	urldate = {2021-11-17},
	journal = {Educación XX1},
	author = {Usart, Mireia and Lázaro, José Luis and Gisbert, Mercè},
	month = nov,
	year = {2020},
}
@book{trujillo2020,
	title = {Escenarios de evaluación en el contexto de la pandemia por la {COVID} - 19: la opinión del profesorado},
	publisher = {Santillana},
	author = {Trujillo, Fernando and Fernández, Manuel and Segura, Adrián and Jiménez, Manuel},
	year = {2020},
}
@article{spiteri2017,
	title = {Maltese primary teachers’ digital competence: implications for continuing professional development},
	volume = {40},
	url = {https://www.tandfonline.com/doi/full/10.1080/02619768.2017.1342242},
	doi = {10.1080/02619768.2017.1342242},
	number = {4},
	urldate = {2021-11-17},
	journal = {European Journal of Teacher Education},
	author = {Spiteri, Marthese and Chang Rundgren, Shu-Nu},
	month = aug,
	year = {2017},
	pages = {521--534},
}
@article{sierra_llorente2018,
	title = {Causas que determinan las dificultades de la incorporación de las {TIC} en las aulas de clases},
	volume = {12},
	url = {https://journal.poligran.edu.co/index.php/panorama/article/view/1064},
	doi = {10.15765/pnrm.v12i22.1064},
	number = {22},
	urldate = {2021-11-17},
	journal = {Panorama},
	author = {Sierra Llorente, José Gregorio and Palmezano Córdoba, Yenerys Areola and Romero Mora, Boris Sandy},
	month = sep,
	year = {2018},
	pages = {31--41},
}
@article{sancho-gil2017,
	title = {Research-based insights on initial teacher education in {Spain}},
	volume = {40},
	url = {https://www.tandfonline.com/doi/full/10.1080/02619768.2017.1320388},
	doi = {10.1080/02619768.2017.1320388},
	number = {3},
	urldate = {2021-11-17},
	journal = {European Journal of Teacher Education},
	author = {Sancho-Gil, Juana M. and Sánchez-Valero, Joan-Anton and Domingo-Coscollola, Maria},
	month = may,
	year = {2017},
	pages = {310--325},
}
@article{sancho-gil2015,
	title = {Formación del profesorado en {Tecnología} {Educativa}: de cómo las realidades generan los mitos},
	volume = {14},
	number = {1},
	journal = { Revista Latinoamericana de Tecnología Educativa},
	author = {Sancho-Gil, Juanma and Bosco, Alejandra and Alonso, Cristina and Sánchez, Joan Anton},
	year = {2015},
	pages = {17--29},
}
@article{romero-tena2021,
	title = {The {Pandemic} and {Changes} in the {Self}-{Perception} of {Teacher} {Digital} {Competences} of {Infant} {Grade} {Students}: {A} {Cross} {Sectional} {Study}},
	volume = {18},
	url = {https://www.mdpi.com/1660-4601/18/9/4756},
	doi = {10.3390/ijerph18094756},
	number = {9},
	urldate = {2021-11-17},
	journal = {International Journal of Environmental Research and Public Health},
	author = {Romero-Tena, Rosalía and Llorente-Cejudo, Carmen and Puig-Gutiérrez, María and Barragán-Sánchez, Raquel},
	month = apr,
	year = {2021},
	pages = {4756},
}
@article{romero-tena2020,
	title = {The {Challenge} of {Initial} {Training} for {Early} {Childhood} {Teachers}. {A} {Cross} {Sectional} {Study} of {Their} {Digital} {Competences}},
	volume = {12},
	url = {https://www.mdpi.com/2071-1050/12/11/4782},
	doi = {10.3390/su12114782},
	number = {11},
	urldate = {2021-11-17},
	journal = {Sustainability},
	author = {Romero-Tena, Rosalía and Barragán-Sánchez, Raquel and Llorente-Cejudo, Carmen and Palacios-Rodríguez, Antonio},
	month = jun,
	year = {2020},
	pages = {4782},
}
@article{pozos2018,
	title = {Competencias {Digitales} en {Docentes} de {Educación} {Superior}: {Niveles} de {Dominio} y {Necesidades} {Formativas}},
	volume = {12},
	url = {https://revistas.upc.edu.pe/index.php/docencia/article/view/712},
	doi = {10.19083/ridu.2018.712},
	number = {2},
	urldate = {2021-11-17},
	journal = {Revista Digital de Investigación en Docencia Universitaria},
	author = {Pozos, Katia V. and Tejada, José},
	month = dec,
	year = {2018},
}
@article{pozo2019,
	title = {Impact of {Educational} {Stage} in the {Application} of {Flipped} {Learning}: {A} {Contrasting} {Analysis} with {Traditional} {Teaching}},
	volume = {11},
	url = {https://www.mdpi.com/2071-1050/11/21/5968},
	doi = {10.3390/su11215968},
	number = {21},
	urldate = {2021-11-17},
	journal = {Sustainability},
	author = {Pozo, Santiago and López, Jesús and Moreno, Antonio José and López, Juan Antonio},
	month = oct,
	year = {2019},
	pages = {5968},
}
@article{pinto-santos2020,
	title = {Autopercepción de la competencia digital docente en la formación inicial del profesorado de educación infantil},
	volume = {41},
	url = {http://www.localharvest.tuobra.revistaespacios.com/a20v41n18/20411829.html },
	number = {18},
	urldate = {2021-11-17},
	journal = {Revista Espacios},
	author = {Pinto-Santos, Alba Ruth and Pérez, Adolfina and Darder, Antonia},
	year = {2020},
}
@article{paredes2015,
	title = {La innovación y la tecnología educativa como base de la formación inicial del profesorado para la renovación de la enseñanza},
	volume = {14},
	number = {1},
	journal = {Revista Latinoamericana de Tecnología Educativa},
	author = {Paredes, Joaquín and Guilert, Montserrat and Rubia, Bartolomé},
	year = {2015},
	pages = {101--114},
}
@article{ordonez2021,
	title = {Las {Competencias} en el uso de las {Tecnologías} de la {Información} y la {Comunicación} en el alumnado universitario},
	url = {https://institucional.us.es/revistas/PixelBit/60/74860.pdf},
	doi = {10.12795/pixelbit.74860},
	number = {60},
	urldate = {2021-11-17},
	journal = {Pixel-Bit, Revista de Medios y Educación},
	author = {Ordóñez, Eva and Vázquez-Cano, Esteban and Arias-Sánchez, Samuel and López-Meneses, Eloy},
	year = {2021},
	pages = {153--167},
}
@book{oecd2015,
	address = {Pisa},
	series = {{PISA}},
	title = {Students, {Computers} and {Learning}: {Making} the {Connection}},
	url = {https://www.oecd-ilibrary.org/education/students-computers-and-learning_9789264239555-en},
	urldate = {2021-11-17},
	publisher = {OECD Publishing},
	author = {{OECD}},
	month = sep,
	year = {2015},
}
@article{mueller2008,
	title = {Identifying discriminating variables between teachers who fully integrate computers and teachers with limited integration},
	volume = {51},
	url = {https://linkinghub.elsevier.com/retrieve/pii/S0360131508000390},
	doi = {10.1016/j.compedu.2008.02.003},
	number = {4},
	urldate = {2021-11-17},
	journal = {Computers \& Education},
	author = {Mueller, Julie and Wood, Eileen and Willoughby, Teena and Ross, Craig and Specht, Jacqueline},
	month = dec,
	year = {2008},
	pages = {1523--1537},
}
@article{mas-torello2016,
	title = {El profesor universitario en el {Espacio} {Europeo} de {Educación} {Superior}: la autopercepción de sus competencias docentes actuales y orientaciones para su formación pedagógica},
	volume = {21},
	number = {69},
	journal = {Revista mexicana de investigación educativa},
	author = {Mas-Torelló, Óoscar and Olmos-Rueda, Patricia},
	year = {2016},
	pages = {437--470},
}
@article{lazaro2015,
	title = {El desarrollo de la competencia digital docente a partir de una experiencia piloto de formación en alternancia en el {Grado} de {Educación}},
	volume = {51},
	number = {2},
	journal = {EDUCAR},
	author = {Lázaro, José Luis and Gisbert, Mercé},
	year = {2015},
	pages = {321--348},
}
@book{hernandez2014,
	address = {México},
	title = {Metodología de la investigación},
	publisher = {McGraw-Hill Education},
	author = {Hernández, Roberto and Fernández, Carlos and Baptista, Pilar},
	year = {2014},
}
@article{hernandez-ortega2021,
	title = {Gestión educativa del confinamiento por {COVID}-19: percepción del docente en {España}},
	url = {http://revistas.uned.es/index.php/REEC/article/view/29017},
	doi = {10.5944/reec.38.2021.29017},
	number = {38},
	urldate = {2021-11-17},
	journal = {Revista Española de Educación Comparada},
	author = {Hernández-Ortega, José and Álvarez-Herrero, Juan-Francisco},
	month = mar,
	year = {2021},
	pages = {129},
}
@article{hall2014,
	title = {Defining a self-evaluation digital literacy framework for secondary educators: the {DigiLit} {Leicester} project},
	volume = {22},
	url = {https://journal.alt.ac.uk/index.php/rlt/article/view/1444},
	doi = {10.3402/rlt.v22.21440},
	urldate = {2021-11-17},
	journal = {Research in Learning Technology},
	author = {Hall, Richard and Atkins, Lucy and Fraser, Josie},
	month = apr,
	year = {2014},
}
@article{giron2019,
	title = {Análisis de la autopercepción sobre el nivel de competencia digital docente en la formación inicial de maestros/as.: {Analysis} of self-perception on the level of teachers’ digital competence in teachers training.},
	volume = {22},
	url = {https://revistas.um.es/reifop/article/view/373421},
	doi = {10.6018/reifop.373421},
	number = {3},
	urldate = {2021-11-17},
	journal = {Revista Electrónica Interuniversitaria de Formación del Profesorado},
	author = {Girón Escudero, Virginia and Cózar Gutiérrez, Ramón and González-Calero Somoza, José Antonio},
	month = sep,
	year = {2019},
	pages = {193--218},
}
@inproceedings{ghomi2019,
	address = {Heraklion, Crete, Greece},
	title = {Digital {Competence} of {Educators} ({DigCompEdu}): {Development} and {Evaluation} of a {Self}-assessment {Instrument} for {Teachers}' {Digital} {Competence}},
	url = {http://www.scitepress.org/DigitalLibrary/Link.aspx?doi=10.5220/0007679005410548},
	doi = {10.5220/0007679005410548},
	urldate = {2021-11-17},
	publisher = {SCITEPRESS - Science and Technology Publications},
	author = {Ghomi, Mina and Redecker, Christine},
	year = {2019},
	pages = {541--548},
}
@article{garcia-valcarcel2017,
	title = {Percepción de los estudiantes sobre el valor de las {TIC} en sus estrategias de aprendizaje y su relación con el rendimiento},
	volume = {20},
	url = {http://revistas.uned.es/index.php/educacionXX1/article/view/19035},
	doi = {10.5944/educxx1.19035},
	number = {2},
	urldate = {2021-11-17},
	journal = {Educación XX1},
	author = {García-Valcárcel, Ana and Tejedor, Francisco Javier},
	month = may,
	year = {2017},
	pages = {137--159},
}
@article{garcia2017,
	title = {Alfabetización {Digital}. {Nuevos} escenarios de la comunicación educativa},
	volume = {21},
	copyright = {Derechos de autor 2017 Susana García-Ávila},
	url = {https://www.revistarazonypalabra.org/index.php/ryp/article/view/1043},
	urldate = {2021-11-17},
	journal = {Razón y Palabra},
	author = {García, Susana},
	month = aug,
	year = {2017},
	pages = {66--81},
}
@inproceedings{fraser2013,
	address = {Leicester City Council},
	title = {{DigiLit} leicester. {Supporting} teachers, promoting digital literacy, transforming learning},
	author = {Fraser, Josie and Atkins, Lucy and Hall, Richard},
	year = {2013},
}
@article{fernandez-marquez2018,
	title = {Competencias digitales en docentes de {Educación} {Superior}},
	url = {https://revistas.upc.edu.pe/index.php/docencia/article/view/558},
	doi = {10.19083/ridu.12.558},
	urldate = {2021-11-17},
	journal = {Revista Digital de Investigación en Docencia Universitaria},
	author = {Fernández-Márquez, Esther and Leiva-Olivencia, Juan José and López-Meneses, Eloy},
	month = jun,
	year = {2018},
	pages = {213--231},
}
@article{cao2020,
	title = {The psychological impact of the {COVID}-19 epidemic on college students in {China}},
	volume = {287},
	url = {https://linkinghub.elsevier.com/retrieve/pii/S0165178120305400},
	doi = {10.1016/j.psychres.2020.112934},
	urldate = {2021-11-25},
	journal = {Psychiatry Research},
	author = {Cao, Wenjun and Fang, Ziwei and Hou, Guoqiang and Han, Mei and Xu, Xinrong and Dong, Jiaxin and Zheng, Jianzhong},
	month = may,
	year = {2020},
	pages = {112934},
}
@book{sierra1988,
	address = {Madrid},
	title = {Técnicas de investigación social},
	publisher = {Paraninfo},
	author = {{Sierra Bravo}},
	year = {1988},
}
@inproceedings{koehler2008,
	address = {New York},
	title = {Introducing {Technological} {Pedagogical} {Content} {Knowledge}},
	booktitle = {Annual {Meeting} of the {American} {Educational} {Research} {Association}},
	author = {Mishra, Punya and Koehler, Matthew J.},
	month = mar,
	year = {2008},
}
