@phdthesis{almeida_o_2000,
	address = {Programa de Pós-Graduação em Educação: Currículo},
	type = {Tese de doutorado},
	title = {O computador na escola: contextualizando a formação de professores},
	url = {https://sapientia.pucsp.br/handle/handle/9948},
	urldate = {2021-04-25},
	school = {Pontifícia Universidade Católica de São Paulo},
	author = {Almeida, Maria Elizabeth Bianconcini Trindade Morato Pinto de},
	year = {2000}
}

@book{bertrand_caminhos_2003,
	address = {Bauru},
	title = {Caminhos da semiótica literária},
	publisher = {EDUSC},
	translator = {Ivã Lopes and Grupo CASA},
	author = {Bertrand, Denis},
	year = {2003}
}

@book{boechat_as_2017,
	title = {As famîlias e as tecnologias digitais: a comunicação pela articulação de vieses não antes explorados},
	url = {http://search.ebscohost.com/login.aspx?direct=true&scope=site&db=nlebk&db=nlabk&AN=2123787},
	urldate = {2021-04-25},
	author = {Boechat, Ieda Tinoco},
	year = {2017}
}

@inproceedings{brito__2012,
	address = {Uberlândia},
	title = {{Elementos} de {Semiótica} {Francesa} aplicados à abordagem de textos não verbais e sincréticos},
	volume = {2},
	url = {http://www.ileel.ufu.br/anaisdosielp/wp-content/uploads/2014/06/volume_2_artigo_073.pdf},
	booktitle = {Anais do {SIELP}},
	publisher = {EDUFU},
	author = {Brito, Clebson Luiz de},
	year = {2012}
}

@incollection{bunzen_o_2020,
	address = {São Paulo},
	editor = {Ana Elisa Ribeiro and Pollyanna de Mattos Vecchi},
	editortype = {organizer},
	title = {O ensino de língua materna em tempos de pandemia},
	booktitle = {Digitais e escola: reflexões no projeto aula aberta durante a pandemia},
	publisher = {Parábola},
	pages = {21-30},
	author = {Bunzen, Clecio},
	year = {2020}
}

@incollection{coscarelli_ensino_2020,
	address = {São Paulo},
	editor = {Ana Elisa Ribeiro and Pollyanna de Mattos Vecchio},
	editortype = {organizer},
	title = {Ensino de língua: surtos durante a pandemia},
	booktitle = {Tecnologias digitais e escola: reflexões no projeto aula aberta durante a pandemia},
	publisher = {Parábola},
	author = {Coscarelli, Carla Vianna},
	pages = {15-20},
	year = {2020}
}

@phdthesis{fetterman_os_2012,
	address = {Campos dos Goytacazes},
	type = {Dissertação ({Mestrado} em {Cognição} e {Linguagem})},
	title = {Os entornos virtuais da rede social {My} {English} {Club} e suas intervenções nos ambientes presenciais de aprendizagem da língua inglesa},
	school = {Universidade Estadual do Norte Fluminense Darcy Ribeiro},
	author = {Fetterman, Joyce V.},
	year = {2012}
}

@book{greimas_sobre_1975,
	address = {Petrópolis},
	title = {Sobre o sentido: ensaios semióticos},
	publisher = {Vozes},
	translator = {Ana Cristina Cruz Cezar et al.},
	author = {Greimas, Algirdas Julien},
	year = {1975}
}

@book{lemos_o_2014,
	address = {São Paulo},
	title = {O futuro da internet: em direção a uma ciberdemocracia},
	publisher = {Paulus},
	author = {Lemos, Andre and Lévy, Pierre},
	year = {2014}
}

@misc{moran_o_2003,
	title = {O que é {Educação} a distância},
	url = {http://www2.eca.usp.br/moran/wp-content/uploads/2013/12/dist.pdf},
	urldate = {2020-04-10},
	author = {Moran, José},
	year = {2003}
}

@article{pereira_o_2016,
	title = {O que são recursos educacionais abertos? {Limites} e possibilidades em discursos},
	volume = {14},
	url = {http://revistas.unisinos.br/index.php/calidoscopio/article/view/cld.2016.143.09},
	number = {3},
	urldate = {2021-04-25},
	journal = {Calidoscópio},
	author = {Pereira, Daniervelin Renata Marques and Fettermann, Joyce Vieira and César, Danilo Rodrigues},
	month = dec,
	year = {2016},
	pages = {458--465}
}

@book{ribeiro_escrever_2018,
	address = {São Paulo},
	title = {Escrever, hoje: {Palavra}, imagem e tecnologias digitais na educação},
	publisher = {Parábola},
	author = {Ribeiro, Ana Elisa},
	year = {2018}
}

@inproceedings{silva_avancos_2011,
	address = {Londrina},
	title = {Avanços da {Semiótica} {Francesa}: {Estudos} na {Comunicação}},
	url = {www.intercom.org.br/papers/regionais/sul2011/resumos/R25-0270-1.pdf},
	urldate = {2021-04-05},
	booktitle = {Intercom – {XII} {Congresso} de {Ciências} da {Comunicação} na {Região} {Sul}},
	author = {Silva, Fernando Moreno da},
	year = {2011}
}