@article{sampaio_estudos_2007,
    title         = {Estudos de revisão sistemática: um guia para síntese criteriosa da evidência científica},
    author        = {Sampaio, Rf and Mancini, Mc},
    year          = {2007},
    month         = feb,
    journal       = {Revista Brasileira de Fisioterapia},
    volume        = {11},
    number        = {1},
    pages         = {83--89},
    doi           = {10.1590/s1413-35552007000100013},
    issn          = {1413-3555},
    url           = {http://www.scielo.br/scielo.php?script=sci_arttext&pid=S1413-35552007000100013&lng=pt&nrm=iso&tlng=pt},
    urldate       = {2024-10-30},
}

@article{pappano_year_2012,
    title         = {The {Year} of the {MOOC}},
    author        = {Pappano, Laura},
    year          = {2012},
    month         = nov,
    journal       = {The New York Times},
    issn          = {0362-4331},
    url           = {https://www.nytimes.com/2012/11/04/education/edlife/massive-open-online-courses-are-multiplying-at-a-rapid-pace.html},
    urldate       = {2024-10-30},
    chapter       = {Education},
    keywords      = {E-Learning, Colleges and Universities, EdX, Social Networking (Internet), Udacity, Computers and the Internet, Crowdsourcing (Internet), Coursera Inc},
}

@article{siemens_learning_2013,
    title         = {Learning {Analytics}: {The} {Emergence} of a {Discipline}},
    author        = {Siemens, George},
    year          = {2013},
    month         = oct,
    journal       = {American Behavioral Scientist},
    volume        = {57},
    number        = {10},
    pages         = {1380--1400},
    doi           = {10.1177/0002764213498851},
    issn          = {0002-7642, 1552-3381},
    url           = {https://journals.sagepub.com/doi/10.1177/0002764213498851},
    urldate       = {2024-10-30},
}

@article{galvao_principais_2015,
    title         = {Principais itens para relatar {Revisões} sistemáticas e {Meta}-análises: {A} recomendação {PRISMA}},
    author        = {Galvão, Taís Freire and Pansani, Thais De Souza Andrade and Harrad, David},
    year          = {2015},
    month         = jun,
    journal       = {Epidemiologia e Serviços de Saúde},
    volume        = {24},
    number        = {2},
    pages         = {335--342},
    doi           = {10.5123/s1679-49742015000200017},
    issn          = {1679-4974},
    url           = {http://www.iec.pa.gov.br/template_doi_ess.php?doi=10.5123/S1679-49742015000200017&scielo=S2237-96222015000200335},
    urldate       = {2024-10-30},
}

@article{dijck_data_2017,
    title         = {In data we trust? {The} implications of datafication for social monitoring},
    author        = {Dijck, José van},
    year          = {2017},
    month         = apr,
    journal       = {MATRIZes},
    volume        = {11},
    number        = {1},
    pages         = {39--59},
    doi           = {10.11606/issn.1982-8160.v11i1p39-59},
    issn          = {1982-8160},
    url           = {https://revistas.usp.br/matrizes/article/view/131620},
    urldate       = {2024-10-30},
    copyright     = {Copyright (c) 2017 MATRIZes},
    keywords      = {Big Data, datafication, surveillance, social media, metadata, Big Data, datificação, vigilância, mídia social, metadados},
}

@article{tang_learning_2017,
    title         = {Learning {Mechanism} and {Function} {Characteristics} of {MOOC} in the {Process} of {Higher} {Education}},
    author        = {Tang, Shujun},
    year          = {2017},
    month         = nov,
    journal       = {EURASIA Journal of Mathematics, Science and Technology Education},
    volume        = {13},
    number        = {12},
    doi           = {10.12973/ejmste/80769},
    issn          = {13058223},
    url           = {https://www.ejmste.com/article/learning-mechanism-and-function-characteristics-of-mooc-in-the-process-of-higher-education-5192},
    urldate       = {2024-10-30},
}

@inproceedings{farrow_mooc_2018,
    title         = {{MOOC} and the workplace: key support elements in digital lifelong learning},
    author        = {Farrow, Robert},
    year          = {2018},
    month         = dec,
    publisher     = {Cracow University of Economics},
    address       = {Kraków},
    volume        = {4},
    pages         = {139--150},
    isbn          = {9788365262196},
    url           = {https://pm.uek.krakow.pl/article/view/1763},
    urldate       = {2024-10-30},
    copyright     = {cc\_by\_nd\_4},
}

@article{knox_beyond_2018,
    title         = {Beyond the “c” and the “x”: {Learning} with algorithms in massive open online courses ({MOOCs})},
    author        = {Knox, Jeremy},
    year          = {2018},
    journal       = {International Review of Education},
    volume        = {64},
    number        = {2},
    pages         = {161--178},
    url           = {https://unesdoc.unesco.org/ark:/48223/pf0000262719},
    urldate       = {2024-10-30},
}

@article{singh_analysis_2018,
    title         = {An {Analysis} of {Participants}’ {Experiences} fromthe {First} {International} {MOOC} {Offered} at the {University} of {Oslo}},
    author        = {Singh, Ammar Bahadur and Mørch, Anders I.},
    year          = {2018},
    month         = mar,
    journal       = {Nordic Journal of Digital Literacy},
    volume        = {13},
    number        = {1},
    pages         = {40--64},
    doi           = {10.18261/issn.1891-943x-2018-01-04},
    issn          = {0809-6724, 1891-943x},
    url           = {http://www.idunn.no/doi/10.18261/issn.1891-943x-2018-01-04},
    urldate       = {2024-10-30},
}

@article{adam_digital_2019,
    title         = {Digital neocolonialism and massive open online courses ({MOOCs}): colonial pasts and neoliberal futures},
    author        = {Adam, Taskeen},
    year          = {2019},
    month         = jul,
    journal       = {Learning, Media and Technology},
    volume        = {44},
    number        = {3},
    pages         = {365--380},
    doi           = {10.1080/17439884.2019.1640740},
    issn          = {1743-9884, 1743-9892},
    url           = {https://www.tandfonline.com/doi/full/10.1080/17439884.2019.1640740},
    urldate       = {2024-10-30},
}

@book{bates_teaching_2019,
    title         = {Teaching in a digital age: guidelines for designing teaching and learning},
    author        = {Bates, Tony},
    year          = {2019},
    publisher     = {Tony Bates Associates Ltd.},
    address       = {Vancouver, B.C.},
}

@article{becerra_diseno_2020,
    title         = {Diseño pedagógico adaptativo para el desarrollo de {MOOC}: una estrategia para el desarrollo de competencias en contextos corporativos},
    author        = {Becerra, Isabel and Fernández Palma, Orlando Elias and Almenárez Moreno, Fanny Teresa},
    year          = {2020},
    month         = may,
    journal       = {Revista Electrónica de Investigación Educativa},
    volume        = {22},
    pages         = {1--18},
    doi           = {10.24320/redie.2020.22.e16.2192},
    issn          = {1607-4041},
    url           = {https://redie.uabc.mx/redie/article/view/2192},
    urldate       = {2024-10-30},
    copyright     = {https://creativecommons.org/licenses/by-nc/4.0},
}

@article{gil-quintana_citizenship_2020,
    title         = {Citizenship {Training} through {sMOOCs}: {A} {Participative} and {Intercreative} {Learning}},
    author        = {Gil-Quintana, Javier and Osuna-Acedo, Sara},
    year          = {2020},
    month         = oct,
    journal       = {Sustainability},
    volume        = {12},
    number        = {20},
    pages         = {8301},
    doi           = {10.3390/su12208301},
    issn          = {2071-1050},
    url           = {https://www.mdpi.com/2071-1050/12/20/8301},
    urldate       = {2024-10-30},
    copyright     = {https://creativecommons.org/licenses/by/4.0/},
}

@article{sureephong_effect_2020,
    title         = {The {Effect} of {Non}-{Monetary} {Rewards} on {Employee} {Performance} in {Massive} {Open} {Online} {Courses}},
    author        = {Sureephong, Pradorn and Dahlan, Winai and Chernbumroong, Suepphong and Tongpaeng, Yootthapong},
    year          = {2020},
    month         = jan,
    journal       = {International Journal of Emerging Technologies in Learning (iJET)},
    volume        = {15},
    number        = {01},
    pages         = {88},
    doi           = {10.3991/ijet.v15i01.11470},
    issn          = {1863-0383},
    url           = {https://online-journals.org/index.php/i-jet/article/view/11470},
    urldate       = {2024-10-30},
}

@article{goglio_contribution_2021,
    title         = {“{The} contribution of {MOOCs} to upskilling the labor force”},
    author        = {Goglio, Valentina and Bertolini, Sonia},
    year          = {2021},
    month         = jul,
    journal       = {Journal of Workplace Learning},
    volume        = {33},
    number        = {7},
    pages         = {561--574},
    doi           = {10.1108/jwl-10-2020-0159},
    issn          = {1366-5626, 1366-5626},
    url           = {https://www.emerald.com/insight/content/doi/10.1108/JWL-10-2020-0159/full/html},
    urldate       = {2024-10-30},
    copyright     = {https://www.emerald.com/insight/site-policies},
}

@article{rosendale_scaling_2021,
    title         = {Scaling workforce development: using {MOOCs} to reduce costs and narrow the skills gap},
    author        = {Rosendale, Joseph and Wilkie, LeAnn},
    year          = {2021},
    month         = feb,
    journal       = {Development and Learning in Organizations: An International Journal},
    volume        = {35},
    number        = {2},
    pages         = {18--21},
    doi           = {10.1108/dlo-11-2019-0258},
    issn          = {1477-7282, 1477-7282},
    url           = {https://www.emerald.com/insight/content/doi/10.1108/DLO-11-2019-0258/full/html},
    urldate       = {2024-10-30},
    copyright     = {https://www.emerald.com/insight/site-policies},
}

@misc{shah_by_2021,
    title         = {By {The} {Numbers}: {MOOCs} in 2021 — {Class} {Central}},
    author        = {Shah, Dhawal},
    year          = {2021},
    month         = dec,
    journal       = {The Report by Class Central},
    url           = {https://www.classcentral.com/report/mooc-stats-2021/},
    urldate       = {2024-10-30},
}

@article{yousef_reflections_2021,
    title         = {Reflections on the last decade of {MOOC} research},
    author        = {Yousef, Ahmed Mohamed Fahmy and Sumner, Tamara},
    year          = {2021},
    month         = jul,
    journal       = {Computer Applications in Engineering Education},
    volume        = {29},
    number        = {4},
    pages         = {648--665},
    doi           = {10.1002/cae.22334},
    issn          = {1061-3773, 1099-0542},
    url           = {https://onlinelibrary.wiley.com/doi/10.1002/cae.22334},
    urldate       = {2024-10-30},
}

@article{park_moocs_2021,
    title         = {{MOOCs} in the workplace: an intervention for strategic human resource development},
    author        = {Park, Sunyoung and Jeong, Shinhee and Ju, Boreum},
    year          = {2021},
    month         = may,
    journal       = {Human Resource Development International},
    volume        = {24},
    number        = {3},
    pages         = {329--340},
    doi           = {10.1080/13678868.2018.1516062},
    issn          = {1367-8868, 1469-8374},
    url           = {https://www.tandfonline.com/doi/full/10.1080/13678868.2018.1516062},
    urldate       = {2024-10-30},
}

@article{zur_transforming_2021,
    title         = {Transforming {Workplace} {Learning}: {A} {Qualitative} {Inquiry} into {Adopting} {Massive} {Open} {Online} {Courses} into {Corporate} {Learning} and {Development}},
    shorttitle    = {Transforming {Workplace} {Learning}},
    author        = {Żur, Agnieszka and Friedl, Christian},
    year          = {2021},
    month         = jun,
    journal       = {Education Sciences},
    volume        = {11},
    number        = {6},
    pages         = {295},
    doi           = {10.3390/educsci11060295},
    issn          = {2227-7102},
    url           = {https://www.mdpi.com/2227-7102/11/6/295},
    urldate       = {2024-10-30},
    copyright     = {https://creativecommons.org/licenses/by/4.0/},
}

@article{alves_plataformas_2022,
    title         = {Plataformas digitais, crianças e adolescentes – {Construindo} interações com segurança e proteção de dados},
    author        = {Alves, Lynn},
    year          = {2022},
    month         = jun,
    journal       = {Revista de Educação Pública},
    volume        = {31},
    pages         = {1--21},
    doi           = {10.29286/rep.v31ijan/dez.13381},
    issn          = {2238-2097, 0104-5962},
    url           = {https://periodicoscientificos.ufmt.br/ojs/index.php/educacaopublica/article/view/13381},
    urldate       = {2024-10-30},
}

@article{yan_construction_2022,
    title         = {Construction and {Application} of {Vocational} {Training} {Platform} for {Enterprise} {Employees}},
    author        = {Yan, Zhai},
    year          = {2022},
    month         = jun,
    journal       = {Mobile Information Systems},
    volume        = {2022},
    pages         = {1--8},
    doi           = {10.1155/2022/4091808},
    issn          = {1875-905x, 1574-017x},
    url           = {https://www.hindawi.com/journals/misy/2022/4091808/},
    urldate       = {2024-10-30},
    copyright     = {https://creativecommons.org/licenses/by/4.0/},
    editor        = {Jan, Mian Ahmad},
}

@inproceedings{altaleb_enhancing_2023,
    title         = {Enhancing {College} {Education}: {An} {AI}-driven {Adaptive} {Learning} {Platform} ({ALP}) for {Customized} {Course} {Experiences}},
    author        = {Altaleb, Hanan and Mouti, Samar and Beegom, Shajeela},
    year          = {2023},
    month         = oct,
    booktitle     = {2023 9th {International} {Conference} on {Optimization} and {Applications} ({ICOA})},
    publisher     = {Ieee},
    address       = {AbuDhabi, United Arab Emirates},
    pages         = {1--5},
    doi           = {10.1109/icoa58279.2023.10308834},
    isbn          = {9798350312546},
    url           = {https://ieeexplore.ieee.org/document/10308834/},
    urldate       = {2024-10-30},
    copyright     = {https://doi.org/10.15223/policy-029},
}

@article{bhatt_artificial_2023,
    title         = {Artificial intelligence in learning and development: a systematic literature review},
    author        = {Bhatt, Parag and Muduli, Ashutosh},
    year          = {2023},
    month         = aug,
    journal       = {European Journal of Training and Development},
    volume        = {47},
    number        = {7/8},
    pages         = {677--694},
    doi           = {10.1108/ejtd-09-2021-0143},
    issn          = {2046-9012, 2046-9012},
    url           = {https://www.emerald.com/insight/content/doi/10.1108/EJTD-09-2021-0143/full/html},
    urldate       = {2024-10-30},
    copyright     = {https://www.emerald.com/insight/site-policies},
}

@article{ma_effects_2023,
    title         = {Effects of collaborative filtering‐based peer recommendation mechanism on in‐service teachers’ learning performance, knowledge construction, and social network during online training},
    author        = {Ma, Ning and Gong, Kaixin and Zeng, Min},
    year          = {2023},
    month         = dec,
    journal       = {Journal of Computer Assisted Learning},
    volume        = {39},
    number        = {6},
    pages         = {1972--1987},
    doi           = {10.1111/jcal.12858},
    issn          = {0266-4909, 1365-2729},
    url           = {https://onlinelibrary.wiley.com/doi/10.1111/jcal.12858},
    urldate       = {2024-10-30},
}

@inproceedings{swamy_trusting_2023,
    title         = {Trusting the {Explainers}: {Teacher} {Validation} of {Explainable} {Artificial} {Intelligence} for {Course} {Design}},
    author        = {Swamy, Vinitra and Du, Sijia and Marras, Mirko and Kaser, Tanja},
    year          = {2023},
    month         = mar,
    booktitle     = {{LAK23}: 13th {International} {Learning} {Analytics} and {Knowledge} {Conference}},
    publisher     = {Acm},
    address       = {Arlington TX USA},
    pages         = {345--356},
    doi           = {10.1145/3576050.3576147},
    isbn          = {9781450398657},
    url           = {https://dl.acm.org/doi/10.1145/3576050.3576147},
    urldate       = {2024-10-30},
}
