@book{denzin_o_2006,
    title         = {O {Planejamento} da {Pesquisa} {Qualitativa}: {Teorias} e abordagens},
    author        = {Denzin, Norman and Lincoln, Yvonna},
    year          = {2006},
    publisher     = {Artmed},
    address       = {Porto Alegre},
}

@book{hall_identidade_2006,
    title         = {A identidade cultural na pós-modernidade},
    author        = {Hall, Stuart},
    year          = {2006},
    publisher     = {Dp\&a},
    address       = {Rio de Janeiro},
}

@book{papert_maquina_2007,
    title         = {A máquina das crianças: repensando a escola na era da informática},
    author        = {Papert, Seymour},
    year          = {2007},
    publisher     = {Penso},
    address       = {Porto Alegre},
}

@book{teixeira_categorizacao_2007,
    title         = {Categorização do nível de letramento científico dos alunos de {Ensino} {Médio}},
    author        = {Teixeira, Jonny Nelson},
    year          = {2007},
    publisher     = {Universidade de São Paulo},
    address       = {São Paulo},
}

@book{anderson_makers:_2012,
    title         = {Makers: a nova revolução digital},
    author        = {Anderson, Chris},
    year          = {2012},
    publisher     = {Editora Campus-Elsevier},
    address       = {Rio de Janeiro},
}

@book{hatch_maker_2013,
    title         = {The {Maker} {Movement} {Manifesto}: {Rules} for {Innovation} in the {New} {World} of {Crafters}, {Hackers}, and {Tinkerers}},
    author        = {Hatch, Mark},
    year          = {2013},
    publisher     = {McGraw-Hill Education},
    address       = {New York},
}

@book{saldana_coding_2013,
    title         = {The {Coding} {Manual} for {Qualitative} {Researchers}},
    author        = {Saldaña, Johnny},
    year          = {2013},
    publisher     = {Sage},
    address       = {London},
}

@book{wilson_alfabetizacao_2013,
    title         = {Alfabetização midiática e informacional: currículo para formação de professores},
    author        = {Wilson, Carolyn},
    year          = {2013},
    publisher     = {Unesco, Uftm},
    address       = {Brasília},
}

@article{cabeza_o_2014,
    title         = {O {DIY} vive!},
    author        = {Cabeza, Edison Uriel Rodríguez and Moura, Mônica},
    year          = {2014},
    journal       = {V!rus},
    number        = {10},
    url           = {http://www.nomads.usp.br/virus/virus10/?sec=4&item=8&lang=pt},
    urldate       = {2024-10-25},
}

@misc{vossoughi_making_2015,
    title         = {Making and {Tinkering}: {A} {Review} of the {Literature} – informalscience.org},
    author        = {Vossoughi, Shirin and Bevan, Bronwyn},
    year          = {2015},
    url           = {https://informalscience.org/research/making-and-tinkering-review-literature/},
    urldate       = {2024-10-25},
}

@article{blikstein_viagens_2016,
    title         = {Viagens em {Troia} com {Freire}:a tecnologia como um agente de emancipação},
    author        = {Blikstein, Paulo},
    year          = {2016},
    month         = sep,
    journal       = {Educação e Pesquisa},
    volume        = {42},
    pages         = {837--856},
    doi           = {10.1590/s1517-970220164203003},
    issn          = {1517-9702, 1678-4634},
    url           = {https://www.scielo.br/j/ep/a/smj6D5mtcLqNsVkzcxgsKcq/abstract/?lang=pt},
    urldate       = {2024-10-25},
    keywords      = {Construcionismo, Pedagogia crítica, Tecnologia, Emancipação, Robótica},
}

@inproceedings{silva_perspectivas_2016,
    title         = {Perspectivas educacionais {FabLearn}: conceitos e práticas maker no {Brasil}},
    author        = {Silva, Rodrigo Barbosa and Merkle, Luiz Ernesto},
    year          = {2016},
    booktitle     = {Anais do {FabLearn} {Conference}: {Promovendo} {Equidade} na {Educação} pelo {Movimento} {Maker}},
    publisher     = {Universidade de São Paulo},
    address       = {São Paulo},
}

@book{brasil_base_2018,
    title         = {Base {Nacional} {Comum} {Curricular}},
    author        = {{Brasil}},
    year          = {2018},
    publisher     = {Mec},
    address       = {Brasília},
}

@article{carvalho_cultura_2018,
    title         = {Cultura ​ {Maker} ​ e o uso das tecnologias digitais na educação: construindo pontes entre as teorias e práticas no {Brasil} e na {Alemanha}},
    author        = {Carvalho, Ana Beatriz Gomes and Bley, Dagmar Heil Pocrifka},
    year          = {2018},
    journal       = {Revista Tecnologias na Educação},
    volume        = {26},
    pages         = {21--40},
}

@article{bley_ciclos_2019,
    title         = {Ciclos de codificação e o software {Atlas} ti: uma parceria criativa para análise de dados qualitativos em pesquisas sobre o uso das tecnologias digitais no campo da {Educação}},
    author        = {Bley, Dagmar Heil Pocrifka and Carvalho, Ana Beatriz Gomes},
    year          = {2019},
    month         = apr,
    journal       = {Em Teia {\textbar} Revista de Educação Matemática e Tecnológica Iberoamericana},
    volume        = {10},
    number        = {1},
    doi           = {10.36397/emteia.v10i1.240016},
    issn          = {2177-9309},
    url           = {https://periodicos.ufpe.br/revistas/emteia/article/view/240016},
    urldate       = {2024-10-25},
    copyright     = {http://creativecommons.org/licenses/by/4.0},
}

@article{blikstein_educacao_2020,
    title         = {{Educação} {Maker}: {Onde} {Está} {O} {Currículo}?},
    author        = {Blikstein, Paulo and Valente, Jose and Moura, Éliton Meireles de},
    year          = {2020},
    month         = jun,
    journal       = {Revista e-Curriculum},
    volume        = {18},
    number        = {2},
    pages         = {523--544},
    doi           = {10.23925/1809-3876.2020v18i2p523-544},
    issn          = {1809-3876},
    url           = {https://revistas.pucsp.br/index.php/curriculum/article/view/48127},
    urldate       = {2024-10-25},
    keywords      = {Movimento maker, Atividade maker, STEM-ampliado, Educação básica, Tecnologias educacionais.},
}

@incollection{bockermann_be-greifbare_2020,
    title         = {Be-{Greifbare} {Interaktion} - {Potenzial} für {Diversität} im {Umgang} mit {Digitalen} {Medien}},
    author        = {Bockermann, Iris and Schelhowe, Heidi},
    year          = {2020},
    booktitle     = {Media {Meets} {Diversity}@{School}: {Wie} kann {Lernen} und {Lehren} in der {Digitalen} {Welt} unter den {Vorzeichen} von {Diversity} gelingen?},
    publisher     = {WVT Wissenschaftlicher Verlag Trier},
    pages         = {257--274},
}

@article{soster_educacao_2020,
    title         = {{EDUCAÇÃO} {MAKER} {E} {COMPROMISSO} É{TICO} {NA} {SOCIEDADE} {DA} {CULTURA} {DIGITALEducação} {Maker} e compromisso ético na sociedade da cultura digital},
    author        = {Soster, Tatiana Sansone and Almeida, Fernando José de and Silva, Maria da Graça Moreira},
    year          = {2020},
    month         = jun,
    journal       = {Revista e-Curriculum},
    volume        = {18},
    number        = {2},
    pages         = {715--738},
    doi           = {10.23925/1809-3876.2020v18i2p715-738},
    issn          = {1809-3876},
    url           = {https://revistas.pucsp.br/index.php/curriculum/article/view/48029},
    urldate       = {2024-10-25},
    keywords      = {Currículo, Ética, TDIC, Educação maker.},
}

@incollection{schelhowe_freiheit_2021,
    title         = {Freiheit als {Balance} zwischen objektiver {Kontrolle} und subjektiver {Achtsamkeit}? {Kreativität} im bildenden {Handeln} mit {Digitalen} {Medien}},
    author        = {Schelhowe, Heidi},
    year          = {2021},
    booktitle     = {Kultur und {Freiheit}. {Beschreibung} einer {Krise}},
    publisher     = {Steidl},
    address       = {Göttingen},
    pages         = {155--158},
    editor        = {Bernecker, Roland and Grätz, Ronald},
}

@book{brasil_parecer_2022,
    title         = {Parecer {CNE}/{CEB} nº 2/2022, aprovado em 17 de fevereiro de 2022 – {Normas} sobre {Computação} na {Educação} {Básica} – {Complemento} à {Base} {Nacional} {Comum} {Curricular} ({BNCC})},
    author        = {{Brasil}},
    year          = {2022},
}

@article{carvalho_divulgacao_2023,
    title         = {Divulgação e formação científica nas redes sociais: narrativas digitais e colaboração nos canais do {Science} {Vlogs} {Brasil}},
    author        = {Carvalho, Ana Beatriz Gomes and Magalhães, Sthenio and Alves, Thelma Panerai},
    year          = {2023},
    journal       = {Ensino de Ciências e Tecnologia em Revista},
    volume        = {13},
    pages         = {246--265},
}

@misc{silveira_como_2023,
    title         = {Como o {Brasil} vai encarar o poder das {Big} {Techs}?},
    author        = {Silveira, Sérgio Amadeu da},
    year          = {2023},
    month         = mar,
    journal       = {Outras Palavras},
    url           = {https://outraspalavras.net/tecnologiaemdisputa/como-obrasil-vai-encarar-o-poder-das-plataformas/},
    urldate       = {2024-10-25},
}
