@online{youtube,
    title         = {O que \'{e} uso aceit\'{a}vel?},
    author        = {Youtube},
    url           = {https://www.youtube.com/intl/pt-BR/about/copyright/fair-use/\#yt-copyright-resources},
}

@book{kress2006reading,
    title         = {Reading images: The grammar of visual design},
    author        = {Kress, Gunther R and Van Leeuwen, Theo},
    year          = {2006},
    publisher     = {Routledge},
    address       = {London and New York},
}

@article{gomes2007double,
    title         = {O double coding na animac\ca\~o: a construc\ca\~o do desenho animado contempora\^neo para adultos e crianc\cas},
    author        = {Gomes, Luciana Andrade and Santos, Laura Torres S. dos},
    year          = {2007},
    journal       = {Inovcom, Revista Brasileira de Inova\c{c}\~{a}o Cient\'{\i}fica em Computa\c{c}\~{a}o},
    volume        = {2},
    number        = {2},
    pages         = {74--81},
    url           = {http://www.intercom.org.br/papers/nacionais/2007/resumos/R0189-1.pdf},
    urldate       = {2023-03-19},
}

@misc{brasil2009,
    title         = {Caderno comunica\c{c}\~{a}o e uso de m\'{\i}dias},
    author        = {Brasil},
    year          = {2009},
    publisher     = {Minist\'{e}rio da Educa\c{c}\~{a}o, Secretaria de Educa\c{c}\~{a}o Continuada},
    address       = {Bras\'{\i}lia},
    url           = {http://portal.mec.gov.br/index.php?option=com\_docman\&view=download\&alias=12328-comunicacaoeusodemidias-pdf\&Itemid=30192},
    urldate       = {2023-03-19},
}

@book{bakhtin2011estetica,
    title         = {Est{\'e}tica da cria{\c{c}}{\~a}o verbal},
    author        = {Bakhtin, Mikhail Mikhailovich},
    year          = {2011},
    publisher     = {Editora WMF Martins Fontes},
    address       = {S\~{a}o Paulo},
}

@phdthesis{leal2011organizaccao,
    title         = {A organiza{\c{c}}{\~a}o textual do g{\'e}nero" cartoon": aspectos lingu{\'\i}sticos e condicionantes n{\~a}o-lingu{\'\i}sticos},
    author        = {Leal, Audria Albuquerque},
    year          = {2011},
    pages         = {462f.},
    url           = {http://run.unl.pt/handle/10362/6646},
    urldate       = {2023-03-19},
    school        = {Faculdade de Ci{\^e}ncias Sociais e Humanas, Unversidade Nova de Lisboa},
}

@book{bronckart2012,
    title         = {Atividade de linguagem, textos e discursos: por um interacionismo sociodiscursivo},
    author        = {Bronckart, Jean-Paul},
    year          = {2012},
    publisher     = {Educ},
    address       = {S\~{a}o Paulo},
    translator    = {Anna Rachel Machado},
}

@misc{purl,
    title         = {Dire\c{c}\~{a}o de Kristen Lester. Realiza\c{c}\~{a}o de Walt Disney Studios Motion Pictures},
    author        = {Purl},
    year          = {2018},
    publisher     = {Pixar Sparkshorts},
    address       = {Emeryville},
    url           = {https://www.youtube.com/watch?v=B6uuIHpFkuo\&t=11s\&ab\_channel=Pixar},
}

@misc{meet2019,
    title         = {Meet the Filmmakers Behind Purl},
    author        = {Pixar},
    year          = {2019},
    publisher     = {Pixar Sparkshorts},
    address       = {Emeryville},
    url           = {https://www.youtube.com/watch?v=7nK6mSsO6M8\&ab\_channel=Pixar},
    urldate       = {2023-03-19},
}

@online{penzani2019,
    title         = {`Purl': curta da Disney-Pixar discute masculinidade t\'{o}xica},
    author        = {Penzani, Renata},
    year          = {2019},
    url           = {https://lunetas.com.br/purl-novo-curta-da-pixar/},
    urldate       = {2023-03-19},
}
