@article{almerich_perfiles_2004,
	title = {Perfiles de las competencias en las {TIC} y su relación con la utilización de las mismas en los profesores de {Educación} {Primaria} y {Secundaria}},
	url = {http://e-spacio.uned.es/fez/view/bibliuned:19563},
	urldate = {2021-08-13},
	author = {Almerich, Gonzalo and Gastaldo, I. and Díaz, I. and Bo, R.},
	month = jun,
	year = {2004},
}

@article{almerich_necesidades_2011,
	title = {Las necesidades formativas del profesorado en {TIC}: {Perfiles} formativos y elementos de complejidad},
	volume = {17},
	shorttitle = {Las necesidades formativas del profesorado en {TIC}},
	url = {https://ojs.uv.es/index.php/RELIEVE/article/view/4006},
	doi = {10.7203/relieve.17.2.4006},
	number = {2},
	urldate = {2021-08-13},
	journal = {RELIEVE - Revista Electrónica de Investigación y Evaluación Educativa},
	author = {Almerich, Gonzalo and Suárez-Rodríguez, Jesús and Belloch, Consuelo and Bo, Rosa M.},
	month = sep,
	year = {2011},
}

@article{amiama-espaillat_digital_2017,
	title = {Digital reading and reading competence. {The} influence in the {Z} generation from the {Dominican} {Republic}},
	volume = {25},
	url = {https://www.revistacomunicar.com/index.php?contenido=detalles&numero=52&articulo=52-2017-10},
	doi = {10.3916/C52-2017-10},
	number = {52},
	urldate = {2021-08-13},
	journal = {Comunicar},
	author = {Amiama-Espaillat, Cristina and Mayor-Ruiz, Cristina},
	month = jul,
	year = {2017},
	pages = {105--114},
}

@article{cabero-almenara_marco_2020,
	title = {Marco {Europeo} de {Competencia} {Digital} {Docente} «{DigCompEdu}». {Traducción} y adaptación del cuestionario «{DigCompEdu} {Check}-{In}»},
	volume = {9},
	url = {https://www.uco.es/servicios/ucopress/ojs/index.php/edmetic/article/view/12462},
	doi = {10.21071/edmetic.v9i1.12462},
	number = {1},
	urldate = {2021-08-13},
	journal = {EDMETIC},
	author = {Cabero-Almenara, Julio and Palacios-Rodríguez, Antonio},
	month = dec,
	year = {2020},
	pages = {213--234},
}

@book{centro_regional_para_el_fomento_del_libro_en_america_latina_y_el_caribe_bogota_metodologicomun_2014,
	address = {Bogotá},
	title = {Metodología común para explorar y medir el comportamiento lector: el encuentro con lo digital.},
	publisher = {CERLAC-UNESCO},
	author = {{Centro Regional para el Fomento del Libro en América Latina y el Caribe (Bogotá)} and {Agencia Española de Cooperación Internacional para el Desarrollo}},
	year = {2014},
	note = {OCLC: 913121758},
}

@article{miranda_lacerda_alfabetizacion_2018,
	title = {Alfabetización digital, lengua y literatura en la cibercultura: los ‘fanfics’ como recurso pedagógico},
	volume = {25},
	url = {http://reugra.es/index.php/reugra/article/view/116},
	doi = {10.30827/reugra.v25i0.116},
	urldate = {2021-08-13},
	journal = {Revista de Educación de la Universidad de Granada},
	author = {Miranda Lacerda, Marcelo and Schlemmer, Eliane},
	month = nov,
	year = {2018},
	pages = {235},
}

@article{dominguez_alfonso_formacion_2011,
	title = {Formación, {Competencias} y {Actitudes} sobre las {TIC} del {Profesorado} de {Secundaria}: {Un} {Instrumento} de {Evaluación}.},
	url = {https://dialnet.unirioja.es/servlet/articulo?codigo=3702718},
	number = {10 (Junio)},
	urldate = {2021-08-13},
	journal = {Etic@net: Revista científica electrónica de Educación y Comunicación en la Sociedad del Conocimiento},
	author = {Domínguez Alfonso, Rocío},
	year = {2011},
	pages = {6},
}

@inproceedings{duran_cuartero_propuesta_2016,
	title = {Propuesta de un modelo actualizado de competencia digital del profesorado: áreas, descriptores e indicadores},
	url = {https://dialnet.unirioja.es/servlet/articulo?codigo=6066204},
	urldate = {2021-08-13},
	booktitle = {Tecnología, innovación e investigación en los procesos de enseñanza-aprendizaje},
	publisher = {Octaedro},
	author = {Durán Cuartero, Marta  and Gutiérrez Porlán, Isabel  and Prendes Espinosa, María Paz},
	year = {2016},
	pages = {1587--1598},
}

@misc{espana_ley_340,
	title = {Ley {Orgánica} 3/2020, de 29 de diciembre, por la que se modifica la {Ley} {Orgánica} 2/2006, de 3 de mayo, de {Educación}},
	url = {https://www.boe.es/eli/es/lo/2020/12/29/3/dof/spa/pdf},
	urldate = {2021-08-13},
	journal = {Boletín Oficial del Estado},
	author = {{España}},
	year = {2020},
}

@article{gomez_jimenez_competencia_2020,
	title = {Competencia digital del profesorado y la atención a la diversidad durante la {COVID}-19. {Estudio} de caso.},
	volume = {10},
	url = {http://www.revistadecomunicacionysalud.es/index.php/rcys/article/view/236},
	doi = {10.35669/rcys.2020.10(2).483-502},
	number = {2},
	urldate = {2021-08-13},
	journal = {Revista de Comunicación y Salud},
	author = {Gómez Jiménez, Óscar and Rodríguez Torres, Javier and Cruz Cruz, Purificación},
	month = nov,
	year = {2020},
	pages = {483--502},
}

@misc{instituto_nacional_de_tecnologias_educativas_y_de_formacion_del_profesorado_intef_marco_2017,
	title = {Marco {Común} de {Competencia} {Digital} {Docente}},
	url = {http://educalab.es/documents/10180/12809/MarcoComunCompeDigiDoceV2.pdf},
	urldate = {2021-08-13},
	author = {{Instituto Nacional de Tecnologías Educativas y de Formación del Profesorado (INTEF)}},
	year = {2017},
}

@article{jwa_modeling_2012,
	title = {Modeling {L2} {Writer} {Voice}: {Discoursal} {Positioning} in {Fanfiction} {Writing}},
	volume = {29},
	doi = {10.1016/j.compcom.2012.10.001},
	number = {4},
	urldate = {2021-08-13},
	journal = {Computers and Composition},
	author = {Jwa, Soomin},
	month = dec,
	year = {2012},
	pages = {323--340},
}

@article{lazaro-cantabrana_assessing_2019,
	title = {Assessing {Teacher} {Digital} {Competence}: the {Construction} of an {Instrument} for {Measuring} the {Knowledge} of {Pre}-{Service} {Teachers}},
	volume = {8},
	url = {https://naerjournal.ua.es/article/view/v8n1-10},
	doi = {10.7821/naer.2019.1.370},
	number = {1},
	urldate = {2021-08-13},
	journal = {Journal of New Approaches in Educational Research},
	author = {Lázaro-Cantabrana, José Luis and Usart-Rodríguez, Mireia and Gisbert-Cervera, Mercè},
	month = jan,
	year = {2019},
	pages = {73--78},
}

@inproceedings{mula-franco_didactica_2010,
	address = {Lisboa},
	title = {Didáctica lengua y literatura 2.0. {Primeras} experiencias {TIC} desde un máster de secundaria},
	booktitle = {Atas do {I} {Encontro} {Internacional} {TIC} e {Educação} {TICEDUCA2010}},
	publisher = {Instituto de Educação},
	author = {Mula-Franco, Antonio and Llorens-García, Ramón F. and Rovira-Collado, José},
	year = {2010},
	pages = {435--440},
}

@book{nix_collecting_2016,
	address = {1 Oliver's Yard, 55 City Road, London EC1Y 1SP United Kingdom},
	title = {Collecting {Questionnaire} and {Interview} {Data}: {Evaluating} {Approaches} to {Developing} {Digital} {Literacy} {Skills}},
	url = {http://methods.sagepub.com/case/questionnaire-interview-evaluating-developing-digital-literacy-skills},
	urldate = {2021-08-13},
	publisher = {SAGE Publications, Ltd.},
	author = {Nix, Ingrid and Hall, Marion},
	year = {2016},
	doi = {10.4135/978144627305015595384},
}

@article{ortiz_colon_autopercepcion_2020,
	title = {Autopercepción del profesorado de {Educación} {Primaria} en servicio desde el modelo {TPACK}},
	volume = {23},
	url = {https://revistas.um.es/reifop/article/view/415641},
	doi = {10.6018/reifop.415641},
	number = {2},
	urldate = {2021-08-13},
	journal = {Revista Electrónica Interuniversitaria de Formación del Profesorado},
	author = {Ortiz Colón, Ana Maria and Ágreda Montoro, Miriam and Rodríguez Moreno, Javier},
	month = apr,
	year = {2020},
	pages = {53--65},
}

@article{prendes-espinosa_competencias_2010,
	title = {Competencias para el uso de {TIC} de los futuros maestros},
	volume = {18},
	url = {https://www.revistacomunicar.com/index.php?contenido=detalles&numero=35&articulo=35-2010-21},
	doi = {10.3916/C35-2010-03-11},
	number = {35},
	urldate = {2021-08-13},
	journal = {Comunicar: Revista Científica de Comunicación y Educación},
	author = {Prendes-Espinosa, María-Paz and Castañeda-Quintero, Linda and Gutiérrez-Porlán, Isabel},
	year = {2010},
	pages = {175--182},
}

@misc{redecker_european_2017,
	title = {European framework for the digital competence of educators ({DigCompEdu})},
	url = {https://publications.jrc.ec.europa.eu/repository/handle/JRC107466},
	urldate = {2021-08-13},
	year = {2017},
	journal = {JRC Publications Repository},
	author = {Redecker, Christine and Punie, Yves},
}

@article{rovira_collado_redes_2015,
	title = {Redes sociales de lectura: del libro de caras a la {LIJ} 2.0},
	url = {http://www.comprensionlectora.es/revistaisl/index.php/revistaISL/article/view/36},
	doi = {10.37132/isl.v0i3.36},
	number = {3},
	urldate = {2021-08-13},
	journal = {Investigaciones Sobre Lectura},
	author = {Rovira Collado, José},
	month = jan,
	year = {2015},
	pages = {106--122},
}

@book{rovira-collado_aspectos_2016,
	title = {Aspectos de literacidad digital en el desarrollo de los {Entornos} {Personales} de {Aprendizaje} ({PLE}) en el área de {Lengua} y {Literatura}},
	url = {http://rua.ua.es/dspace/handle/10045/61841},
	urldate = {2021-08-13},
	publisher = {Octaedro},
	author = {Rovira-Collado, José and Hernández Ortega, José},
	year = {2016},
}

@incollection{de_amo_diseno_nodate,
	address = {Valencia},
	title = {Diseño y análisis del cuestionario “Conocimiento, uso y aceptación de recursos educativos tic en clase de literatura” aplicado a profesores de Educación Secundaria},
	booktitle = {La lectura y la escritura como prácticas sociales en la cultura digital},
	publisher = {Tirant lo Blanch},
	author = {Ruiz-Domínguez, M. M. and Rodríguez-Muñoz, F. J.},
	editor = {De Amo, J. M.},
	year = {2021},
	pages = {163-186},
}

@article{sa_covid-19_2020,
	title = {{COVID}-19 and the {Promotion} of {Digital} {Competences} in {Education}},
	volume = {8},
	url = {http://www.hrpub.org/journals/article_info.php?aid=9799},
	doi = {10.13189/ujer.2020.081020},
	number = {10},
	urldate = {2021-08-13},
	journal = {Universal Journal of Educational Research},
	author = {Sá, María José and Serpa, Sandro},
	month = oct,
	year = {2020},
	pages = {4520--4528},
}

@inproceedings{sanchez_prieto_intencion_2015,
	address = {Setúbal},
	title = {Intención de uso de tecnologías mobiles entre los profesores en formación. {Aplicación} de un modelo de adopción tecnológica basado en {TAM} con los constructos compatibilidad y resistencia al cambio.},
	url = {https://repositorio.grial.eu/handle/grial/488},
	urldate = {2021-08-13},
	booktitle = {Atas do {XVII} {Simpósio} {Internacional} de {Informática} {Educativa} ({SIIE}’15)},
	publisher = {Escola Superior de Educação do Instituto Politécnico de Setúbal},
	author = {Sánchez Prieto, José Carlos and Olmos Migueláñez, Susana and García-Peñalvo, Francisco J.},
	editor = {Rodrigues, M. R. and Nistal, M. L. and Figueiredo, M.},
	month = nov,
	year = {2015},
	pages = {260--267},
}

@book{scolari_adolescentes_2018,
	address = {Barcelona},
	title = {Adolescentes, medios de comunicación y culturas colaborativas. {Aprovechando} las competencias transmedia de los jóvenes en el aula},
	url = {https://www.fundacionluminis.org.ar/biblioteca/adolescentes-medios-de-comunicacion-y-culturas-colaborativas-aprovechando-las-competencias-transmedia-de-los-jovenes-en-el-aula},
	abstract = {Ver también: Alfabetización Transmedia: Recursos},
	urldate = {2021-08-13},
	publisher = {Universitat Pompeu Fabra},
	editor = {Scolari, Carlos},
	year = {2018},
}

@article{suarez_rodriguez_competencias_2010,
	title = {Las competencias en {TIC} del profesorado y su relación con el uso de los recursos tecnológicos},
	volume = {18},
	url = {https://dialnet.unirioja.es/servlet/articulo?codigo=3199091},
	number = {1},
	urldate = {2021-08-13},
	journal = {Archivos Analíticos de Políticas Educativas=Education Policy Analysis Archives},
	author = {Suárez Rodríguez, Jesús M.  and Almerich Cerveró, Gonzalo  and Gargallo López, Bernardo  and Aliaga Abad, Francisco },
	year = {2010},
	pages = {1},
}

@article{suarez_rodriguez_competencias_2012,
	title = {Competencias del profesorado en las {TIC}. {Influencia} de factores personales y contextuales},
	volume = {11},
	issn = {2011-2777, 1657-9267},
	url = {https://revistas.javeriana.edu.co/index.php/revPsycho/article/view/997},
	doi = {10.11144/Javeriana.upsy11-1.cpif},
	number = {1},
	urldate = {2021-08-13},
	journal = {Universitas Psychologica},
	author = {Suárez Rodríguez, Jesús M. and Almerich, Gonzalo and Díaz-García, Isabel and Fernández-Piqueras, Rocío},
	year = {2012},
	pages = {293--309},
}

@book{torres_habitos_2018,
	address = {La Paz},
	title = {Hábitos de lectura, uso de internet y comprensión lectora. {Un} análisis de estudio de caso con estudiantes de secundaria del {Colegio} {Saint} {Peter}’s},
	publisher = {Centro Psicopedagógico de Investigación en Educación Superior, Universidad Mayor de San Andrés},
	author = {Torres, Ludwing},
	year = {2018},
}

@inproceedings{valero_gomez_educacion_2016,
	title = {Educación, tecnología y alumnado. {La} lectura mediante las redes sociales},
	url = {https://dialnet.unirioja.es/servlet/articulo?codigo=6065799},
	abstract = {Autorías: Manuel Valero Gómez, Míriam Granados Pérez.
Localización: Tecnología, innovación e investigación en los procesos de enseñanza-aprendizaje, 2016.
Artículo de Libro en Dialnet.},
	urldate = {2021-08-13},
	booktitle = {Tecnología, innovación e investigación en los procesos de enseñanza-aprendizaje, 2016, {ISBN} 978-84-9921-848-9, págs. 1432-1440},
	publisher = {Octaedro},
	author = {Valero Gómez, Manuel and Granados Pérez, Míriam},
	year = {2016},
	pages = {1432--1440},
}

@incollection{vuorikari__digcomp_2016,
	address = {Luxemburgo},
	title = {{DigComp} 2.0: {The} {Digital} {Competence} {Framework} for {Citizens}. {Update} {Phase} 1: {The} {Conceptual} {Reference} {Model}},
	url = {https://publications.jrc.ec.europa.eu/repository/handle/JRC101254},
	urldate = {2021-08-13},
	booktitle = {{JRC} {Publications} {Repository} },
	publisher = {Publications Office of the European Union},
	author = {Vuorikari , R. and Punie , Y. and Carretero Gomez , S. and Van Den Brande , G.},
	year = {2016},
}