
@book{adorno_dialetica_1985,
	address = {Rio de Janeiro},
	title = {Dialética do esclarecimento: fragmentos filosóficos},
	isbn = {9788585061166},
	publisher = {Zahar},
	author = {Adorno, Theodor W. and Horkheimer, Max},
	year = {1985},
}

@misc{aladim_revisao_2021,
	title = {Revisão de redação para o {ENEM} 2020 + dica de vestibular online!},
	url = {https://www.youtube.com/watch?v=U1oFBNabLcg},
	urldate = {2023-12-22},
	author = {Aladim, Debora},
	year = {2021},
}

@misc{araujo_meu_2021,
	title = {Meu modelo de redação nota 1000 para {ENEM} 2021},
	url = {https://www.youtube.com/watch?v=SCnd-ynVNnA},
	urldate = {2023-12-22},
	author = {Araujo, Felipe},
	year = {2021},
}

@incollection{azevedo_agendamento_2004,
	address = {Salvador},
	title = {Agendamento da {Política}},
	booktitle = {Comunicação e {Política}: conceitos e abordagens},
	publisher = {Edufba},
	author = {Azevedo, Fernando Antônio},
	editor = {Rubim, A. A. C.},
	year = {2004},
}

@article{bonini_metodologias_2002,
	title = {Metodologias do ensino de producäo textual: a perspectiva da enunciacäo e o papel da psicolinguística},
	volume = {20},
	copyright = {Copyright (c) 2002 Adair Bonini},
	issn = {2175-795X},
	url = {https://periodicos.ufsc.br/index.php/perspectiva/article/view/10366},
	doi = {10.5007/%x},
	number = {1},
	urldate = {2023-12-22},
	journal = {Perspectiva},
	author = {Bonini, Adair},
	month = jan,
	year = {2002},
	pages = {23--47},
}

@misc{brasil_lei_1961,
	title = {Lei nº 4.024, de 20 de dezembro de 1961. {Fixa} as {Diretrizes} e {Bases} da {Educação} {Nacional}},
	url = {http://www.planalto.gov.br/ccivil_03/leis/L4024.htm},
	urldate = {2023-12-22},
	author = {{Brasil}},
	year = {1961},
	note = {publisher: Brasília/DF: Presidência da República},
}

@misc{brasil_decreto_1977,
	title = {Decreto nº 79.298, de 24 de {Fevereiro} de 1977. {Altera} o {Decreto} nº 68.908, de 13 de julho de 1971, e dá outra providências},
	url = {https://www2.camara.leg.br/legin/fed/decret/1970-1979/decreto-79298-24-fevereiro-1977-428202-publicacaooriginal-1-pe.html},
	urldate = {2023-12-22},
	author = {{Brasil}},
	year = {1977},
	note = {publisher: Brasília/DF: Presidência da República},
}

@book{brasil_redacao_2022,
	address = {Brasília},
	title = {A redação no {Enem} 2022: cartilha do participante},
	author = {{Brasil} and {Instituto Nacional de Estudos e Pesquisas Educacionais Anísio Teixeira (Inep)}},
	year = {2022},
}

@incollection{bunzen_da_2006,
	address = {São Paulo},
	title = {Da era da composição à era dos gêneros: o ensino de produção de texto no ensino médio},
	booktitle = {Português no ensino médio e formação do professor},
	publisher = {Parábola Editorial},
	author = {Bunzen, Clécio},
	editor = {Bunzen, Clécio and Mendonça, Mércia and Kleiman, Angela B.},
	year = {2006},
	pages = {139--161},
}

@book{castells_internet_2002,
	address = {Oxford ; New York},
	title = {The {Internet} {Galaxy}: {Reflections} on the {Internet}, {Business}, and {Society}},
	isbn = {9780199241538},
	publisher = {OUP Oxford},
	author = {Castells, Manuel},
	year = {2002},
}

@incollection{castells_informationalism_2004,
	address = {Northampton},
	title = {Informationalism, {Networks} and e {Network} {Society}: a theoretical blueprint},
	booktitle = {The {Network} {Society}: {A} {Cross}-{Cultural} {Perspective}},
	publisher = {Edward Elgar Publishing},
	author = {Castells, Manuel},
	editor = {Castells, Manuel},
	year = {2004},
}

@article{charaudeau_os_2017,
	title = {Os estereótipos, muito bem. {Os} imaginários, ainda melhor},
	volume = {7},
	copyright = {Direitos autorais 2017 Entrepalavras},
	issn = {2237-6321},
	url = {http://www.entrepalavras.ufc.br/revista/index.php/Revista/article/view/857},
	doi = {10.22168/2237-6321.7.7.1.571-591},
	number = {1},
	urldate = {2023-12-22},
	journal = {Entrepalavras},
	author = {Charaudeau, Patrick},
	month = sep,
	year = {2017},
	keywords = {Tradução. Patrick CHARAUDEAU.},
	pages = {571--591},
}

@book{charaudeau_discurso_2018,
	address = {São Paulo},
	edition = {2. ed., 4a reimpressão},
	title = {Discurso político},
	publisher = {Contexto},
	author = {Charaudeau, Patrick},
	translator = {Komesu, Fabiana and Cruz, Dilson Ferreira da},
	year = {2018},
}

@book{charaudeau_conquista_2020,
	address = {São Paulo},
	title = {A conquista da opinião pública: como o discurso manipula as escolhas políticas},
	isbn = {9788572449601},
	publisher = {Contexto},
	author = {Charaudeau, Patrick},
	year = {2020},
}

@book{freire_pedagogia_1996,
	address = {São Paulo},
	edition = {21. ed.},
	series = {Coleção {Leitura}},
	title = {Pedagogia da autonomia: saberes necessarios à pratica educativa},
	isbn = {9788521902430},
	publisher = {Paz e Terra},
	author = {Freire, Paulo},
	year = {1996},
}

@incollection{geraldi_concepcoes_1984,
	address = {Cascavel},
	title = {Concepções de {Linguagem} e {Ensino} de {Portugue}̂s},
	booktitle = {Texto na sala de aula},
	publisher = {ASSOESTE},
	author = {Geraldi, João Wanderley},
	editor = {Geraldi, João Wanderley},
	year = {1984},
	pages = {41--48},
}

@article{karhawi_influenciadores_2017,
	title = {Influenciadores digitais: conceitos e práticas em discussão},
	volume = {17},
	number = {12},
	journal = {Communicare},
	author = {Karhawi, Issaaf},
	year = {2017},
	pages = {46--61},
}

@book{maingueneau_analise_2012,
	address = {São Paulo},
	title = {Análise de textos de comunicação},
	publisher = {Cortez},
	author = {Maingueneau, Dominique},
	translator = {Souza- e-Silva, Cecília P. de and Rocha, Décio},
	year = {2012},
}

@misc{oliveira_verdadeira_2021,
	title = {A verdadeira estrutura da {Redação} {Enem}},
	url = {https://www.youtube.com/watch?v=jN1PzHGxom0},
	urldate = {2023-12-22},
	author = {Oliveira, Noslen Borges de},
	year = {2021},
}

@article{procopio_os_2009,
	title = {Os imaginários sócio-discursivos sobre o homem do campo difundidos pelos quadrinhos de {Chico} {Bento}},
	volume = {22},
	url = {https://periodicos.ufpe.br/revistas/INV/article/view/1356/0},
	number = {2},
	urldate = {2023-12-22},
	journal = {Revista Investigações},
	author = {Procópio, Mariana Ramalho},
	year = {2009},
	pages = {181--203},
}

@article{resende_professores_2020,
	title = {Professores ou influenciadores digitais? {Refletindo} sobre o uso das mídias digitais como complemento do ensino durante a pandemia de {Covid}-19.},
	volume = {7},
	copyright = {Copyright (c) 2020 Revista Comunicação, Cultura e Sociedade},
	issn = {2317-7519},
	url = {https://periodicos.unemat.br/index.php/ccs/article/view/5085},
	doi = {10.30681/rccs.v7i1.5085},
	number = {1},
	urldate = {2023-12-22},
	journal = {Revista Comunicação, Cultura e Sociedade},
	author = {Resende, Vitor Lopes},
	month = dec,
	year = {2020},
	keywords = {Influenciadores digitais. Cultura digital. Professores. Midiatização. Covid-19.},
	pages = {024--041},
}

@phdthesis{vicentini_redaco_2015,
	address = {Campinas},
	type = {Dissertação ({Mestrado} em {Lingui}́stica {Aplicada})},
	title = {A redação no {ENEM} e a redação no 3° ano do {Ensino} {Me}́dio: efeitos retroativos nas práticas de ensino da escrita},
	school = {Instituto de Estudos da Linguagem, Unicamp},
	author = {Vicentini, Monica Panigassi},
	year = {2015},
}

@article{yunes_representacoes_2019,
	title = {Representações sociais e os novos padrões estéticos e ideológicos das influenciadoras digitais: {Uma} análise de impacto na sociedade brasileira},
	volume = {24},
	copyright = {Copyright (c) 2019 Educação, Ciência e Cultura},
	issn = {2236-6377},
	url = {https://revistas.unilasalle.edu.br/index.php/Educacao/article/view/5553},
	doi = {10.18316/recc.v24i3.5553},
	number = {3},
	urldate = {2023-12-22},
	journal = {Educação, Ciência e Cultura},
	author = {Yunes, Mariana Mattar and Rosa, Gabriel Celestino and Taschetto, Leonidas Roberto},
	month = nov,
	year = {2019},
	keywords = {Representação Social, Influência, Digital, Rede, Estética, Estereótipo},
	pages = {273--284},
}

@incollection{maingueneau_proposito_2008,
	address = {São Paulo},
	title = {A propósito do ethos},
	booktitle = {Ethos discursivo},
	publisher = {Contexto},
	author = {Maingueneau, Dominique},
	editor = {Motta, Ana Raquel and Salgado, Luciana},
	year = {2008},
	pages = {11--29},
}