@phdthesis{almeida2018,
	address = {Maranhão},
	type = {Artigo apresentado ao curso de {Licenciatura} em {Informática}},
	title = {Aplicativos {Educacionais}: {Uma} análise sobre o aplicativo duolingo no aprendizado do idioma inglês},
	url = {https://monografias.ufma.br/jspui/bitstream/123456789/2774/1/JonathanRuanAlmeida.pdf},
	urldate = {2021-06-19},
	school = {Universidade Federal do Maranhão},
	author = {Almeida, Jonathan Ruan Ribeiro and Lima, Alex de Sousa},
	year = {2018}
}
@book{bannell2016,
	address = {Rio de Janeiro},
	title = {Educação no século {XXI}: {Cognição}, tecnologias e aprendizagens},
	shorttitle = {Educação no século {XXI}},
	publisher = {Editora PUC, Editora Vozes},
	author = {Bannell, Ralph Ings and Duarte, Rosália and Carvalho, Cristina and Marafon, Giovanna and Campos, Gilda Helena B. de and Pischetola, Magda},
	month = jan,
	year = {2016}
}
@incollection{bourdieu1983,
	edition = {Renato Ortiz},
	title = {Esboço de uma {Teoria} da {Prática}},
	booktitle = {Pierre {Bourdieu}: {Sociologia}},
	author = {Bourdieu, Pierre},
	year = {1983},
	pages = {46-81}
}
@phdthesis{censi2017,
	address = {Salvador},
	type = {Dissertação ({Mestrado})},
	title = {Aplicativos móveis e praticantes de língua inglesa: diálogos com um cotidiano escolar em {Feira} de {Santana} – {BA}},
	url = {http://www.saberaberto.uneb.br/bitstream/20.500.11896/656/1/Luciana%20Censi.pdf},
	urldate = {2021-06-19},
	school = {Universidade do Estado da Bahia},
	author = {Censi, Luciana de Jesus Lessa},
	year = {2017}
}
@book{gardner2014,
	address = {Ciudad Autónoma de Buenos Aires},
	title = {La generación app: cómo los jóvenes gestionan su identidad, su privacidad y su imaginación en el mundo digital},
	publisher = {Paidós},
	author = {Gardner, Howard and Davis, Katie},
	year = {2014},
}
@book{jenkins2008,
	address = {São Paulo},
	title = {Cultura da {Convergência}},
	publisher = {Aleph},
	author = {Jenkins, Henry},
	year = {2008},
}
@book{karsenti2014,
	address = {Laval (Québec)},
	title = {The {iPad} at {School}: {From} {Adoption} to {Innovation}},
	publisher = {Éditions Grand Duc},
	author = {Karsenti, Thierry and Fiévez, Aurélien},
	year = {2014},
}
@phdthesis{liz2015,
	address = {Londrina},
	type = {Dissertação de {Mestrado}},
	title = {Tecnologia móvel no ensino e aprendizagem de língua inglesa na escola},
	url = {http://repositorio.utfpr.edu.br/jspui/bitstream/1/2168/1/LD_PPGEN_M_Liz%2C%20Nevton%20de_2015.pdf},
	urldate = {2021-06-19},
	school = {Universidade Tecnológica Federal do Paraná},
	author = {Liz, Nevton},
	year = {2015},
}
@article{lu2014,
	title = {Learning {Chinese} {Characters} via {Mobile} {Technology} in a {Primary} {School} {Classroom}},
	url = {http://hub.hku.hk/handle/10722/216984},
	urldate = {2021-06-19},
	author = {Lu, J. and Meng, S. and Tam, V. W. L.},
	year = {2014},
}
@article{macias2016,
	title = {Aplicaciones {Puolingo} y {Wlingua} y su influencia en el proceso de enseñanza-aprendizaje del idioma inglés en los estudiantes de primero de bachillerato de la unidad educativa ventanas del cantón ventanas, los ríos, en el periodo lectivo 2015 - 2016},
	copyright = {openAccess},
	url = {http://dspace.utb.edu.ec/handle/49000/1915},
	urldate = {2021-06-19},
	author = {Macias, Vega and Miguel, José},
	year = {2016},
}
@mastersthesis{magali2017,
	title = {M-learning apps en el desarrollo de la producción oral del idioma inglés en el estudiantado del tercer año de bachillerato general unificado del {Colegio} {Amazonas} en el período 2016-2017},
	type = {Proyecto de Investigación presentado como requisito previo a la obtención del título de Licenciada en Ciencias de la Educación},
	author = {Magali, Unda Erazo Yesenia},
	school = {Universidade Central Del Ecuador},
	month = may,
	year = {2017},
}
@phdthesis{montes2018,
	title = {Implementación de la plataforma virtual duolingo.com en los procesos de enseñanza y aprendizaje del inglés},
	type = {Trabajo de grado - Maestría},
	school = {Facultad de Ingeniería y Administración Maestría en Enseñanza de las Ciencias Exactas y Naturales, Universidad Nacional de Colombia},
    url = {https://repositorio.unal.edu.co/handle/unal/63730},
	urldate = {2021-06-19},
	author = {Montes, Juan Carlos Rodríguez},
	month = jan,
	year = {2018},
}
@phdthesis{nascimento2017,
	address = {João Pessoa},
	type = {Dissertação de mestrado},
	title = {O uso de aplicativos móveis como ferramenta pedagógica no ensino-aprendizagem de língua inglesa},
	url = {https://repositorio.ufpb.br/jspui/bitstream/123456789/12046/1/Arquivototal.pdf},
	urldate = {2021-06-19},
	school = {Universidade Federal da Paraíba},
	author = {Nascimento, Karoline Costa},
	year = {2017},
}
@phdthesis{redondo2017,
	type = {Trabajo de fin de máster},
	title = {Audio {Trainer} {Play}: diseño de uma aplicación gamificada para el desarollo de las destrezas auditivas en um contexto de enseñanza secundaria},
	url = {https://www.semanticscholar.org/paper/Audio-Trainer-Play\%3A-design-of-a-gamified-app-for-of-Redondo-José./14eac837fbebe43bea96f6bab59b01feeddd793b},
	urldate = {2021-06-19},
	school = {Facultad de Filología, UNED},
	author = {Redondo, Juan José Magaña},
	year = {2017},
}
@phdthesis{rodrigues2014,
	address = {Recife},
	type = {Dissertação de mestrado},
	title = {{EnglishGap}: aplicativo móvel para o ensino de {Língua} {Inglesa}},
	url = {http://ww5.ead.ufrpe.br/ppgteg/pdf/2015/dissertacoes/Sarah_Jackelliny.pdf},
	urldate = {2021-06-19},
	school = {Universidade Federal Rural de Pernambuco},
	author = {Rodrigues, Sarah Jackelliny da Silva},
	year = {2014},
}
@book{perezgomez2012,
	address = {Madrid},
	title = {Educarse en la era digital},
	publisher = {Morata},
	author = {Pérez Gómez, Ángel I.},
	month = jul,
	year = {2012},
}
@article{rother2007,
	title = {Revisão sistemática {X} revisão narrativa},
	volume = {20},
	url = {http://www.scielo.br/scielo.php?script=sci_arttext&pid=S0103-21002007000200001&lng=pt&tlng=pt},
	doi = {10.1590/S0103-21002007000200001},
	number = {2},
	urldate = {2021-06-19},
	journal = {Acta Paulista de Enfermagem},
	author = {Rother, Edna Terezinha},
	month = jun,
	year = {2007},
	pages = {5-6},
}
@book{saccol2011,
	address = {São Paulo},
	title = {M-learning e {U}-learning: {Novas} {Perspectivas} da {Aprendizagem} {Móvel} e {Ubíqua}},
	shorttitle = {M-learning e {U}-learning},
	publisher = {Pearson Prentice Hall},
	author = {Saccol, Eliane and Schlemmer, Amarolinda and Barbosa, Jorge},
	year = {2011},
}
@book{santaella2007,
	address = {São Paulo},
	title = {Linguagens {Líquidas} na era da {Mobilidade}},
	publisher = {Paulus},
	author = {Santaella, Lucia},
	year = {2007},
}
@book{suarez2019,
	title = {{APPS4CAV} - {Creación} audiovisual con dispositivos móviles},
	url = {https://dialnet.unirioja.es/servlet/libro?codigo=732813},
	urldate = {2021-06-19},
	publisher = {LMI},
	author = {Suárez Gómez, Rafael  and Grané Oró, Mariona  and Tarragó, Anna},
	year = {2019},
}
@misc{unesco,
	title = {Diretrizes de {Políticas} da {UNESCO} para a aprendizagem móvel},
	url = {https://unesdoc.unesco.org/ark:/48223/pf0000227770_por},
	urldate = {2021-06-19},
	author = {UNESCO},
	year = {2013}
}
@mastersthesis{ximena2017,
	title = {Applications app/aplicaciones móviles en el proceso enseñanza- aprendizaje del idioma inglés en estudiantes de noveno año de educación general básica de la unidad educativa {Los} {Shyris}},
	type = {Trabajo de investigación prévio a la obtención del título de Licenciada em Ciencia de la Educación, mención inglês},
	school = {Universidade Central Del Ecuador},
	author = {Ximena, Barahona Lagla Nidia},
	month = feb,
	year = {2017},
}
@misc{hickey2015,
	title = {Learning the {Duolingo} – how one app speaks volumes for language learning},
	url = {http://www.theguardian.com/business/2015/mar/08/learning-the-duolingo-how-one- app-speaks- volumes-for-language-learning},
	urldate = {2019-03-09},
	journal = {The Guardian},
	author = {{Hickey}},
	year = {2015},
}
@misc{cetic2017,
	title = {Celular torna-se o principal dispositivo de acesso a internet.},
	url = {https://www.cetic.br/noticia/celular-torna-se-o-principal-dispositivo-de-acesso-a-internet-aponta- cetic-br/},
	urldate = {2019-06-26},
	author = {{CETIC}},
	year = {2017},
}
@book{schon2000,
	address = {Porto Alegre},
	title = {Educando o profissional reflexivo: um novo design para o ensino e a aprendizagem.},
	publisher = {Artes Médicas Sul},
	author = {Schön, Donald},
	translator = {Costa, Roberto Cataldo},
	year = {2000},
}