@article{arroyo-almaraz_community_2018,
	title = {Los community managers de las ONGD. Estudio de percepciones y usos de las redes sociales},
	volume = {16},
	url = {https://icono14.net/ojs/index.php/icono14/article/view/1189},
	doi = {10.7195/ri14.v16i2.1189},
	number = {2},
	urldate = {2021-03-17},
	journal = {Revista ICONO14 Revista científica de Comunicación y Tecnologías emergentes},
	author = {Arroyo-Almaraz, Isidoro and Calle Mendoza, Samuel},
	month = jul,
	year = {2018},
	pages = {121--142}
}

@article{banos_gonzalez_comunicaciones_2017,
	title = {Las comunicaciones en el nuevo paradigma de marketing. Experiencias, relevancia, engagement y personalización. Presentación},
	volume = {15},
	url = {https://icono14.net/ojs/index.php/icono14/article/view/1098},
	doi = {10.7195/ri14.v15i2.1098},
	number = {2},
	urldate = {2021-03-17},
	journal = {Revista ICONO14 Revista científica de Comunicación y Tecnologías emergentes},
	author = {Baños González, Miguel and De Aguilera Moyano, Joaquín},
	month = jul,
	year = {2017},
	pages = {1--15}
}

@article{barrios_rubio_comunicador_2014,
	title = {El comunicador en el entorno digital},
	url = {http://ojs.uc.cl/index.php/cdi/article/view/22793},
	doi = {10.7764/cdi.34.519},
	number = {34},
	urldate = {2021-03-17},
	journal = {Cuadernos.info},
	author = {Barrios Rubio, Andrés},
	year = {2014},
	pages = {165--181}
}

@article{bustamante_alonso_acercamiento_2017,
	title = {Un acercamiento al Big Data y su utilización en comunicación},
	volume = {16},
	url = {https://revistas.ucm.es/index.php/MESO/article/view/58112},
	doi = {10.5209/MESO.58112},
	urldate = {2021-03-17},
	journal = {Mediaciones Sociales},
	author = {Bustamante Alonso, Nikoletta B.  and Guillén Alonso, Sara Thais},
	month = nov,
	year = {2017},
	pages = {115--134}
}

@article{castells_prefacio:_2011,
	title = {Autocomunicación de masas y movimientos sociales en la era de Internet},
	volume = {1},
	url = {https://revistes.ub.edu/index.php/ACS/article/view/6235},
	number = {1},
	urldate = {2021-03-17},
	journal = {Anuario del Conflicto Social},
	author = {Castells, Manuel},
	year = {2011}
}

@article{chetty_case_1996,
	title = {The Case Study Method for Research in Small-and Medium-Sized Firms},
	volume = {15},
	url = {https://doi.org/10.1177/0266242696151005},
	doi = {10.1177/0266242696151005},
	number = {1},
	urldate = {2021-03-17},
	journal = {International Small Business Journal},
	author = {Chetty, Sylvie},
	month = oct,
	year = {1996},
	pages = {73--85}
}

@article{clapham_publish_2005,
	title = {Publish or Perish},
	volume = {55},
	url = {https://academic.oup.com/bioscience/article/55/5/390-391/225945},
	doi = {10.1641/0006-3568(2005)055[0390:POP]2.0.CO;2},
	number = {5},
	urldate = {2021-03-17},
	journal = {BioScience},
	author = {Clapham, Phil},
	year = {2005},
	pages = {390}
}

@misc{fed_foro_de_economia_digital_herramientas_2016,
	title = {Herramientas para analizar el tráfico web de la competencia},
	url = {https://foroeconomiadigital.com/blog/herramientas-para-analizar-el-trafico-de-la-competencia/},
	urldate = {2021-03-17},
	author = {{FED Foro de Economía Digital}},
	month = feb,
	year = {2016}
}

@article{ferrer_gonzalez_comportamiento_2018,
	title = {Comportamiento del consumidor 2.0: nuevas realidades en entornos digitales},
	volume = {7},
	url = {http://ojs.urbe.edu/index.php/market/article/view/2727},
	number = {1},
	urldate = {2021-03-17},
	journal = {Marketing Visionario},
	author = {Ferrer Gonzalez, Luigi Jose},
	month = may,
	year = {2018},
	pages = {141--155}
}

@article{garcia_hernandez_rhetoric_2017,
	title = {Rhetoric and scientific disclosure. A proposal for the web of biotechnology companies},
	volume = {17},
	url = {http://atheneadigital.net/article/view/v17-n1-garcia-martinez-victoria},
	doi = {10.5565/rev/athenea.1710},
	number = {1},
	urldate = {2021-03-17},
	journal = {Athenea Digital. Revista de pensamiento e investigación social},
	author = {García Hernández, María Luisa and Martínez-Rodrigo, Estrella and Victoria Mas, Juan Salvador},
	month = mar,
	year = {2017},
	pages = {269}
}

@article{hernandez_diaz_reclutamiento_2014,
	title = {Reclutamiento y selección a través de las redes sociales Facebook y LinkedIn (análisis preliminar)},
	volume = {18},
	url = {https://dialnet.unirioja.es/servlet/articulo?codigo=6025686},
	number = {38},
	urldate = {2021-03-17},
	journal = {Oikos: Revista de la Escuela de Administración y Economía},
	author = {Hernández Díaz, Luis Humberto  and Liquidano Rodríguez, Mª del Carmen  and Silva Olvera, María de los Ángeles},
	year = {2014},
	pages = {37--61}
}

@article{holt_privacy_2015,
	title = {The Privacy Ecosystem: Regulating Digital Identity in the United States and European Union},
	volume = {5},
	url = {http://www.jstor.org/stable/10.5325/jinfopoli.5.2015.0155},
	doi = {10.5325/jinfopoli.5.2015.0155},
	urldate = {2021-03-17},
	journal = {Journal of Information Policy},
	author = {Holt, Jennifer and Malčić, Steven},
	year = {2015},
	pages = {155}
}

@article{iglesias-garcia_cibermedios_2016,
	title = {Los cibermedios y la importancia estratégica del posicionamiento en buscadores (SEO)},
	url = {https://www.redalyc.org/pdf/310/31048482052.pdf},
	number = {Extra 9},
	journal = {Opción: Revista de Ciencias Humanas y Sociales},
	author = {Iglesias-García, Mar and Codina, Lluís},
	year = {2016},
	pages = {929--944}
}

@article{lopezosa_off-page_2019,
	title = {Off-page SEO and link building: General strategies and authority transfer in the digital news media},
	volume = {28},
	url = {https://revista.profesionaldelainformacion.com/index.php/EPI/article/view/epi.2019.ene.07},
	doi = {10.3145/epi.2019.ene.07},
	number = {1},
	urldate = {2021-03-17},
	journal = {Profesional de la Información},
	author = {Lopezosa, Carlos and Codina, Lluís and Gonzalo-Penela, Carlos},
	month = jan,
	year = {2019}
}

@article{mandia-rubal_implantacion_2019,
	title = {La implantación de internet en la gestión de perfiles profesionales en investigación científica},
	volume = {12},
	url = {https://periodicos.ufmg.br/index.php/textolivre/article/view/16861},
	doi = {10.17851/1983-3652.12.3.144-167},
	number = {3},
	urldate = {2021-03-17},
	journal = {Texto Livre: Linguagem e Tecnologia},
	author = {Mandiá-Rubal, Sara and López-Ornelas, Maricela and Túñez-López, José Miguel},
	month = dec,
	year = {2019},
	pages = {144--167}
}

@article{martinez_carazo_metodo_2006,
	title = {El método de estudio de caso. Estrategia metodológica de la investigación científica},
	url = {https://www.redalyc.org/pdf/646/64602005.pd},
	number = {20},
	journal = {Revista científica Pensamiento y Gestión},
	author = {Martínez Carazo, Piedad Cristina},
	year = {2006},
	pages = {165--193}
}

@article{meishar-tal_why_2017,
	title = {Why do academics use academic social networking sites?},
	volume = {18},
	url = {https://www.learntechlib.org/p/180099/},
	number = {1},
	urldate = {2021-03-17},
	journal = {The International Review of Research in Open and Distributed Learning},
	author = {Meishar-Tal, Hagit and Pieterse, Efrat},
	month = feb,
	year = {2017}
}

@misc{noauthor_muck_nodate,
	title = {Muck Rack for journalists and public relations},
	author = {Muck Rack},
	year = {2020},
	url = {https://muckrack.com},
	urldate = {2021-03-17}
}

@article{peacock_typing_2004,
	title = {Typing patterns: a key to user identification},
	volume = {2},
	doi = {10.1109/MSP.2004.89},
	number = {5},
	journal = {IEEE Security Privacy},
	author = {Peacock, A. and Xian, Ke and Wilkerson, M.},
	month = sep,
	year = {2004},
	pages = {40--47}
}

@article{proietti_experimental_2019,
	title = {Experimental test of local observer-independence},
	volume = {5},
	url = {http://arxiv.org/abs/1902.05080},
	doi = {10.1126/sciadv.aaw9832},
	number = {9},
	urldate = {2021-03-17},
	journal = {Science Advances},
	author = {Proietti, Massimiliano and Pickston, Alexander and Graffitti, Francesco and Barrow, Peter and Kundys, Dmytro and Branciard, Cyril and Ringbauer, Martin and Fedrizzi, Alessandro},
	month = sep,
	year = {2019},
	pages = {eaaw9832}
}

@article{russell_highly_2007,
	title = {Highly visible science: a look at three decades of research from Argentina, Brazil, Mexico and Spain},
	volume = {32},
	url = {https://www.redalyc.org/articulo.oa?id=33932910},
	number = {9},
	urldate = {2021-03-17},
	journal = {Interciencia},
	author = {Russell, Jane M. and Río, J. Antonio del and Cortés, Héctor D.},
	year = {2007},
	pages = {629--634}
}

@article{salazar-corrales_marketing_2017,
	title = {El marketing digital y su influencia en la administración empresarial},
	volume = {4},
	url = {https://dominiodelasciencias.com/ojs/index.php/es/article/view/617},
	doi = {10.23857/dc.v4i3 Especial.617},
	number = {3 Especial},
	urldate = {2021-03-17},
	journal = {Dominio de las Ciencias},
	author = {Salazar-Corrales, Angelita M. and Paucar-Coque, Lorena M. and Borja-Brazales, Yadira P.},
	month = jul,
	year = {2017},
	pages = {1161--1171}
}

@book{segui_simarro_estrategias_2015,
	address = {Valencia},
	title = {Estrategias de divulgación científica.},
	url = {http://public.ebookcentral.proquest.com/choice/publicfullrecord.aspx?p=3430450},
	urldate = {2021-03-17},
	publisher = {Editorial de la Universidad Politécnica de Valencia},
	author = {Seguí Simarro, Jose María and Poza Luján, José Luís and Mulet Salort, José Miguel},
	year = {2015}
}

@misc{noauthor_semrush_nodate,
	title = {Semrush Content Marketplace: FAQ},
	url = {https://es.semrush.com/marketplace/faq/},
    urldate = {2021-03-17},
	journal = {Semrush}
}

@article{siso_calvo_plataformas_2020,
	title = {Plataformas digitales y reputación académica},
	volume = {14},
	url = {https://ibersid.eu/ojs/index.php/ibersid/article/view/4692},
	number = {1},
	urldate = {2021-03-17},
	journal = {Ibersid: revista de sistemas de información y documentación},
	author = {Siso Calvo, Brenda and Arquero Avilés, Rosario},
	month = jun,
	year = {2020},
	pages = {69--77}
}

@article{siso_calvo_estrategias_2018,
	title = {Estrategias y recursos de difusión y promoción digital de la investigación en el sistema universitario español. Análisis de las universidades públicas a través de su web institucional},
	volume = {28},
	url = {https://revistas.ucm.es/index.php/RGID/article/view/60815},
	doi = {10.5209/RGID.60815},
	number = {1},
	urldate = {2021-03-17},
	journal = {Revista General de Información y Documentación},
	author = {Siso Calvo, Brenda and Arquero Avilés, Rosario and Marco Cuenca, Gonzalo},
	year = {2018},
	pages = {95--117}
}

@article{sule_alonso_mk-2.0:_2010,
	title = {MK-2.0: Secretos a voces del social-media},
	url = {http://revpubli.unileon.es/ojs/index.php/Pecvnia/article/view/771},
	doi = {10.18002/pec.v0i2010.771},
	number = {2010},
	urldate = {2021-03-17},
	journal = {Pecvnia : Revista de la Facultad de Ciencias Económicas y Empresariales, Universidad de León},
	author = {Sulé Alonso, María Aránzazu and Prieto García, Javier},
	month = dec,
	year = {2010},
	pages = {191--214}
}

@article{tudela_publicar_2013,
	title = {¿Publicar y/o morir? El fraude en la investigación y las publicaciones científicas},
	volume = {17},
	url = {https://personaybioetica.unisabana.edu.co/index.php/personaybioetica/article/view/2551},
	number = {1},
	urldate = {2021-03-17},
	journal = {Persona y Bioética},
	author = {Tudela, Julio and Aznar, Justo},
	month = jun,
	year = {2013},
	pages = {12--27}
}

@article{viteri_luque_importancia_2018,
	title = {Importancia de las Técnicas del Marketing Digital},
	volume = {2},
	url = {https://dialnet.unirioja.es/servlet/articulo?codigo=6732914},
	number = {1},
	urldate = {2021-03-17},
	journal = {RECIMUNDO: Revista Científica de la Investigación y el Conocimiento},
	author = {Viteri Luque, Fernando  and Herrera Lozano, Luis Alemán and Bazurto Quiroz, Antonio Fernando},
	year = {2018},
	pages = {764--783}
}

@article{yacuzzi_estudio_2005,
	title = {El estudio de caso como metodología de investigación: teoría, mecanismos causales, validación},
	url = {https://ucema.edu.ar/publicaciones/download/documentos/296.pdf},
	number = {296},
	journal = {Serie Documentos de Trabajo},
	author = {Yacuzzi, Enrique},
	year = {2005},
	pages = {1--37}
}

@book{yin_case_1989,
	address = {California},
	title = {Case study research and applications: design and methods},
	publisher = {SAGE Publications Inc.},
	author = {Yin, Robert K.},
	year = {1989}
}

@misc{zelada_covid-19_2021,
	title = {COVID-19, un acelerador de la transformación digital},
	url = {https://bit.ly/36u1f2M},
	journal = {Deloitte},
	author = {Zelada, Sandra},
	month = mar,
	year = {2021}
}