@article{recuero2008memes,
    title         = {Memes e din\^{a}micas sociais em weblogs: informa\c{c}\~{a}o, capital social e intera\c{c}\~{a}o em redes sociais na internet},
    author        = {Recuero, Raquel},
    year          = {2008},
    journal       = {Intexto},
    number        = {15},
    pages         = {124–140},
    url           = {https://seer.ufrgs.br/index.php/intexto/article/view/4265},
    urldate       = {2023-08-27},
}

@book{medvedev2012metodo,
    title         = {O m\'{e}todo formal nos estudos liter\'{a}rios: introdu\c{c}\~{a}o cr\'{\i}tica a uma po\'{e}tica sociol\'{o}gica},
    author        = {Medvi\'{e}dev, P\'{a}vel Nikol\'{a}ievitch},
    year          = {2012},
    location      = {S\~{a}o Paulo},
    publisher     = {Contexto},
    translator    = {Ekaterina V\'{o}lkova Am\'{e}rico and Sheila Camargo Grillo},
}

@article{brait2013olhar,
    title         = {Olhar e ler: verbo-visualidade em perspectiva dial\'{o}gica},
    author        = {Brait, Beth},
    year          = {2013},
    month         = {dez},
    journal       = {Bakhtiniana: Revista de Estudos do Discurso},
    volume        = {8},
    number        = {2},
    pages         = {43--66},
    url           = {https://www.scielo.br/j/bak/a/RjfLWT8xz63JrBKXhyw3ZRq/abstract/?lang=pt},
    urldate       = {2022-11-20},
}

@article{souzajunior2015selfienaurna,
    title         = {\#Selfienaurna, memes, imagens e fen\^{o}menos: propaga\c{c}\~{o}es digitais e uma proposta multimodal e semi\'{o}tico-social de an\'{a}lise},
    author        = {Souza J\'{u}nior, Jaime de},
    year          = {2015},
    journal       = {Texto Livre: Linguagem e Tecnologia},
    volume        = {8},
    number        = {2},
    pages         = {1--26},
    url           = {https://periodicos.ufmg.br/index.php/textolivre/article/view/16697/13454},
    urldate       = {2023-08-27},
}

@article{silva2016memes,
    title         = {Mem‌es virtuais: g\^{e}nero do discurso, dialogismo, polifonia e heterogeneidade enunciativa},
    author        = {Silva, Ananias Agostinho da},
    year          = {2016},
    journal       = {Travessias},
    volume        = {10},
    number        = {3},
    pages         = {341--361},
    url           = {https://e-revista.unioeste.br/index.php/travessias/article/view/15111},
    urldate       = {2023-08-27},
}

@article{souzajunior2016lado,
    title         = {O lado `nego' dos memes da internet},
    author        = {Souza J\'{u}nior, Jaime de},
    year          = {2016},
    journal       = {Cadernos de Linguagem e Sociedade},
    volume        = {17},
    number        = {2},
    pages         = {99--121},
    url           = {https://periodicos.unb.br/index.php/les/article/view/4012},
    urldate       = {2023-08-27},
}

@book{bakhtin2016generos,
    title         = {Os g\^{e}neros do discurso},
    author        = {Bakhtin, Mikhail},
    year          = {2016},
    location      = {S\~{a}o Paulo},
    publisher     = {Editora 34},
    editor        = {Paulo Bezerra},
}

@article{maciel2017indistincao,
    title         = {A (in)distin\c{c}\~{a}o entre dialogismo e intertextualidade},
    author        = {Maciel, Lucas Vin\'{\i}cio de Carvalho},
    year          = {2017},
    journal       = {Linguagem em (Dis)curso},
    volume        = {17},
    number        = {1},
    pages         = {137--151},
    url           = {https://www.scielo.br/j/ld/a/9C657GxzHtTSgjd7yb6nkVJ/?lang=pt\&format=html\&stop=next\#},
    urldate       = {2022-11-15},
}

@book{bakhtin2017filosofia,
    title         = {Para uma filosofia do ato respons\'{a}vel},
    author        = {Bakhtin, Mikhail},
    year          = {2017},
    location      = {S\~{a}o Carlos},
    publisher     = {Pedro \& Jo\~{a}o Editores},
    editor        = {Valdemir Miotello and Carlos Alberto Faraco},
}

@book{volochinov2018marxismo,
    title         = {Marxismo e filosofia da linguagem: problemas fundamentais do m\'{e}todo sociol\'{o}gico na ci\^{e}ncia da linguagem},
    author        = {Vol\'{o}chinov, Valentin (C\'{\i}rculo de Bakhtin)},
    year          = {2018},
    location      = {S\~{a}o Paulo},
    publisher     = {Editora 34},
    translator    = {Sheila Grillo and Ekaterina V\'{o}lkova Am\'{e}rico},
}

@book{bakhtin2018problemas,
    title         = {Problemas da po\'{e}tica de Dostoi\'{e}vski},
    author        = {Bakhtin, Mikhail},
    year          = {2018},
    location      = {Rio de Janeiro},
    publisher     = {Forense Universit\'{a}ria},
    translator    = {Paulo Bezerra},
    edition       = {5},
}

@article{silva2019analise,
    title         = {An\'{a}lise dial\'{o}gica da argumenta\c{c}\~{a}o pol\^{e}mica: uma hip\'{o}tese geral},
    author        = {Silva, Lucas Nascimento},
    year          = {2019},
    journal       = {Entrepalavras},
    volume        = {9},
    number        = {1},
    pages         = {151--169},
    url           = {http://www.entrepalavras.ufc.br/revista/index.php/Revista/article/view/1395/576},
    urldate       = {2022-11-20},
}

@article{menezes2019tecnologias,
    title         = {Tecnologias digitais no ensino de l\'{\i}nguas},
    author        = {Menezes, Vera},
    year          = {2019},
    journal       = {Revista da Abralin},
    volume        = {18},
    number        = {1},
    pages         = {1--26},
    url           = {https://revista.abralin.org/index.php/abralin/article/view/1323},
    urldate       = {2023-09-02},
}

@article{maddalena2020meme,
    title         = {O que dizem os memes da educa\c{c}\~{a}o na pandemia? Dilemas e possibilidades formativas},
    author        = {Maddalena, Tania Lucia and Couto Junior, Dilton Ribeiro and Teixeira, Marcelle Medeiros},
    year          = {2020},
    journal       = {Revista Brasileira de Pesquisa (Auto)biogr\'{a}fica},
    volume        = {5},
    number        = {16},
    pages         = {1518--1534},
    url           = {https://www.revistas.uneb.br/index.php/rbpab/article/view/9184},
    urldate       = {2022-07-03},
}

@article{paes2020trabalho,
    title         = {Trabalho docente em tempos de isolamento social: uma an\'{a}lise da percep\c{c}\~{a}o do uso das tecnologias digitais por professores da educa\c{c}\~{a}o b\'{a}sica p\'{u}blica},
    author        = {Paes, Francisco Cleyton de Oliveira and Freitas, Samya Semi\~{a}o},
    year          = {2020},
    journal       = {Revista Linguagem em Foco},
    volume        = {12},
    number        = {2},
    pages         = {129–149},
    url           = {https://revistas.uece.br/index.php/linguagememfoco/article/view/4050},
    urldate       = {2022-11-20},
}

@article{lara2020meme,
    title         = {O meme em material did\'{a}tico: considera\c{c}\~{o}es sobre ensino/aprendizagem de g\^{e}neros do discurso},
    author        = {Lara, Marina Totina de Almeida and Mendon\c{c}a, Marina C\'{e}lia},
    year          = {2020},
    month         = {jun},
    journal       = {Bakhtiniana: Revista de Estudos do Discurso},
    volume        = {15},
    number        = {2},
    pages         = {185--209},
    url           = {https://revistas.pucsp.br/index.php/bakhtiniana/article/view/42169/31615},
    urldate       = {2023-09-02},
}

@incollection{bastos2020narrativas,
    title         = {Narrativas de aprendizagem de ingl\^{e}s em tempos de pandemia},
    author        = {Bastos, Rafael Lira Gomes and Lima, Samuel de Carvalho},
    year          = {2020},
    booktitle     = {Reflex\~{o}es sobre o ensino de l\'{\i}nguas e literatura, forma\c{c}\~{a}o docente e material did\'{a}tico},
    location      = {S\~{a}o Carlos},
    publisher     = {Pedro \& Jo\~{a}o Editores},
    pages         = {75--91},
    editor        = {K\'{a}tia Cristina Cavalcante de Oliveira and Francisca Geane de Albuquerque and Adriana da Silva Ara\'{u}jo and Ana Gl\'{a}udia Jer\^{o}nimo de Santiago},
}

@article{recuero2021discurso,
    title         = {O Discurso Desinformativo sobre a Cura do COVID-19 no Twitter: Estudo de caso},
    author        = {Recuero, Raquel and Soares, Felipe},
    year          = {2021},
    journal       = {E-Comp\'{o}s},
    volume        = {24},
    url           = {https://www.e-compos.org.br/e-compos/article/view/2127},
    urldate       = {2022-07-03},
}

@article{souzajunior2021transmediatisation,
    title         = {Transmediatisation of the Covid-19 crisis in Brazil: the emergence of (bio-/geo-)political repertoires of (re-)interpretation},
    author        = {Souza J\'{u}nior, Jaime de},
    year          = {2021},
    journal       = {Humanities And Social Sciences Communications},
    volume        = {8},
    number        = {1},
    pages         = {1--15},
    url           = {https://www.nature.com/articles/s41599-021-00883-x\#citeas},
    urldate       = {2023-08-26},
}

@article{campos2021concepcao,
    title         = {A concep\c{c}\~{a}o de pol\^{e}mica velada em duas edi\c{c}\~{o}es da obra de Bakhtin sobre Dostoi\'{e}vski},
    author        = {Campos, Maria In\^{e}s Batista},
    year          = {2021},
    month         = {jun},
    journal       = {Bakhtiniana: Revista de Estudos do Discurso},
    volume        = {16},
    number        = {2},
    pages         = {90--108},
    url           = {https://www.scielo.br/j/bak/a/gJkjfhPsKD6X8MJxHtPnJdt/?lang=pt},
    urldate       = {2022-11-20},
}

@article{limaneto2021representacoes,
    title         = {Meme \'{e} g\^{e}nero?: questionamentos sobre o estatuto gen\'{e}rico do meme},
    author        = {Lima-Neto, Vicente},
    year          = {2021},
    journal       = {Trabalhos em Lingu\'{\i}stica Aplicada},
    volume        = {59},
    number        = {3},
    pages         = {2246--2277},
    url           = {https://periodicos.sbu.unicamp.br/ojs/index.php/tla/article/view/8659859},
    urldate       = {2023-09-02},
}

@article{lima2021producao,
    title         = {A produ\c{c}\~{a}o de sentido no discurso jornal\'{\i}stico sobre a pandemia de covid-19 no Brasil},
    author        = {Lima, Samuel de Carvalho and Bastos, Rafael Lira Gomes},
    year          = {2021},
    month         = {ago},
    journal       = {Linguagem em (Dis)Curso},
    volume        = {21},
    number        = {2},
    pages         = {253--265},
    url           = {https://www.scielo.br/j/ld/a/mP6ny5fyCCQW4CLSrpzYHgv/},
    urldate       = {2023-09-02},
}

@article{bastos2021interacoes,
    title         = {Intera\c{c}\~{o}es discursivas em uma aula on-line de l\'{\i}ngua inglesa na plataforma Google Meet},
    author        = {Bastos, Rafael Lira Gomes},
    year          = {2021},
    journal       = {Tabuleiro de Letras},
    volume        = {15},
    number        = {1},
    pages         = {120--137},
    url           = {https://revistas.uneb.br/index.php/tabuleirodeletras/article/view/11387},
    urldate       = {2023-09-02},
}

@article{dias2021maismedicos,
    title         = {Do `Mais M\'{e}dicos' \`{a} pandemia de Covid-19: duplo negacionismo na atua\c{c}\~{a}o da corpora\c{c}\~{a}o m\'{e}dica brasileira},
    author        = {Dias, Henrique Sant'anna and Lima, Luciana Dias de and Lobo, Maria Stella de Castro},
    year          = {2021},
    month         = {dez},
    journal       = {Sa\'{u}de em Debate},
    volume        = {45},
    number        = {2},
    pages         = {92--106},
    url           = {https://www.scielo.br/j/sdeb/a/7vqv8QtYVzyrFg6rZQMTVPg/abstract/?lang=pt},
    urldate       = {2022-11-20},
}

@article{araujo2022projeto,
    title         = {O Projeto de Lei 5595 e o discurso de \'{o}dio: a desconstru\c{c}\~{a}o da carreira docente no contexto pand\^{e}mico},
    author        = {Ara\'{u}jo, Julio and Freitas, Marcos Randall Oliveira de},
    year          = {2022},
    volume        = {37},
    number        = {4},
    url           = {https://revistas.pucsp.br/index.php/delta/article/view/56107},
    urldate       = {2022-07-03},
    journaltitle  = {DELTA: Documenta\c{c}\~{a}o e Estudos em Lingu\'{\i}stica Te\'{o}rica e Aplicada},
}

@article{lima2022reflexao,
    title         = {(Auto) reflex\~{a}o sobre uma aula remota de l\'{\i}ngua inglesa de orienta\c{c}\~{a}o decolonial por meio da an\'{a}lise dial\'{o}gica de memes},
    author        = {Lima, Samuel de Carvalho},
    year          = {2022},
    journal       = {Revista EntreLinguas},
    volume        = {8},
    number        = {00},
    pages         = {1--15},
    url           = {https://periodicos.fclar.unesp.br/entrelinguas/article/view/15160},
    urldate       = {2022-11-16},
}

@article{portoboenavides2022publicacao,
    title         = {Publica\c{c}\~{a}o e recep\c{c}\~{a}o das obras do C\'{\i}rculo de Bakhtin no Brasil: a consolida\c{c}\~{a}o da an\'{a}lise dial\'{o}gica do discurso},
    author        = {Porto Boenavides, D\'{e}bora Luciene},
    year          = {2022},
    journal       = {Bakhtiniana. Revista de Estudos do Discurso},
    volume        = {17},
    number        = {4},
    pages         = {104–131},
    url           = {https://revistas.pucsp.br/index.php/bakhtiniana/article/view/56378},
    urldate       = {2022-11-09},
}

@article{costa2022estudo,
    title         = {Um estudo explorat\'{o}rio sobre o ensino remoto de l\'{\i}ngua inglesa na escola p\'{u}blica potiguar em tempos de pandemia de Covid-19 (2020-2021)},
    author        = {Costa, Jo\~{a}o Walison de Oliveira and Lima, Samuel de Carvalho},
    year          = {2022},
    journal       = {Revista Horizontes de Linguistica Aplicada},
    volume        = {21},
    number        = {1},
    pages         = {1--9},
    url           = {https://periodicos.unb.br/index.php/horizontesla/article/view/42632},
    urldate       = {2022-07-03},
}

@article{bastos2022disputas,
    title         = {As disputas de sentido envolvendo o corpo homossexual masculino caracterizado como urso: um exemplo de an\'{a}lise dial\'{o}gica},
    author        = {Bastos, Rafael Lira Gomes},
    year          = {2022},
    month         = {out},
    journal       = {Bakhtiniana: Revista de Estudos do Discurso},
    volume        = {17},
    number        = {4},
    pages         = {35--56},
    url           = {https://www.scielo.br/j/bak/a/gLZPrztS4f5dW7MKzSMVYrM/abstract/?lang=pt},
    urldate       = {2023-09-02},
}

@article{Bessa2023,
    title         = {Representa\c{c}\~{o}es sobre a escrita do TCC em memes da p\'{a}gina TCC da Depress\~{a}o},
    author        = {Lima, Anny Ang\'{e}lica de Assis Maia de and Silva, Nara Karolina de Oliveira and Bessa, Jos\'{e} Cezinaldo Rocha},
    year          = {2023},
    volume        = {17},
    pages         = {1--27},
    url           = {https://seer.ufu.br/index.php/dominiosdelinguagem/article/view/67131},
    urldate       = {2023-09-02},
    journaltitle  = {Dom\'{\i}nios de Lingu\@gem},
}
