@article{balacheff,
	title = {Didactique et intelligence artificielle},
	volume = {14},
	url = {https://telearn.archives-ouvertes.fr/hal-00190648},
	urldate = {2021-04-23},
	journal = {Recherches en Didactique des Mathematiques},
	author = {Balacheff, Nicolas},
	year = {1994},
	pages = {9},
}
@article{camachorios2019,
	title = {Fidelity in the use of app for solving differential equations},
	volume = {11},
	url = {http://www.udgvirtual.udg.mx/apertura/index.php/apertura/article/view/1463},
	doi = {10.32870/Ap.v11n1.1463},
	number = {1},
	urldate = {2021-09-10},
	journal = {Apertura},
	author = {Camacho Ríos, Alberto and Caldera Franco, Marisela Ivette and Valenzuela González, Verónica},
	month = apr,
	year = {2019},
	pages = {74-89},
}
@incollection{castela2009,
	title = {La noción de praxeología: {Un} instrumento de la {Teoría} {Antropológica} de lo {Didáctico} posible útil para la {Socioepistemología}},
	booktitle = {Acta {Latinoamericana} de {Matemática} {Educativa} {ALME}-22},
	publisher = {Comité Latinoamericano de Matemática Educativa},
	author = {Castela, Corine},
	editor = {Lestón, Patricia},
	year = {2009},
	pages = {1195-1205},
}
@phdthesis{duarte2020,
	address = {Chihuahua},
	type = {Disertación ({Maestría} en {Sistemas} {Computacionales}, inédita)},
	title = {Aplicación móvil para desarrollar y graficar series de {Fourier}},
	school = {Tecnológico Nacional de México},
	author = {Duarte, Francisco},
	year = {2020},
}
@phdthesis{garcia2020,
	address = {Chihuahua},
	type = {Disertación ({Maestría} en {Sistemas} {Computacionales}, inédita)},
	title = {Aplicación móvil para resolver ecuaciones diferenciales ordinarias},
	school = {Tecnológico Nacional de México},
	author = {García, Daniela},
	year = {2020},
}
@incollection{chevallard2007,
	address = {Jaén},
	title = {Passé et présent de la {The}́orie {Anthropologique} du {Didactique}},
	booktitle = {Sociedad, escuela y matemáticas. {Aportaciones} de la {Teoría} {Antropológica} de lo {Didáctico} ({TAD})},
	publisher = {Servicio de Publicaciones de la Universidad de Jaén},
	author = {Chevallard, Yves},
	editor = {Ruíz-Higueras, Luisa and Estepa, Antonio and García, Javier},
	year = {2007},
	pages = {705-746},
}
@book{leung2017,
	address = {Cham},
	series = {Mathematics {Education} in the {Digital} {Era}},
	title = {Digital {Technologies} in {Designing} {Mathematics} {Education} {Tasks}: {Potential} and {Pitfalls}},
	volume = {8},
	url = {http://link.springer.com/10.1007/978-3-319-43423-0},
	language = {en},
	urldate = {2021-09-10},
	publisher = {Springer International Publishing},
	author = {Leung, Allen},
	editor = {Baccaglini-Frank, Anna and Leung, Allen},
	year = {2017},
	doi = {10.1007/978-3-319-43423-0},
}
@article{salas2018,
	title = {Uso del servicio en la nube {GeoGebra} durante el proceso enseñanza-aprendizaje sobre las matemáticas},
	volume = {8},
	number = {16},
	journal = {Revista Iberoamericana para la Investigación y el Desarrollo Educativo},
	author = {Salas-Rueda, Ricardo},
	year = {2018},
	pages = {1-30},
}
@article{santostrigo2018,
	title = {La {Resolución} de {Problemas} {Matemáticos} y el {Uso} de {Tecnología} {Digital} en el {Diseño} de {Libros} {Interactivos}},
	volume = {36},
	url = {https://revistas.um.es/educatio/article/view/349451},
	doi = {10.6018/j/349451},
	number = {3},
	urldate = {2021-05-12},
	journal = {Educatio Siglo XXI},
	author = {Santos Trigo, Manuel and Camacho Machín, Matías},
	month = nov,
	year = {2018},
	pages = {21-40},
}
@misc{tecnologico_nacional_de_mexico_tecnm_ecuaciones_2016,
	title = {Ecuaciones diferenciales. {Programa} de la asignatura, todas las carreras},
	url = {http://www.itcdjimenez.edu.mx/images/TemariosMEC2020/AC005EcuacionesDiferenciales.pdf},
	urldate = {2021-05-29},
	author = {{Tecnológico Nacional de México}},
	year = {2016},
}
@book{zill2018,
	address = {México},
	title = {Ecuaciones diferenciales con problemas con valores en la frontera},
	publisher = {Cengage Learning},
	author = {Zill, Dennis},
	year = {2018},
}