@online{24horasa,
author = {24HORAS}, 
title = {Manifestaciones se agudizan por disconformidad con “bono Marea Roja”},
url = {https://www.24horas.cl/nacional/chiloe-manifestaciones-se-agudizan-por-disconformidad-con-bono-marea-roja-2006417},
urldate = {2020-05-18},
year = {2016}
}

@online{24horasb,
author = {24HORAS}, 
title = {Paro en Chiloé llega a su fin tras acuerdo de pescadores de Ancud con el Gobierno},
url = {https://www.24horas.cl/nacional/paro-en-chiloe-llega-a-su-fin-tras-acuerdo-de-pescadores-de-ancud-con-el-gobierno-2020384},
urldate = {2020-05-18},
year = {2016}
}

@online{24horasc,
author = {24HORAS},
title = {Reportajes 24: Chiloé tras la marea roja | 24 Horas TVN Chile. (13min41s).},
url = {https://www.youtube.com/watch?v=OlnhOHcQLB0},
urldate = {2020-05-18},
year = {2017}
}

@online{agenciaefe,
author = {{AGENCIA EFE}},
title = {Chiloé no renuncia a protestas y Greenpeace exige transparencia al Gobierno chileno. (1min33s).},
url = {https://www.youtube.com/watch?v=9GSO6rbgnG4},
urldate = {2020-05-18},
year = {2016}
}

@online{agriculturatv,
author = {{AGRICULTURA TV}},
title = {Villegas se refiere sobre el conflicto en Chiloé. (1min25s)},
url = {https://www.youtube.com/watch?v=T0UkFe-2Ri8},
urldate = {2020-05-18},
year = {2016}
}

@online{almeida,
author = {Andrés Almeida and Joaquín Riffo},
title = {Furia contra canales de TV por cobertura sesgada los obliga a mostrar la represión. Interferencia. 22 de octubre de 2019.},
url = {https://interferencia.cl/articulos/furia-contra-canales-de-tv-por-cobertura-sesgada-los-obliga-mostrar-la-represion},
urldate = {2020-05-18},
year = {2019}
}

@Book{arboleda,
author = {Martin Arboleda},
title = {Planetary Mine. Territories of Extraction under Late Capitalism},
publisher = {Verso},
address = {Londres y Nueva York},
year = {2020}
}

@Article{becerra2014,
author = {Gastón Becerra},
title = {Interdisciplina y sistemas complejos. Un enfoque para abordar problemáticas sociales complejas},
journal = {Revista de Investigación en psicología social},
year = {2014},
volume = {1},
number = {1},
pages = {34--43}
}

@Article{becerra2013,
author = {Gastón Becerra and Vanessa Arreyes},
title = {Los medios de comunicación de masas y las noticias como objeto de estudio de la sociología en la perspectiva del constructivismo operativo de Niklas Luhmann},
journal = {Revista Mad},
year = {2013},
number = {28},
pages = {47--60}
}

@Article{billi2017,
author = {Marco Billi and Anahí {Urquiza Gómez} and Camilo {Feres Klenner}},
title = {Comunicación ambiental y proyectos energéticos renovables no convencionales. Análisis de contenido en medios de comunicación de masa chilenos},
journal = {Revista Latina de Comunicación Social},
year = {2017},
number = {77},
pages = {1218--1237},
url = {http://www.revistalatinacs.org/072paper/1216/66es.html},
urldate = {2020-05-18},
doi = {10.4185/RLCS-2017-1216}
}

@online{burrows2016,
author = {Henry Burrows},
title = {Preocupación en Chiloé por marea roja},
url = {https://www.youtube.com/watch?v=RHuZRjHHD-w},
urldate = {2020-05-18},
year = {2016}
}

@TechReport{buschmann2016,
author = {Alejandro Buschmann and Laura Farías and Fabián Tapia and Daniel Varela and Mónica Vásquez},
title = {Comisión Marea Roja [Informe Final]},
institution = {Universidad de los Lagos},
year = {2016},
address = {Osorno},
url = {https://www.economia.gob.cl/wp-content/uploads/2016/11/InfoFinal_ComisionMareaRoja_24Nov2016-1.compressed.pdf},
urldate = {2020-05-18}
}

@article{cabello2018,
  doi = {10.14201/alh2018795979},
  url = {https://doi.org/10.14201/alh2018795979},
  year = {2018},
  month = sep,
  publisher = {Ediciones Universidad de Salamanca},
  volume = {79},
  number = {0},
  pages = {59},
  author = {Patricio Cabello and Rodrigo Torres and Claudia Mellado},
  title = {Conflicto socioambiental y contienda política: encuadres de la crisis ambiental de la marea roja en Chiloé (Chile)},
  journal = {América Latina Hoy}
}

@article{cardenas2019,
author = {Leonardo Cárdenas},
title = {Empresas Sutil corta auspicios a programa Agenda Agrícola de CNN Chile en discrepancia por cobertura a ola de protestas},
journal = {La Tercera},
date = {2019-11-08},
url = {https://www.latercera.com/la-tercera-pm/noticia/empresas-sutil-corta-auspicios-a-programa-agenda-agricola-de-cnn-chile-en-discrepancia-por-cobertura-a-ola-de-protestas/893401/},
urldate = {2020-05-18},
year = {2019}
}

@online{cnnchile2016a,
author = {{CNN Chile}},
title = {Ciudadanos: El conflicto por la marea roja en Los Lagos},
url = {https://www.youtube.com/watch?v=2KWYxuOrFhg},
urldate = {2020-05-18},
year = {2016},
note = {(53min58s)}
}

@online{cnnchile2016b,
author = {{CNN Chile}},
title = {Greenpeace acusa crisis en Chiloé},
url = {https://www.youtube.com/watch?v=ZJvAyzTjo5I},
urldate = {2020-05-18},
year = {2016},
note = {(7min8s)}
}

@online{gonzalez2017,
author = {{CNN Chile}},
title = {Greenpeace Chile: “El llamado es a que las empresas retiren sus proyectos en trámite en Magallanes”},
year = {2017},
date = {2017-02-10},
url = {https://www.cnnchile.com/pais/greenpeace-chile-el-llamado-es-que-las-empresas-retiren-sus-proyectos-en-tramite_20170210/},
urldate = {2020-05-18}
}

@online{cooperativa2016,
author = {Cooperativa},
title = {Los panelistas de El Primero Café analizaron conflicto en Chiloé},
url = {https://www.youtube.com/watch?v=u_ibKbsA8Vc},
urldate = {2020-05-18},
year = {2016}
}

@online{decima2016,
author = {{Décima TV}},
title = {Protesta de pescadores tiene prácticamente paralizado el principal acceso a la Isla Grande de Chiloé},
url = {https://www.youtube.com/watch?v=qrIsRobJUBY},
urldate = {2020-05-18},
year = {2016},
note = {(4min38s)}
}

@Article{nanjari,
author = {Mónica Nanjari},
title = {La marea roja que amenaza a Chiloé},
journal = {DW},
date = {2016-06-09},
year = {2016},
url = {https://www.dw.com/es/la-marea-roja-que-amenaza-a-chilo\%C3\%A9/a-19261638},
urldate = {2020-05-18}
}

@Book{eiroa2017,
author = {Matilde Eiroa and Alejandro Barranquero},
title = {Métodos de investigación en la comunicación y sus medios},
publisher = {Síntesis},
address = {Madrid},
year = {2017}
}

@online{ciudadano2016,
author = {{EL CIUDADANO TV}},
title = {Biólogo Héctor Kol y crisis en Chiloé: “La solución pasa por la erradicación de la industria salmonera”},
url = {http://olca.cl/articulo/nota.php?id=106224},
urldate = {2016-05-09},
year = {2020-05-18}
}

@online{desconcierto,
author = {{EL DESCONCIERTO}},
title = {Industrias salmoneras serían responsables de muerte de 23 millones de salmones},
date = {2016-03-12},
url = {https://www.eldesconcierto.cl/2016/03/12/industrias-salmoneras-serian-responsables-de-muerte-de-23-millones-de-salmones/},
urldate = {2020-05-18},
year = {2016}
}

@online{emol,
author = {EMOL},
title = {Crisis salmonera y marea roja duplicaría la tasa de desempleo en Los Lagos},
url = {https://www.emol.com/noticias/Economia/2016/05/30/805162/Crisis-salmonera-y-por-marea-roja-duplicaria-la-tasa-de-desempleo-en-Los-Lagos.html},
urldate = {2016-05-30},
year = {2020-05-18}
}

@article{Foster2016,
  doi = {10.1080/21598282.2016.1197787},
  url = {https://doi.org/10.1080/21598282.2016.1197787},
  year = {2016},
  month = jul,
  publisher = {Informa {UK} Limited},
  volume = {6},
  number = {3},
  pages = {393--421},
  author = {John Bellamy Foster},
  title = {Marxism in the Anthropocene: Dialectical Rifts on the Left},
  journal = {International Critical Thought}
}

@Book{mosco2016,
editor = {Christian Fuchs and Vincent Mosco},
title = {Marx and the Political Economy of the Media},
publisher = {Brill},
address = {Leiden},
year = {2016}
}

@online{galaz2016,
author = {Oscar G. Galaz},
title = {Expertos no descartan que marea roja vuelva a aparecer en Chiloé en 2017},
date = {2016-12-12},
url = {http://www.ipsuss.cl/ipsuss/actualidad/expertos-no-descartan-que-marea-roja-vuelva-a-aparecer-en-chiloe-en-2017/2016-12-23/113206.html},
urldate = {2020-05-18},
year = {2016}
}

@Book{girard216,
author = {René Girard},
title = {El chivo expiatorio},
publisher = {Anagrama},
address = {Barcelona},
year = {1986}
}

@online{gonzalez2016,
author = {Alberto González},
title = {Fundador de mayor salmonera en Chile y crisis en Chiloé: no había espacio para el diálogo},
url = {https://www.biobiochile.cl/noticias/nacional/region-de-los-lagos/2016/10/09/fundador-de-mayor-salmonera-en-chile-y-crisis-en-chiloe-no-habia-espacio-para-el-dialogo.shtml},
urldate = {2020-06-18},
date = {2016-10-09},
year = {2016}
}

@article{Gunderson2019,
  doi = {10.1111/jtsb.12224},
  url = {https://doi.org/10.1111/jtsb.12224},
  year = {2019},
  month = aug,
  publisher = {Wiley},
  volume = {50},
  number = {1},
  pages = {42--63},
  author = {Ryan Gunderson and Diana Stuart and Matthew Houser},
  title = {A political-economic theory of relevance: Explaining climate change inaction},
  journal = {Journal for the Theory of Social Behaviour}
}

@article{Habermas2006,
  doi = {10.1111/j.1468-2885.2006.00280.x},
  url = {https://doi.org/10.1111/j.1468-2885.2006.00280.x},
  year = {2006},
  month = nov,
  publisher = {Oxford University Press ({OUP})},
  volume = {16},
  number = {4},
  pages = {411--426},
  author = {Jürgen Habermas},
  title = {Political Communication in Media Society: Does Democracy Still Enjoy an Epistemic Dimension? The Impact of Normative Theory on Empirical Research},
  journal = {Communication Theory}
}

@online{infante2016,
author = {María Paz Infante},
title = {Capitalización bursátil cae \$19 mil millones por crisis en Chiloé},
url = {https://www.elmercurio.com/Inversiones/Noticias/Acciones/2016/05/11/Salmoneras-pierden-casi-19-mil-millones-de-capitalizacion-bursatil-por-crisis-en-Chiloe.aspx},
urldate = {2020-05-18},
date = {2016-05-11},
year = {2016}
}

@TechReport{ipcc2013,
author = {{IPCC}},
title = {Cambio climático 2013. Bases físicas},
institution = {IPCC},
editor = {Thomas F. Stocker and Dahe Qin and Gian-Kasper Plattner and Melinda M.B. Tignor  and Simon K. Allen and Judith Boschung and Alexander Nauels and Yu Xia and Vincent Bex  and Pauline M. Midgley},
year = {2013},
url = {https://www.ipcc.ch/site/assets/uploads/2018/03/WG1AR5_SummaryVolume_FINAL_SPANISH.pdf},
urldate = {2020-05-18}
}

@article{Kamjunke2017,
  doi = {10.1038/srep43739},
  url = {https://doi.org/10.1038/srep43739},
  year = {2017},
  month = mar,
  publisher = {Springer Science and Business Media {LLC}},
  volume = {7},
  number = {1},
  author = {Norbert Kamjunke and Jorge Nimptsch and Mourad Harir and Peter Herzsprung and Philippe Schmitt-Kopplin and Thomas R. Neu and Daniel Graeber and Sebastian Osorio and Jose Valenzuela and Juan Carlos Reyes and Stefan Woelfl and Norbert Hertkorn},
  title = {Land-based salmon aquacultures change the quality and bacterial degradation of riverine dissolved organic matter},
  journal = {Scientific Reports}
}

@online{tercera,
author = {{La Tercera}},
title = {Bloom de algas genera visiones contrapuestas entre científicos y productores de salmón},
url = {https://www.aqua.cl/2016/03/07/bloom-de-algas-genera-visiones-contrapuestas-entre-cientificos-y-productores-de-salmon/},
urldate = {2020-05-18},
date = {2016-03-07},
year = {2016}
}

@Book{lenin1997,
author = {Vladimir Ilich Lenin},
title = {El estado y la revolución},
publisher = {Fundación Federico Engels},
address = {Madrid},
year = {1997}
}

@article{Luhmann1984,
  doi = {10.1163/156854284x00052},
  url = {https://doi.org/10.1163/156854284x00052},
  year = {1984},
  month = jan,
  publisher = {Brill},
  volume = {25},
  number = {1},
  pages = {59--72},
  author = {Niklas Luhmann},
  title = {The Self Description of Society: Crisis Fashion and Sociological Theory},
  journal = {Comparative Sociology}
}

@Book{Luhmann1991,
author = {Niklas Luhmann},
title = {Sistemas Sociales: Lineamientos para una Teoría General},
publisher = {Alianza Editorial/Universidad Iberoamericana},
address = {México},
year = {1991}
}

@Book{Luhmann2007,
author = {Niklas Luhmann},
title = {La realidad de los medios de masas},
publisher = {Universidad Iberoamericana/Anthropos},
address = {México},
year = {2007}
}

@Article{Luhmann2012,
author = {Niklas Luhmann},
title = {¿Puede la sociedad moderna evitar los peligros ecológicos?},
journal = {Argumentos},
year = {2012},
volume = {25},
number = {69},
pages = {81--97}
}

@article{MartnezSalgado2012,
  doi = {10.1590/s1413-81232012000300006},
  url = {https://doi.org/10.1590/s1413-81232012000300006},
  year = {2012},
  month = mar,
  publisher = {{FapUNIFESP} ({SciELO})},
  volume = {17},
  number = {3},
  pages = {613--619},
  author = {Carolina Martínez-Salgado},
  title = {El muestreo en investigación cualitativa: principios básicos y algunas controversias},
  journal = {Ciência {\&} Saúde Coletiva}
}

@Book{marx2003,
author = {Karl Marx},
title = {La guerra civil en Francia},
publisher = {Fundación Federico Engels},
address = {Madrid},
year = {2003}
}

@Book{marx2010,
author = {Karl Marx},
title = {El capital. Crítica de la economía política. Libro primero. El proceso de producción del capital},
publisher = {Siglo XXI},
address = {México},
year = {2010}
}

@Book{marx2013,
author = {Karl Marx},
title = {Artículos periodísticos},
publisher = {Alba},
address = {Barcelona},
year = {2013}
}

@article{Mascareo2018,
  doi = {10.26807/theorein.v3i1.19},
  url = {https://doi.org/10.26807/theorein.v3i1.19},
  year = {2018},
  month = jul,
  publisher = {Pontifica Universidad Catolica del Ecuador},
  volume = {3},
  number = {1},
  pages = {109--143},
  author = {Aldo Mascareño},
  title = {De la crisis a las transiciones críticas en sistemas complejos: Hacia una actualización de la teoría de sistemas sociales},
  journal = {Theorein Revista de Ciencias Sociales}
}

@article{Mascareo2018b,
  doi = {10.5751/es-10300-230415},
  url = {https://doi.org/10.5751/es-10300-230415},
  year = {2018},
  publisher = {Resilience Alliance,  Inc.},
  volume = {23},
  number = {4},
  author = {Aldo Mascareño and Rodrigo Cordero and Gabriela Azócar and Marco Billi and Pablo A. Henríquez and Gonzalo A. Ruz},
  title = {Controversies in social-ecological systems: lessons from a major red tide crisis on Chiloe Island, Chile},
  journal = {Ecology and Society}
}

@online{greenpeace,
author = {{MEGA}},
title = {Chiloé: el día que el mar se enojó},
url = {https://www.youtube.com/watch?v=AE7M3c_PrtI},
urldate = {2016-06-10},
year = {2016}
}

@TechReport{newman2019,
author = {Nic Newman and Richard Fletcher and Antonis Kalogeropoulos and Rasmus Kleis Nielsen},
title = {Institute Digital News Report 2019},
institution = {Reuters Institute for the Study of Journalism, University of Oxford},
year = {2019},
address = {Oxford},
url = {https://reutersinstitute.politics.ox.ac.uk/sites/default/files/2019-06/DNR_2019_FINAL_0.pdf}
}

@Article{nunez,
author = {María Eugenia Núñez},
title = {Con prohibición de extraer mariscos: seis comunas chilotas están afectadas con marea roja},
journal = {Soychiloé},
year = {2016},
date = {2016-03-21},
url = {https://www.soychile.cl/Chiloe/Sociedad/2016/03/21/382463/Tienen-prohibicion-de-extraccion-de-mariscos-seis-comunas-chilotas-estan-afectadas-por-la-marea-roja.aspx},
urldate = {2020-05-18}
}

@article{Osborne2015,
  doi = {10.1177/0263276415592245},
  url = {https://doi.org/10.1177/0263276415592245},
  year = {2015},
  month = jul,
  publisher = {{SAGE} Publications},
  volume = {32},
  number = {5-6},
  pages = {3--35},
  author = {Peter Osborne},
  title = {Problematizing Disciplinarity,  Transdisciplinary Problematics},
  journal = {Theory,  Culture {\&} Society}
}

@Book{palet,
author = {{PNUD}},
editor = {Andrea Palet and Pilar de Aguirre},
title = {Desiguales: orígenes, cambios y desafíos de la brecha social en Chile},
publisher = {Programa de Naciones Unidas para el Desarrollo (PNUD)},
address = {Santiago de Chile},
year = {2017}
}

@online{quense,
author = {Veronica Qüense},
title = {La última barricada. Crónica audiovisual de la revuelta en Chiloé},
url = {https://www.youtube.com/watch?v=qHSPK_I5KZE},
urldate = {2020-05-18},
year = {2017},
note = {(1h02min02s)}
}

@Book{roman2016,
editor = {Álvaro Román and Jonathan Barton and Beatriz Bustos-Gallardo and Alejandro Salazar},
title = {Revolución salmonera: Paradojas y transformaciones territoriales en Chiloé},
publisher = {RIL},
address = {Santiago},
year = {2016}
}

@Article{salmonexpert,
author = {{SALMONEXPERT}},
title = {Crisis ambiental: “El empleo se teñirá de rojo en Chiloé”},
journal = {{SALMONEXPERT}},
year = {2016},
date = {2016-05-23},
url = {https://www.salmonexpert.cl/article/crisis-ambiental-el-empleo-se-tenira-de-rojo-en-chiloe/},
urldate = {2020-05-18}
}

@article{Santander2014,
  doi = {10.5209/rev_esmp.2013.v19.n2.43478},
  url = {https://doi.org/10.5209/rev_esmp.2013.v19.n2.43478},
  year = {2014},
  month = jan,
  publisher = {Universidad Complutense de Madrid ({UCM})},
  volume = {19},
  number = {2},
  author = {Pedro Santander},
  title = {Leyes de medios de Chile y Argentina: tan cerca tan lejos},
  journal = {Estudios sobre el Mensaje Periodístico}
}

@article{sapiezynska2013,
  doi = {10.7764/cdi.32.468},
  url = {https://doi.org/10.7764/cdi.32.468},
  year = {2013},
  month = jun,
  publisher = {Pontificia Universidad Catolica de Chile},
  volume = {32},
  pages = {11--26},
  author = {Ewa Sapiezynska and Claudia Lagos and Cristian Cabalin},
  title = {Press Freedom under Pressure: Restriction Levels Perceived by Chilean Journalists and Influential Factors},
  journal = {Cuadernos info}
}

@Book{solimano,
author = {Andrés Solimano},
title = {Economic Elites, Crises, and Democracy. Alternatives beyond Neoliberal Capitalism},
publisher = {Oxford University Press},
address = {Nueva York},
year = {2014}
}

@Book{strauss2002,
author = {Anselm L. Strauss},
title = {Bases de la investigación cualitativa. Técnicas y procedimientos para desarrollar la teoría fundamentada},
publisher = {Editorial Universidad de Antioquia},
address = {Medellín},
year = {2002}
}

@online{t13a,
author = {T13},
title = {Desabastecimiento y cortes de caminos marcaron cuarto día de protestas en Chiloé},
url = {https://www.t13.cl/videos/nacional/desabastecimiento-y-cortes-caminos-marcaron-cuarto-dia-protestas-chiloe},
urldate = {2016-05-05},
year = {2016}
}

@online{t13b,
author = {T13},
title = {Parte a Chiloé buque de comité que analizará fenómeno de la marea roja},
url = {https://www.t13.cl/noticia/nacional/parte-chiloe-buque-comite-analizara-fenomeno-marea-roja},
urldate = {2016-05-25},
year = {2016}
}

@online{t13c,
author = {T13},
title = {Reportajes: Los efectos de la marea roja en el sur persisten cinco meses después},
url = {https://www.youtube.com/watch?v=PVu6yNqG_e4},
year = {2016}
}

@article{Tkke2010,
  doi = {10.7146/mediekultur.v26i49.2986},
  url = {https://doi.org/10.7146/mediekultur.v26i49.2986},
  year = {2010},
  month = nov,
  publisher = {Aarhus University Library},
  volume = {26},
  number = {49},
  pages = {10},
  author = {Jesper T{\ae}kke and Michael Paulsen},
  title = {Luhmann and the media: an introduction},
  journal = {{MedieKultur}: Journal of media and communication research}
}

@Book{teubner2012,
author = {Gunther Teubner},
title = {Constitutional Fragments: Societal Constitutionalism and Globalization},
publisher = {Oxford University Press},
address = {Oxford},
year = {2012}
}

@Article{rios2016,
author = {Cristóbal Miranda Ríos},
title = {Economista sostiene que el conflicto social en Chiloé no está solucionado},
journal = {Usach},
year = {2016},
url = {https://www.usach.cl/news/economista-sostiene-conflicto-social-chiloe-no-solucionado-1},
date = {2016-05-22},
urldate = {2020-05-18}
}

@article{ValdebenitoAllendes2018,
  doi = {10.4067/s0718-50492018000300185},
  url = {https://doi.org/10.4067/s0718-50492018000300185},
  year = {2018},
  month = jun,
  publisher = {{SciELO} Agencia Nacional de Investigacion y Desarrollo ({ANID})},
  number = {40},
  pages = {185--201},
  author = {Jorge {Valdebenito Allendes}},
  title = {Twitteo,  {\textquestiondown}luego resisto? Movilización popular y redes sociales en Chile: La marea roja de Chiloé (2016)},
  journal = {Izquierdas}
}

@Book{wallerstein,
author = {Immanuel Wallerstein and Étienne Balibar},
title = {Raza, nación y clase},
publisher = {Iepala},
address = {Madrid},
year = {1991}
}

@article{Folke2016,
  doi = {10.5751/es-08748-210341},
  url = {https://doi.org/10.5751/es-08748-210341},
  year = {2016},
  publisher = {Resilience Alliance,  Inc.},
  volume = {21},
  number = {3},
  author = {Carl Folke and Reinette Biggs and Albert V. Norström and Belinda Reyers and Johan Rockström},
  title = {Social-ecological resilience and biosphere-based sustainability science},
  journal = {Ecology and Society}
}

