@book{taub2001language,
    title         = {Language from the Body: Iconicity and Metaphor in American Sign Language},
    author        = {Taub, Sarah},
    year          = {2001},
    publisher     = {Cambridge University Press},
    address       = {Cambridge},
}

@incollection{petter2002linguagem,
    title         = {Linguagem, língua, linguística},
    author        = {Petter, Margarida},
    year          = {2002},
    booktitle     = {Introdução à linguística I: objetos teóricos},
    publisher     = {Editora Contexto},
    address       = {São Paulo},
    pages         = {11--24},
    editor        = {Fiorin, José Luiz},
}

@book{quadros2004libras,
    title         = {Língua de Sinais Brasileira: estudos linguísticos},
    author        = {Quadros, Ronice Müller de and Karnopp, Lodenir},
    year          = {2004},
    publisher     = {Artmed},
    address       = {Porto Alegre},
}

@phdthesis{campello2008visualidade,
    title         = {Aspectos da visualidade na educação de surdos},
    author        = {Campello, Ana Regina e Souza},
    year          = {2008},
    address       = {Santa Catarina},
    pages         = {245},
    url           = {https://repositorio.ufsc.br/handle/123456789/91182},
    urldate       = {2024-12-25},
    school        = {Universidade Federal de Santa Catarina, Programa de Pós-Graduação em Educação},
    type          = {Tese (Doutorado em Educação)},
}

@mastersthesis{castro2012,
    title         = {A tradução de fábulas seguindo aspectos imagéticos da linguagem cinematográfica e da língua de sinais},
    author        = {Castro, N. P.},
    year          = {2012},
    address       = {Florianópolis},
    pages         = {165},
    school        = {Universidade Federal de Santa Catarina, Programa de Pós-Graduação em Estudos da Tradução},
    type          = {Dissertação (Mestrado em Estudos da Tradução)},
}

@book{plaza2013intersemiotica,
    title         = {Tradução intersemiótica},
    author        = {Plaza, Julio},
    year          = {2013},
    publisher     = {Perspectiva},
    address       = {São Paulo},
    note          = {1º reimpressão},
    edition       = {2},
}

@book{bagno2014lingua,
    title         = {Língua, linguagem, linguística: pondo os pingos nos ii},
    author        = {Bagno, Marcos},
    year          = {2014},
    publisher     = {Parábola Editorial},
    address       = {São Paulo},
    edition       = {1},
}

@mastersthesis{kogut2015signwriting,
    title         = {As descrições imagéticas na transcrição e leitura de um texto em signwriting},
    author        = {Kogut, Marcos Kluber},
    year          = {2015},
    address       = {Florianópolis},
    pages         = {161},
    school        = {Universidade Federal de Santa Catarina, Programa de Pós-Graduação em Linguística},
    type          = {Dissertação (Mestrado em Linguística)},
}

@book{jomaa2017buriti,
    title         = {Buriti mais – Geografia},
    author        = {Jomaa, Lina Youssef},
    year          = {2017},
    publisher     = {Editora Moderna},
    address       = {São Paulo},
    edition       = {1},
}

@article{nascimento2017traducao,
    title         = {Tradução, criação e poesia: descortinando desafios do processo tradutório da Língua Portuguesa (LP) para a Língua Brasileira de Sinais (Libras)},
    author        = {Nascimento, Marcus Vinícius Batista and Martins, Vanessa Regina de Oliveira and Segala, Rimar Ramalho},
    year          = {2017},
    journal       = {Domínios de Lingu@gem},
    volume        = {11},
    number        = {5},
    pages         = {1850--1874},
    doi           = {10.14393/DL32-v11n5a2017-24},
    url           = {https://doi.org/10.14393/DL32-v11n5a2017-24},
    urldate       = {2024-12-25},
}

@incollection{torres2017pesquisar,
    title         = {Por que e como pesquisar a tradução comentada?},
    author        = {Torres, Marie-Hélène Catherine},
    year          = {2017},
    booktitle     = {Literatura Traduzida, tradução comentada e comentários de tradução volume dois},
    publisher     = {substânsia},
    address       = {Fortaleza, CE},
    pages         = {15--35},
    url           = {https://repositorio.ufc.br/handle/riufc/40930},
    urldate       = {2024-12-25},
    editor        = {Freitas, Luana Ferreira de and Torres, Marie-Hélène Catherine and Costa, Walter Carlos},
}

@article{galasso2018materiais,
    title         = {Processo de produção de materiais didáticos bilíngues do Instituto Nacional de Educação de Surdos},
    author        = {Galasso, Bruno and Lopez, Monica Raquel de Souza and Severino, Rafael da Mata and Lima, Roberto Gomes de and Teixeira, Dirceu Esdras},
    year          = {2018},
    month         = {mar},
    journal       = {Revista Brasileira de Educação Especial},
    volume        = {24},
    number        = {1},
    pages         = {59--72},
    doi           = {10.1590/s1413-65382418000100006},
    url           = {https://www.scielo.br/j/rbee/a/R8nwGtrSrb3LdF9BvbxNZLt/},
    urldate       = {2024-12-25},
}

@article{menezes2018traducao,
    title         = {Tradução intersemiótica ou adaptação: alguns apontamentos},
    author        = {Menezes, Hugo Lenes},
    year          = {2018},
    journal       = {Revista Da Anpoll},
    volume        = {44},
    number        = {1},
    pages         = {260--271},
    doi           = {10.18309/anp.v1i44.1162},
    url           = {https://doi.org/10.18309/anp.v1i44.1162},
    urldate       = {2024-12-25},
}

@article{rodrigues2018interpretacao,
    title         = {A interpretação e a tradução de/para línguas de sinais: contextos de serviços públicos e suas demandas},
    author        = {Rodrigues, Carlos Henrique and Santos, Silvana Aguiar dos},
    year          = {2018},
    journal       = {Tradução em Revista},
    volume        = {24},
    pages         = {01--29},
    url           = {https://www.maxwell.vrac.puc-rio.br/34535/34535.PDF},
    urldate       = {2024-12-25},
}

@article{silva2020materiais,
    title         = {Materiais Didáticos em Libras},
    author        = {Silva, Arlene Batista da and Miller Junior, Ademar and Simões, Miriam Brito},
    year          = {2020},
    journal       = {(Con)Textos Linguísticos},
    volume        = {14},
    pages         = {759--779},
    doi           = {10.47456/cl.v14i29.32393},
    url           = {https://periodicos.ufes.br/contextoslinguisticos/article/view/32393/22567},
    urldate       = {2024-12-25},
}

@article{lemos2021pedagogia,
    title         = {Pedagogia e didática surda: por uma educação bilíngue com letramento visual e ensino de português na modalidade escrita},
    author        = {Lemos, Glauber de Souza},
    year          = {2021},
    journal       = {Inclusiones - Revista de Humanidades y Ciencias Sociales},
    volume        = {8},
    pages         = {332--355},
    url           = {https://www.researchgate.net/publication/361538059_Pedagogia_e_didatica_surda_por_uma_educacao_bilingue_com_letramento_visual_e_ensino_de_portugues_na_modalidade_escrita},
    urldate       = {2024-12-25},
}

@phdthesis{lemos2023formacao,
    title         = {Formação de tradutores de textos escritos em Português para textos-vídeos em Libras: das teorias pedagógicas e didáticas da tradução à concepção de um curso de extensão no Instituto Nacional de Educação de Surdos (INES)},
    author        = {Lemos, Glauber de Souza},
    year          = {2023},
    address       = {Rio de Janeiro},
    pages         = {497},
    url           = {https://www.maxwell.vrac.puc-rio.br/62985/62985.PDF},
    urldate       = {2024-12-25},
    school        = {Pontifícia Universidade Católica do Rio de Janeiro},
    type          = {Tese (Doutorado em Letras/Estudos da Linguagem)},
    department    = {Departamento de Letras},
}

@article{baalbaki2024acessibilidade,
    title         = {Acessibilidade através das redes: divulgação e produção de materiais multimodais e bilíngues para o ensino de alunos surdos},
    author        = {Baalbaki, Angela Corrêa Ferreira and Pinto, Joice Bianca Marques Leite and Tostis, Ana Paula Dias and Nóbrega, Louise Helene da Silva},
    year          = {2024},
    journal       = {Alemur},
    volume        = {9},
    number        = {1},
    pages         = {47--58},
    doi           = {10.70615/alemur.v9i1.7036},
    url           = {https://periodicos.ufop.br/alemur/article/view/7036},
    urldate       = {2024-12-25},
}

@book{quadros2025introducao,
    title         = {Introdução ao Estudo da Libras},
    author        = {Quadros, Ronice Müller de and Machado, Rodrigo Nogueira and Silva, Jair Barbosa da},
    year          = {2025},
    publisher     = {Editora Contexto},
    address       = {São Paulo},
}
