@incollection{acheche1999,
	title = {Système de traduction semi-automatique des termes relatifs au {TAL} ({Traitement} {Automatique} des {Langues})},
	booktitle = {Mémoire de {Maîtrise} d'anglais mention {Industries} de la {Langue}},
	publisher = {Université de Besançon},
	author = {Acheche, S.},
	year = {1999},
}
@article{alcina2008,
	title = {Translation technologies: {Scope}, tools and resources},
	volume = {20},
	url = {https://benjamins.com/online/target/articles/target.20.1.05alc},
	doi = {10.1075/target.20.1.05alc},
	number = {1},
	urldate = {2021-07-05},
	journal = {Target. International Journal of Translation Studies},
	author = {Alcina, Amparo},
	month = jun,
	year = {2008},
	pages = {79-102},
}
@inproceedings{alsharaf2004,
	title = {French to {Arabic} machine translation: the specificity of language couples},
	url = {https://aclanthology.org/2004.eamt-1.2},
	urldate = {2021-07-05},
	publisher = {Foundation for International Studies, University of Malta},
	author = {Alsharaf, Haytham and Cardey, Sylviane and Greenfield, Peter},
	year = {2004},
	pages = {11-17},
}
@article{anis1994,
	title = {Ordinateurs et traduction : survol d'un demi-siècle},
	volume = {28},
	url = {https://www.persee.fr/doc/lgge_0458-726x_1994_num_28_116_1699},
	doi = {10.3406/lgge.1994.1699},
	number = {116},
	urldate = {2021-07-05},
	journal = {Langages},
	author = {Anis, Jacques},
	year = {1994},
	pages = {111-122},
}
@article{aubin1995,
	title = {Splendeurs et {Misères} de la {Traductique}},
	volume = {7},
	number = {2},
	journal = {Cahiers Franco-Canadiens de l’Ouest},
	author = {Aubin, Marie-Christine },
	year = {1995},
	pages = {211-226},
}
@article{bedjaoui2020,
	title = {Dictionnaires contextuels: pour une approche ergonomique de la biotraduction},
	volume = {14},
	url = {https://periodicos.ufmg.br/index.php/textolivre/article/view/25577},
	doi = {10.35699/1983-3652.2021.25577},
	number = {1},
	urldate = {2021-07-05},
	journal = {Texto Livre: Linguagem e Tecnologia},
	author = {Bedjaoui, Wafa and Zemni, Bahia and Almalki, Hayfa and Elsaadany, Marwa},
	month = sep,
	year = {2020},
	pages = {e25577},
}
@article{bouhadiba2008,
	title = {A propos d’un {Dictionnaire} {Electronique} {Arabe}/{Anglais} /{Français} dans le {Domaine} des {Hydrocarbures}},
	volume = {6},
	url = {https://www.asjp.cerist.dz/en/article/133653},
	number = {1},
	urldate = {2021-07-05},
	journal = {Revue Maghrébine des Langues},
	author = {Bouhadiba, Farouk and Rouabhi, Miloud},
	month = dec,
	year = {2008},
	pages = {111-141},
}
@online{bourdon2019,
	title = {La {Traduction} juridique – À la croisée des cultures juridiques et linguistiques},
	url = {https://mastertsmlille.wordpress.com/2019/02/19/la-traduction-juridique/},
	urldate = {2021-07-05},
	journal = {MasterTSM@Lille},
	author = {Bourdon, Raphaël},
	month = feb,
	year = {2019},
}
@article{casasanto2008,
	title = {Who's {Afraid} of the {Big} {Bad} {Whorf}? {Crosslinguistic} {Differences} in {Temporal} {Language} and {Thought}},
	volume = {58},
	url = {http://doi.wiley.com/10.1111/j.1467-9922.2008.00462.x},
	doi = {10.1111/j.1467-9922.2008.00462.x},
	urldate = {2021-07-05},
	journal = {Language Learning},
	author = {Casasanto, Daniel},
	month = dec,
	year = {2008},
	pages = {63-79},
}
@book{catford_linguistic_1965,
	address = {London},
	title = {A {Linguistic} theory of translation},
	publisher = {OUP},
	author = {Catford, J. C.},
	year = {1965},
}
@book{chomsky1964,
	address = {The Hague},
	title = {Current issues in linguistic theory},
	url = {http://VH7QX3XE2P.search.serialssolutions.com/?V=1.0&L=VH7QX3XE2P&S=JCs&C=TC0000594938&T=marc&tab=BOOKS},
	urldate = {2021-07-05},
	publisher = {De Gruyter Mouton},
	author = {Chomsky, Noam},
	year = {1964},
}
@book{chomsky1965,
    address = {Cambridge, Mass},
	edition = {20. print},
	series = {Special technical report / {Massachusetts} {Institute} of {Technology}, {Research} {Laboratory} of {Electronics}},
	title = {Aspects of the theory of syntax},
	number = {11},
	publisher = {MIT Press},
	author = {Chomsky, Noam},
	year = {1965},
}
@article{drivonikou2007,
	title = {Further evidence that {Whorfian} effects are stronger in the right visual field than the left},
	volume = {104},
	url = {http://www.pnas.org/lookup/doi/10.1073/pnas.0610132104},
	doi = {10.1073/pnas.0610132104},
	number = {3},
	urldate = {2021-07-05},
	journal = {Proceedings of the National Academy of Sciences},
	author = {Drivonikou, G. V. and Kay, P. and Regier, T. and Ivry, R. B. and Gilbert, A. L. and Franklin, A. and Davies, I. R. L.},
	month = jan,
	year = {2007},
	pages = {1097-1102},
}
@phdthesis{durr2017,
	type = {Theses},
	title = {La notion de pertinence en traduction juridique bidirectionnelle français-allemand},
	url = {https://tel.archives-ouvertes.fr/tel-01831568},
	urldate = {2021-07-05},
	school = {Université de Strasbourg},
	author = {Durr, Margarete},
	month = nov,
	year = {2017},
}
@article{farnoud2014,
	title = {Processus de la traduction : charge cognitive du traducteur},
	url = {http://journals.openedition.org/corela/3615},
	doi = {10.4000/corela.3615},
	number = {12-2},
	urldate = {2021-07-05},
	journal = {Corela},
	author = {Farnoud, Esmaeel},
	month = dec,
	year = {2014},
}
@incollection{fishman1986,
	address = {Washington, D.C.},
	edition = {Alatis, J. E.},
	title = {Positive bilingualism: some overlooked rationales and forefathers.},
	volume = {487},
	url = {http://journals.sagepub.com/doi/10.1177/0002716286487001011},
	urldate = {2021-07-05},
	booktitle = {International dimensions ofbilingual education},
	publisher = {Georgetown University Press},
	author = {Fishman, Joshua A.},
	month = sep,
	year = {1986},
	pages = {42-52},
}
@article{fishman1982,
	title = {Whorfianism of the third kind: {Ethnolinguistic} diversity as a worldwide societal asset ({The} {Whorfian} {Hypothesis}: {Varieties} of validation, confirmation, and disconfirmation {II})},
	volume = {11},
	url = {https://www.cambridge.org/core/product/identifier/S0047404500009015/type/journal_article},
	doi = {10.1017/S0047404500009015},
	number = {1},
	urldate = {2021-07-05},
	journal = {Language in Society},
	author = {Fishman, Joshua A.},
	month = apr,
	year = {1982},
	pages = {1-14},
}
@incollection{fuchs2017,
	booktitle = {La linguistique cognitive},
	title = {Pour introduire à la linguistique cognitive},
	url = {http://books.openedition.org/editionsmsh/7055},
	urldate = {2021-07-05},
	address = {Paris},
	publisher = {Éditions de la Maison des sciences de l’homme},
	author = {Fuchs, Catherine},
	editor = {Fuchs, Catherine},
	year = {2017},
	pages = {1-24},
	doi = {10.4000/books.editionsmsh.7055},
}
@article{fulford2005,
	title = {Translation and technology: a study of uk freelance translators},
	journal = {The Journal of Specialized Translation},
	author = {Fulford, Heather  and Granell-Zafra, Joaquín },
	year = {2005},
	pages = {2-17},
}
@article{gemar2019,
	title = {Jurilinguistic {Analysis} in {Translation}, {Comparative} {Law} {Practice}. {Translate} the {Letter} or “{The} {Spirit} of the {Laws}”? {The} {Case} of the {Code} {Napoléon}},
	volume = {37},
	url = {https://www.sciendo.com/article/10.14746/cl.2019.37.1},
	doi = {10.14746/cl.2019.37.1},
	number = {1},
	urldate = {2021-07-05},
	journal = {Comparative Legilinguistics},
	author = {Gémar, Jean-Claude},
	month = dec,
	year = {2019},
	pages = {9-61},
}
@phdthesis{ghenimi2007,
	address = {França},
	type = {Thèse de {Doctorat}},
	title = {Conception d’un modèle de traduction arabe-français appliqué au domaine des mathématiques},
	school = {Centre Lucien Tesnière, Université de Franche Comté},
	author = {Ghenimi, A.},
	year = {2007},
}
@book{hutchins1992,
	address = {London},
	title = {Introduction to machine translation},
	publisher = {Academic Press},
	author = {Hutchins, William John and Somers, Harold L.},
	year = {1992},
}
@article{ke_hu2020,
	title = {How {MT} errors correlate with postediting effort: a new ranking of error types},
	volume = {7},
	url = {https://www.tandfonline.com/doi/full/10.1080/23306343.2020.1809763},
	doi = {10.1080/23306343.2020.1809763},
	number = {3},
	urldate = {2021-07-05},
	journal = {Asia Pacific Translation and Intercultural Studies},
	author = {Ke Hu, Kevin },
	month = sep,
	year = {2020},
	pages = {299-309},
}
@online{kubler2014,
	type = {text},
	title = {Traduction pragmatique, linguistique de corpus, traducteur : un ménage à trois explosif ?.},
	url = {http://lodel.irevues.inist.fr/tralogy/index.php?id=288&format=print},
	urldate = {2021-07-05},
	journal = {I-Revues},
	author = {Kübler, Natalie},
	year = {2014},
}
@article{lavault-olleon2012,
	title = {Traduction spécialisée : l’ergonomie cognitive au service de la formation},
	url = {http://journals.openedition.org/asp/3117},
	doi = {10.4000/asp.3117},
	number = {62},
	urldate = {2021-07-05},
	journal = {ASp},
	author = {Lavault-Olléon, Élisabeth and Carré, Alice},
	month = nov,
	year = {2012},
	pages = {67-77},
}
@article{lab_traduction_nodate,
	title = {La traduction automatique},
	number = {52},
	journal = {Le bulletin de l’epi},
	author = {Lab, Frédérique},
	pages = {165-170},
}
@book{nida1964,
	address = {Leiden},
	title = {Towards a science of translating},
	publisher = {E.J.Brill},
	author = {Nida, Eugene Albert},
	year = {1964},
}
@article{paulsen2016,
	title = {Computer-aided translation tools - the uptake and use by {Danish} translation service providers},
	url = {https://www.semanticscholar.org/paper/Computer-aided-translation-tools-the-uptake-and-use-Christensen-Schjoldager/58545d82c793ede8330f6c0fcea77dec9efd9141},
	number = {25},
	urldate = {2021-07-06},
	journal = {The Journal of Specialized Translation},
	author = {Paulsen, Christensen T. and Schjoldager, Anne},
	year = {2016},
	pages = {89-105},
}
@article{petru2016,
	title = {La traduction juridique : entre équivalence fonctionnelle et équivalence formelle},
	url = {http://digilib.phil.muni.cz/handle/11222.digilib/135898},
	doi = {10.5817/ERB2016-2-14},
	number = {2},
	urldate = {2021-07-06},
	journal = {Études romanes de Brno},
	author = {Petrů, Ivo},
	year = {2016},
	pages = {177-189},
}
@online{politis2017,
	title = {Le traducteur en tant qu’entité cognitive},
	url = {https://termcoord.eu/2017/05/le-traducteur-en-tant-quentite-cognitive/},
	urldate = {2021-07-06},
	journal = {Terminology Coordination Unit},
	author = {Politis, Michel},
	month = may,
	year = {2017},
}
@article{rollo2016,
	title = {Approche cognitive de la traduction économique: réflexion théorique et retombées pratiques},
	url = {http://www.e-revistes.uji.es/index.php/monti/article/view/2399},
	doi = {10.6035/MonTI.2016.8.2},
	number = {8},
	urldate = {2021-07-06},
	journal = {MonTi: Monografías de Traducción e Interpretación},
	author = {Rollo, Alessandra},
	year = {2016},
	pages = {61-94},
}
@incollection{sapir1983,
	address = {Berkeley u.a},
	edition = {[Repr. d. Ausg. v.] 1949, David G. M.},
	title = {Selected writings of {Edward} {Sapir}},
	booktitle = {Language, culture and personality},
	publisher = {University of California Press},
	author = {Sapir, Edward},
	editor = {Mandelbaum, David G.},
	year = {1983},
}
@incollection{sabah2004,
	address = {Paris},
	title = {Intelligence artificielle, linguistique et cognition},
	booktitle = {La linguistique cognitive},
	publisher = {Éditions de la Maison des sciences de l’homme},
	author = {Sabah, Gérard},
	editor = {Fuchs, Catherine},
	year = {2004},
	pages = {195-221},
}
@article{vandaele2005,
	title = {Approche cognitive de la traduction dans les langues de spécialité : vers une systématisation de la description de la conceptualisation métaphorique},
	volume = {50},
	number = {2},
	url = {https://papyrus.bib.umontreal.ca/xmlui/handle/1866/1436},
	address = {Montréal},
	urldate = {2021-07-06},
	journal = {{META}},
	author = {Vandaele, Sylvie and Lubin, Leslie},
	year = {2005},
	pages = {415-431},
}
@book{whorf1956,
	address = {Cambridge, Mass},
	title = {Language, thought, and reality: selected writings},
	publisher = {The MIT Press},
	author = {Whorf, Benjamin Lee and Carroll, John B.},
	year = {1956},
}
@article{zemni2020,
	title = {Audiovisual translation and contextual dictionaries: an exploratory comparative study of {Reverso} {Context} and {Almaany} uses},
	volume = {27},
	url = {https://www.asian-efl-journal.com/monthly-editions-new/2020-monthly-editions/volume-27-issue-5-1-december-2020/},
	number = {5.1},
	urldate = {2021-07-05},
	journal = {Asian EFL Journal Research Articles},
	author = {Zemni, Bahia and Awwad, Wiam and Bounaas, Chaouki},
	year = {2020},
	pages = {274-309},
}
@article{zemni2021,
	title = {Recherche terminologique et traduction automatique: pour une utilisation optimale du logiciel {Reverso} {Context}},
	volume = {14},
	url = {https://periodicos.ufmg.br/index.php/textolivre/article/view/26501},
	doi = {10.35699/1983-3652.2021.26501},
	number = {1},
	urldate = {2021-07-06},
	journal = {Texto Livre: Linguagem e Tecnologia},
	author = {Zemni, Bahia and Bedjaoui, Wafa and Elsaadany, Marwa},
	month = jan,
	year = {2021},
	pages = {e26501},
}
@book{al-manfaluti1952,
	address = {\textlang{arabic}{القاهرة}},
	edition = {\textlang{arabic}{الطبعة12}},
	title = {\textlang{arabic}{ النظرات.  القسم الثالث،}},
	publisher = {\textlang{arabic}{شركة جوامع الفكر}},
	author = {Al-Manfaluti, Mustafa Lutfi},
	year = {1952},
}
