@article{akcapinar2019,
	title = {Using learning analytics to develop early-warning system for at-risk students},
	volume = {16},
	url = {https://educationaltechnologyjournal.springeropen.com/articles/10.1186/s41239-019-0172-z},
	doi = {10.1186/s41239-019-0172-z},
	number = {1},
	urldate = {2022-01-27},
	journal = {International Journal of Educational Technology in Higher Education},
	author = {Akçapinar, Gökhan and Altun, Arif and Aşkar, Petek},
	month = dec,
	year = {2019},
	pages = {40},
}
@article{banihashem2018,
	title = {Learning {Analytics}: {A} {Systematic} {Literature} {Review}},
	volume = {9},
	issn = {2476-7263, 2476-7271},
	shorttitle = {Learning {Analytics}},
	url = {http://ijvlms.com/en/articles/63024.html},
	doi = {10.5812/ijvlms.63024},
	number = {2},
	urldate = {2022-01-27},
	journal = {Interdisciplinary Journal of Virtual Learning in Medical Sciences},
	author = {Banihashem, Seyyed Kazem and Aliabadi, Khadijeh and Pourroostaei Ardakani, Saeid and Delaver, Ali and Nili Ahmadabadi, Mohammadreza},
	month = jun,
	year = {2018},
}
@article{bansal2018,
	title = {Tools {Used} in {Data} {Analysis}: {A} {Comparative} {Study}},
	volume = {5},
	url = {https://www.ijrra.net/Vol5issue1/IJRRA-05-01-04.pdf},
	number = {1},
	journal = {International Journal of Recent Research},
	author = {Bansal, Anmol and Srivastava,  Satyajee},
	year = {2018},
	pages = {15--18},
}
@article{cechinel2020,
	title = {Mapping {Learning} {Analytics} initiatives in {Latin} {America}},
	volume = {51},
	url = {https://onlinelibrary.wiley.com/doi/10.1111/bjet.12941},
	doi = {10.1111/bjet.12941},
	number = {4},
	urldate = {2022-01-27},
	journal = {British Journal of Educational Technology},
	author = {Cechinel, Cristian and Ochoa, Xavier and Lemos dos Santos, Henrique and Carvalho Nunes, João Batista and Rodés, Virginia and Marques Queiroga, Emanuel},
	month = jul,
	year = {2020},
	pages = {892--914},
}
@article{colliau2021,
	title = {{MatLab} vs. {Python} vs. {R}},
	volume = {15},
	url = {https://jds-online.org/journal/JDS/article/402},
	doi = {10.6339/JDS.201707_15(3).0001},
	number = {3},
	urldate = {2022-01-27},
	journal = {Journal of Data Science},
	author = {Colliau, Taylor and Rogers, Grace and Hughes, Zachariah and Ozgur, Ceyhun},
	month = mar,
	year = {2021},
	pages = {355--372},
}
@article{conijn2017,
	title = {Predicting {Student} {Performance} from {LMS} {Data}: {A} {Comparison} of 17 {Blended} {Courses} {Using} {Moodle} {LMS}},
	volume = {10},
	url = {http://ieeexplore.ieee.org/document/7589022/},
	doi = {10.1109/TLT.2016.2616312},
	number = {1},
	urldate = {2022-01-27},
	journal = {IEEE Transactions on Learning Technologies},
	author = {Conijn, Rianne and Snijders, Chris and Kleingeld, Ad and Matzat, Uwe},
	month = jan,
	year = {2017},
	pages = {17--29},
}
@article{dobre2015,
	title = {Learning {Management} {Systems} for {Higher} {Education} - {An} {Overview} of {Available} {Options} for {Higher} {Education} {Organizations}},
	volume = {180},
	url = {https://linkinghub.elsevier.com/retrieve/pii/S1877042815014536},
	doi = {10.1016/j.sbspro.2015.02.122},
	number = {1},
	urldate = {2022-01-27},
	journal = {Procedia - Social and Behavioral Sciences},
	author = {Dobre, Iuliana},
	month = may,
	year = {2015},
	pages = {313--320},
}
@article{gasevic2016,
	title = {Learning analytics should not promote one size fits all: {The} effects of instructional conditions in predicting academic success},
	volume = {28},
	url = {https://linkinghub.elsevier.com/retrieve/pii/S1096751615300038},
	doi = {10.1016/j.iheduc.2015.10.002},
	urldate = {2022-01-27},
	journal = {The Internet and Higher Education},
	author = {Gašević, Dragan and Dawson, Shane and Rogers, Tim and Gasevic, Danijela},
	month = jan,
	year = {2016},
	pages = {68--84},
}
@article{guerra2020,
	title = {Adaptation and evaluation of a learning analytics dashboard to improve academic support at three {Latin} {American} universities},
	volume = {51},
	url = {https://onlinelibrary.wiley.com/doi/10.1111/bjet.12950},
	doi = {10.1111/bjet.12950},
	number = {4},
	urldate = {2022-01-27},
	journal = {British Journal of Educational Technology},
	author = {Guerra, Julio and Ortiz-Rojas, Margarita and Zúñiga‐Prieto, Miguel Angel and Scheihing, Eliana and Jiménez, Alberto and Broos, Tom and De Laet, Tinne and Verbert, Katrien},
	month = jul,
	year = {2020},
	pages = {973--1001},
}
@article{hooda2020,
	title = {Learning {Analytics} {Lens}: {Improving} {Quality} of {Higher} {Education}},
	volume = {8},
	url = {http://www.warse.org/IJETER/static/pdf/file/ijeter24852020.pdf},
	doi = {10.30534/ijeter/2020/24852020},
	number = {5},
	urldate = {2022-01-27},
	journal = {International Journal of Emerging Trends in Engineering Research},
	author = {Hooda, Monika},
	month = may,
	year = {2020},
	pages = {1626--1646},
}
@article{ifenthaler2020a,
	title = {Reflections on {Different} {Learning} {Analytics} {Indicators} for {Supporting} {Study} {Success}},
	volume = {2},
	url = {https://online-journals.org/index.php/i-jai/article/view/15639},
	doi = {10.3991/ijai.v2i2.15639},
	number = {2},
	urldate = {2022-01-27},
	journal = {International Journal of Learning Analytics and Artificial Intelligence for Education (iJAI)},
	author = {Ifenthaler, Dirk and Yau, Jane Yin-Kim},
	month = jul,
	year = {2020},
	pages = {4},
}
@article{ifenthaler2020b,
	title = {Utilising learning analytics to support study success in higher education: a systematic review},
	volume = {68},
	url = {https://link.springer.com/10.1007/s11423-020-09788-z},
	doi = {10.1007/s11423-020-09788-z},
	number = {4},
	urldate = {2022-01-27},
	journal = {Educational Technology Research and Development},
	author = {Ifenthaler, Dirk and Yau, Jane Yin-Kim},
	month = aug,
	year = {2020},
	pages = {1961--1990},
}
@article{kadir2016,
	title = {Learning {Management} {System} of {Higher} {Education} {Institution}},
	volume = {9},
	issn = {0974-5645, 0974-6846},
	url = {https://indjst.org/articles/learning-management-system-of-higher-education-institution},
	doi = {10.17485/ijst/2016/v9i9/88717},
	number = {9},
	urldate = {2022-01-27},
	journal = {Indian Journal of Science and Technology},
	author = {Kadir, Aini Zuriyati Abdul and Aziz, Nur Sukinah},
	month = mar,
	year = {2016},
}
@article{kasim2016,
	title = {Choosing the {Right} {Learning} {Management} {System} ({LMS}) for the {Higher} {Education} {Institution} {Context}: {A} {Systematic} {Review}},
	volume = {11},
	url = {http://online-journals.org/index.php/i-jet/article/view/5644},
	doi = {10.3991/ijet.v11i06.5644},
	number = {06},
	urldate = {2022-01-27},
	journal = {International Journal of Emerging Technologies in Learning (iJET)},
	author = {Kasim, Nurul Nadirah and Khalid, Fariza},
	month = jun,
	year = {2016},
	pages = {55},
}
@article{kerimbayev2020,
	title = {Virtual educational environment: interactive communication using {LMS} {Moodle}},
	volume = {25},
	url = {http://link.springer.com/10.1007/s10639-019-10067-5},
	doi = {10.1007/s10639-019-10067-5},
	number = {3},
	urldate = {2022-01-27},
	journal = {Education and Information Technologies},
	author = {Kerimbayev, Nurassyl and Nurym, Nurdaulet and Akramova, Аliya and Abdykarimova, Saule},
	month = may,
	year = {2020},
	pages = {1965--1982},
}
@article{klasnja-milicevic2017,
	title = {Data science in education: {Big} data and learning analytics},
	volume = {25},
	url = {https://onlinelibrary.wiley.com/doi/10.1002/cae.21844},
	doi = {10.1002/cae.21844},
	number = {6},
	urldate = {2022-01-27},
	journal = {Computer Applications in Engineering Education},
	author = {Klašnja-Milićević, Aleksandra and Ivanović, Mirjana and Budimac, Zoran},
	month = nov,
	year = {2017},
	pages = {1066--1078},
}
@article{larrabee2019,
	title = {The efficacy of learning analytics interventions in higher education: {A} systematic review},
	volume = {50},
	url = {https://onlinelibrary.wiley.com/doi/10.1111/bjet.12720},
	doi = {10.1111/bjet.12720},
	number = {5},
	urldate = {2022-01-27},
	journal = {British Journal of Educational Technology},
	author = {Larrabee, Anders and Hughes, Emily and Smith, Joanne},
	month = sep,
	year = {2019},
	pages = {2594--2618},
}
@article{lazaro_alvarez2020,
	title = {Predicting {Computer} {Engineering} students' dropout in {Cuban} {Higher} {Education} with pre-enrollment and early performance data},
	volume = {10},
	url = {https://www.jotse.org/index.php/jotse/article/view/922},
	doi = {10.3926/jotse.922},
	number = {2},
	urldate = {2022-01-27},
	journal = {Journal of Technology and Science Education},
	author = {Lázaro Alvarez, Niurys and Callejas, Zoraida and Griol, David},
	month = sep,
	year = {2020},
	pages = {241},
}
@article{lu2018,
	title = {Applying {Learning} {Analytics} for the {Early} {Prediction} of {Students}' {Academic} {Performance} in {Blended} {Learning}},
	volume = {21},
	url = {https://eric.ed.gov/?id=EJ1175301},
	number = {2},
	urldate = {2022-01-27},
	journal = {Educational Technology \& Society},
	author = {Lu, Owen H. T. and Huang, Anna Y. Q. and Huang, Jeff C. H. and Lin, Albert J. Q. and Ogata, Hiroaki and Yang, Stephen J. H.},
	year = {2018},
	pages = {220--232},
}
@article{lusigi2019,
	title = {Higher {Education}, {Technology}, and {Equity} in {Africa}},
	volume = {24},
	url = {https://www.tandfonline.com/doi/full/10.1080/13614576.2019.1608576},
	doi = {10.1080/13614576.2019.1608576},
	number = {1},
	urldate = {2022-01-27},
	journal = {New Review of Information Networking},
	author = {Lusigi, Angela},
	month = jan,
	year = {2019},
	pages = {1--16},
}
@article{miranda2019,
	title = {Learning {Analytics} to support learners and teachers: the navigation among contents as a model to adopt},
	copyright = {This work is licensed under a Creative Commons Attribution-NonCommercial-ShareAlike 4.0 International License.},
	url = {https://www.je-lks.org/ojs/index.php/Je-LKS_EN/article/view/1135065},
	doi = {10.20368/1971-8829/1135065},
	urldate = {2022-01-27},
	journal = {Journal of e-Learning and Knowledge Society},
	author = {Miranda, Sergio and Vegliante, Rosa},
	month = oct,
	year = {2019},
	pages = {101--116},
}
@article{mittelmeier2018,
	title = {Learning design in diverse institutional and cultural contexts: suggestions from a participatory workshop with higher education professionals in {Africa}},
	volume = {33},
	url = {https://www.tandfonline.com/doi/full/10.1080/02680513.2018.1486185},
	doi = {10.1080/02680513.2018.1486185},
	number = {3},
	urldate = {2022-01-27},
	journal = {Open Learning: The Journal of Open, Distance and e-Learning},
	author = {Mittelmeier, Jenna and Long, Dianne and Cin, Firdevs Melis and Reedy, Katharine and Gunter, Ashley and Raghuram, Parvati and Rienties, Bart},
	month = sep,
	year = {2018},
	pages = {250--266},
}
@article{moher2015,
	title = {Preferred reporting items for systematic review and meta-analysis protocols ({PRISMA}-{P}) 2015 statement},
	volume = {4},
	url = {https://systematicreviewsjournal.biomedcentral.com/articles/10.1186/2046-4053-4-1},
	doi = {10.1186/2046-4053-4-1},
	number = {1},
	urldate = {2022-01-27},
	journal = {Systematic Reviews},
	author = {Moher, David and Shamseer, Larissa and Clarke, Mike and Ghersi, Davina and Liberati, Alessandro and Petticrew, Mark and Shekelle, Paul and Stewart, Lesley A},
	month = dec,
	year = {2015},
	pages = {1},
}
@article{mubarak2021,
	title = {Predictive learning analytics using deep learning model in {MOOCs}’ courses videos},
	volume = {26},
	url = {https://link.springer.com/10.1007/s10639-020-10273-6},
	doi = {10.1007/s10639-020-10273-6},
	number = {1},
	urldate = {2022-01-27},
	journal = {Education and Information Technologies},
	author = {Mubarak, Ahmed Ali and Cao, Han and Ahmed, Salah A.M.},
	month = jan,
	year = {2021},
	pages = {371--392},
}
@article{nguyen2021,
	title = {Design principles for learning analytics information systems in higher education},
	volume = {30},
	url = {https://www.tandfonline.com/doi/full/10.1080/0960085X.2020.1816144},
	doi = {10.1080/0960085X.2020.1816144},
	number = {5},
	urldate = {2022-01-27},
	journal = {European Journal of Information Systems},
	author = {Nguyen, Andy and Tuunanen, Tuure and Gardner, Lesley and Sheridan, Don},
	month = sep,
	year = {2021},
	pages = {541--568},
}
@article{monllao_olive2020,
	title = {A supervised learning framework: using assessment to identify students at risk of dropping out of a {MOOC}},
	volume = {32},
	url = {http://link.springer.com/10.1007/s12528-019-09230-1},
	doi = {10.1007/s12528-019-09230-1},
	number = {1},
	urldate = {2022-01-27},
	journal = {Journal of Computing in Higher Education},
	author = {Monllaó Olivé, David and Huynh, Du Q. and Reynolds, Mark and Dougiamas, Martin and Wiese, Damyon},
	month = apr,
	year = {2020},
	pages = {9--26},
}
@article{picciano2012,
	title = {The {Evolution} of {Big} {Data} and {Learning} {Analytics} in {American} {Higher} {Education}},
	volume = {16},
	url = {https://olj.onlinelearningconsortium.org/index.php/olj/article/view/267},
	doi = {10.24059/olj.v16i3.267},
	number = {3},
	urldate = {2022-01-27},
	journal = {Online Learning},
	author = {Picciano, Anthony G},
	month = jun,
	year = {2012},
}
@article{priyaadharshini2020,
	title = {Learning {Analytics}: {Game}-based {Learning} for {Programming} {Course} in {Higher} {Education}},
	volume = {172},
	url = {https://linkinghub.elsevier.com/retrieve/pii/S1877050920314733},
	doi = {10.1016/j.procs.2020.05.143},
	urldate = {2022-01-27},
	journal = {Procedia Computer Science},
	author = {Priyaadharshini, M  and Mayil, Natha  and Dakshina, R and Sandhya, S  and Bettina, Shirley },
	year = {2020},
	pages = {468--472},
}
@article{rojascastro2017,
	title = {Learning {Analytics}. {Una} {Revisión} de la {Literatura}},
	volume = {20},
	url = {http://educacionyeducadores.unisabana.edu.co/index.php/eye/article/view/6412/4454},
	doi = {10.5294/edu.2017.20.1.6},
	number = {1},
	urldate = {2022-01-27},
	journal = {Educación y Educadores},
	author = {Rojas Castro, Pablo},
	month = feb,
	year = {2017},
	pages = {106--128},
}
@article{sahin2019,
	title = {Educational {Data} {Mining} and {Learning} {Analytics}: {Past}, {Present} and {Future}},
	volume = {9},
	number = {1},
	journal = {Bartın University Journal of Faculty of Education},
	author = {Şahin, Muhittin and Yurdugül, Halil},
	year = {2019},
	pages = {121--131},
}
@article{saiz_manzanares2018,
	title = {Detección del alumno en riesgo en titulaciones de {Ciencias} de la {Salud}: aplicación de técnicas de {Learning} {Analytics}},
	volume = {8},
	url = {https://formacionasunivep.com/ejihpe/index.php/journal/article/view/273},
	doi = {10.30552/ejihpe.v8i3.273},
	number = {3},
	urldate = {2022-01-27},
	journal = {European Journal of Investigation in Health, Psychology and Education},
	author = {Saiz Manzanares, María Consuelo and Marticorena Sánchez, Raúl and Arnaiz González, Álvar and Escolar Llamazares, María del Camino and Queiruga Dios, Miguel Ángel},
	month = dec,
	year = {2018},
	pages = {129},
}
@article{saqr2019,
	title = {Time to focus on the temporal dimension of learning: a learning analytics study of the temporal patterns of students' interactions and self-regulation},
	volume = {11},
	url = {http://www.inderscience.com/link.php?id=10020597},
	doi = {10.1504/IJTEL.2019.10020597},
	number = {4},
	urldate = {2022-01-27},
	journal = {International Journal of Technology Enhanced Learning},
	author = {Saqr, Mohammed and Fors, Uno and Nouri, Jalal},
	year = {2019},
	pages = {398},
}
@article{salgado2019,
	title = {Modelo para predecir el rendimiento académico basado en redes neuronales y analítica de aprendizaje},
	volume = {1},
	number = {17},
	journal = {Sistemas y Tecnologías de Información},
	author = {Salgado, Nelson and Beltrán, Jéfferson and Guaña, Javier and Escobar, Charles and Nicolalde, Damian and Chafla,  Gustavo},
	year = {2019},
	pages = {258--266 },
}
@article{siemens2013,
	title = {Learning {Analytics}: {The} {Emergence} of a {Discipline}},
	volume = {57},
	url = {http://journals.sagepub.com/doi/10.1177/0002764213498851},
	doi = {10.1177/0002764213498851},
	number = {10},
	urldate = {2022-01-27},
	journal = {American Behavioral Scientist},
	author = {Siemens, George},
	month = oct,
	year = {2013},
	pages = {1380--1400},
}
@article{soffer2019,
	title = {Students' engagement characteristics predict success and completion of online courses},
	volume = {35},
	url = {https://onlinelibrary.wiley.com/doi/10.1111/jcal.12340},
	doi = {10.1111/jcal.12340},
	number = {3},
	urldate = {2022-01-27},
	journal = {Journal of Computer Assisted Learning},
	author = {Soffer, Tal and Cohen, Anat},
	month = jun,
	year = {2019},
	pages = {378--389},
}
@article{srimadhaven2020,
	title = {Learning {Analytics}: {Virtual} {Reality} for {Programming} {Course} in {Higher} {Education}},
	volume = {172},
	url = {https://linkinghub.elsevier.com/retrieve/pii/S1877050920314241},
	doi = {10.1016/j.procs.2020.05.095},
	urldate = {2022-01-27},
	journal = {Procedia Computer Science},
	author = {Srimadhaven, T. and  Chris Junni, A. and Harshith, Naga and Jessenth, Ebenezer and Shabari, Girish and Priyaadharshini, M. },
	year = {2020},
	pages = {433--437},
}
@article{strang2016,
	title = {Can online student performance be forecasted by learning analytics?},
	volume = {8},
	url = {http://www.inderscience.com/link.php?id=75950},
	doi = {10.1504/IJTEL.2016.075950},
	number = {1},
	urldate = {2022-01-27},
	journal = {International Journal of Technology Enhanced Learning},
	author = {Strang, Kenneth David},
	year = {2016},
	pages = {26},
}
@article{tempelaar2017,
	title = {Towards {Actionable} {Learning} {Analytics} {Using} {Dispositions}},
	volume = {10},
	url = {http://ieeexplore.ieee.org/document/7839177/},
	doi = {10.1109/TLT.2017.2662679},
	number = {1},
	urldate = {2022-01-27},
	journal = {IEEE Transactions on Learning Technologies},
	author = {Tempelaar, Dirk T. and Rienties, Bart and Nguyen, Quan},
	month = jan,
	year = {2017},
	pages = {6--16},
}
@article{tempelaar2020,
	title = {Subjective data, objective data and the role of bias in predictive modelling: {Lessons} from a dispositional learning analytics application},
	volume = {15},
	url = {https://dx.plos.org/10.1371/journal.pone.0233977},
	doi = {10.1371/journal.pone.0233977},
	number = {6},
	urldate = {2022-01-27},
	journal = {PLOS ONE},
	author = {Tempelaar, Dirk and Rienties, Bart and Nguyen, Quan},
	editor = {Kovanovic, Vitomir},
	month = jun,
	year = {2020},
	pages = {e0233977},
}
@incollection{tulasi2013,
	address = {Cham},
	title = {Significance of {Big} {Data} and {Analytics} in {Higher} {Education}},
	url = {https://doi.org/10.1007/978-3-319-06520-5_1},
	urldate = {2022-01-27},
	booktitle = {Big {Data} and {Learning} {Analytics} in {Higher} {Education}: {Current} {Theory} and {Practice}},
	publisher = {Springer International Publishing},
	author = {Tulasi, Ben},
	year = {2013},
}
@inproceedings{wibawa2021,
	address = {Jakarta, Indonesia},
	title = {Learning analytic and educational data mining for learning science and technology},
	volume = {20},
	url = {http://aip.scitation.org/doi/abs/10.1063/5.0041844},
	doi = {10.1063/5.0041844},
	urldate = {2022-01-27},
	booktitle = {Transforming {Research} and {Education} of {Science} and {Mathematics} in the {Digital} {Age}},
	author = {Wibawa, Basuki and Siregar, Jenny S. and Asrorie, D. A. and Syakdiyah, Halimatus},
	year = {2021},
	pages = {060001},
}
@article{zabolotniaia2020,
	title = {Use of the {LMS} {Moodle} for an {Effective} {Implementation} of an {Innovative} {Policy} in {Higher} {Educational} {Institutions}},
	volume = {15},
	url = {https://online-journals.org/index.php/i-jet/article/view/14945},
	doi = {10.3991/ijet.v15i13.14945},
	number = {13},
	urldate = {2022-01-27},
	journal = {International Journal of Emerging Technologies in Learning (iJET)},
	author = {Zabolotniaia, Mariia and Cheng, Zhichao and Dorozhkin, Evgenij and Lyzhin, Anton},
	month = jul,
	year = {2020},
	pages = {172},
}
@article{zhang2020,
	title = {Using {Learning} {Analytics} to {Predict} {Students} {Performance} in {Moodle} {LMS}},
	volume = {15},
	url = {https://online-journals.org/index.php/i-jet/article/view/15915},
	doi = {10.3991/ijet.v15i20.15915},
	number = {20},
	urldate = {2022-01-27},
	journal = {International Journal of Emerging Technologies in Learning (iJET)},
	author = {Zhang, Yaqun and Ghandour, Ahmad and Shestak, Viktor},
	month = oct,
	year = {2020},
	pages = {102},
}
@article{zheng2020,
	title = {Profiling self-regulation behaviors in {STEM} learning of engineering design},
	volume = {143},
	url = {https://linkinghub.elsevier.com/retrieve/pii/S0360131519302222},
	doi = {10.1016/j.compedu.2019.103669},
	urldate = {2022-01-27},
	journal = {Computers \& Education},
	author = {Zheng, Juan and Xing, Wanli and Zhu, Gaoxia and Chen, Guanhua and Zhao, Henglv and Xie, Charles},
	month = jan,
	year = {2020},
	pages = {103669},
}
@article{zulkifli2019,
	title = {Systematic {Research} on {Predictive} {Models} on {Students}’ {Academic} {Performance} in {Higher} {Education}},
	volume = {8},
	url = {https://www.ijrte.org/wp-content/uploads/papers/v8i2S3/B10610782S319.pdf},
	doi = {10.35940/ijrte.B1061.0782S319},
	number = {2S3},
	urldate = {2022-01-27},
	journal = {International Journal of Recent Technology and Engineering},
	author = {Zulkifli, Faiz and Mohamed, Zulkifley and Azmee, Nor Afzalina},
	month = aug,
	year = {2019},
	pages = {357--363},
}
