
@incollection{addone_engaging_2022,
	address = {Cham},
	title = {Engaging {Children} in {Digital} {Storytelling}},
	volume = {326},
	url = {https://link.springer.com/10.1007/978-3-030-86618-1_26},
	urldate = {2022-05-03},
	booktitle = {Methodologies and {Intelligent} {Systems} for {Technology} {Enhanced} {Learning}, 11th {International} {Conference}},
	publisher = {Springer International Publishing},
	author = {Addone, A. and Palmieri, G. and Pellegrino, M. A.},
	editor = {De la Prieta, F. and Gennari, R. and Temperini, M. and Di Mascio, T. and Vittorini, P. and Kubincova, Z. and Popescu, E. and Rua Carneiro, D. and Lancia, L. and Addone, A.},
	year = {2022},
	doi = {10.1007/978-3-030-86618-1_26},
	pages = {261--270},
}

@article{abdel-reheem_amin_review_2020,
	title = {A {Review} of {Research} into {Google} {Apps} in the {Process} of {English} {Language} {Learning} and {Teaching}},
	volume = {11},
	url = {https://awej.org/a-review-of-research-into-google-apps-in-the-process-of-english-language-learning-and-teaching/},
	doi = {10.24093/awej/vol11no1.27},
	number = {1},
	urldate = {2022-05-03},
	journal = {Arab World English Journal},
	author = {Abdel-Reheem Amin, E.},
	month = mar,
	year = {2020},
	pages = {399--418},
}

@book{anguera_metodologiobservacion_1978,
	address = {Madrid},
	title = {Metodología de la observación en las ciencias humanas},
	publisher = {Cátedra},
	author = {Anguera, M. T.},
	year = {1978},
}

@article{alvarez_valdivia_evaluar_2009,
	title = {Evaluar para contribuir a la autorregulación del aprendizaje},
	volume = {7},
	url = {http://ojs.ual.es/ojs/index.php/EJREP/article/view/1362},
	doi = {10.25115/ejrep.v7i19.1362},
	number = {19},
	urldate = {2022-05-03},
	journal = {Electronic Journal of Research in Education Psychology},
	author = {Álvarez Valdivia, I. M.},
	month = nov,
	year = {2009},
}

@article{infante-villagran_aplicaciones_2021,
	title = {Aplicaciones que emplean y recomendaciones que entregan las y los docentes universitarios para la autorregulación del aprendizaje en contexto de la pandemia por {COVID}-19},
	volume = {14},
	url = {https://periodicos.ufmg.br/index.php/textolivre/article/view/33027},
	doi = {10.35699/1983-3652.2021.33027},
	number = {3},
	urldate = {2022-05-04},
	journal = {Texto Livre: Linguagem e Tecnologia},
	author = {Infante-Villagrán, V. A. and Dapelo Pellerano, B. M. P. and Cobo-Rendon, R. and López-Angulo, Y. and Escobar Alaniz, B. and Beyle, C.},
	month = aug,
	year = {2021},
	pages = {e33027},
}

@article{barton_immediate_2020,
	title = {Immediate {Attention} {Enhancement} and {Restoration} {From} {Interactive} and {Immersive} {Technologies}: {A} {Scoping} {Review}},
	volume = {11},
	url = {https://www.frontiersin.org/article/10.3389/fpsyg.2020.02050/full},
	doi = {10.3389/fpsyg.2020.02050},
	urldate = {2022-05-04},
	journal = {Frontiers in Psychology},
	author = {Barton, A. C. and Sheen, J. and Byrne, L. K.},
	month = aug,
	year = {2020},
	pages = {2050},
}

@article{berridi_ramirez_estrategias_2017,
	title = {Estrategias de autorregulación en contextos virtuales de aprendizaje},
	volume = {39},
	url = {http://www.scielo.org.mx/scielo.php?script=sci_abstract&pid=S0185-26982017000200089&lng=es&nrm=iso&tlng=es},
	number = {156},
	urldate = {2022-05-04},
	journal = {Perfiles educativos},
	author = {Berridi Ramírez, R. and Martínez Guerrero, J. I. and Berridi Ramírez, R. and Martínez Guerrero, J. I.},
	month = jun,
	year = {2017},
	pages = {89--102},
}

@article{bertolini_theory_2017,
	title = {Theory and practice of digital storytelling in preschool},
	url = {https://oaj.fupress.net/index.php/formare/article/view/3653},
	doi = {10.13128/FORMARE-20238},
	urldate = {2022-05-04},
	journal = {Form@re - Open Journal per la formazione in rete},
	author = {Bertolini, C.},
	month = apr,
	year = {2017},
	pages = {144--157 Pages},
}

@article{bocci_apps_2017,
	title = {The {Apps} as tools for learning to read and write. {A} {Review}},
	url = {https://oaj.fupress.net/index.php/formare/article/view/3677},
	doi = {10.13128/FORMARE-20534},
	urldate = {2022-05-04},
	journal = {Form@re - Open Journal per la formazione in rete},
	author = {Bocci, F. and Guerini, I. and Marsano, M.},
	month = jul,
	year = {2017},
	pages = {225--237 Pages},
}

@article{camilleri_students_2019,
	title = {The students’ readiness to engage with mobile learning apps},
	volume = {17},
	url = {https://www.emerald.com/insight/content/doi/10.1108/ITSE-06-2019-0027/full/html},
	doi = {10.1108/ITSE-06-2019-0027},
	number = {1},
	urldate = {2022-05-04},
	journal = {Interactive Technology and Smart Education},
	author = {Camilleri, M. A. and Camilleri, A. C.},
	month = sep,
	year = {2019},
	pages = {28--38},
}

@article{cepa_serrano_educacion_2017,
	title = {La educación emocional en la infancia: una estrategia inclusiva},
	volume = {46},
	url = {https://www.unioviedo.es/reunido/index.php/AA/article/view/11990},
	doi = {10.17811/rifie.46.2017.73-82},
	urldate = {2022-05-04},
	journal = {Aula Abierta},
	author = {Cepa Serrano, A. and Heras Sevilla, D. and Fernández-Hawrylak, M.},
	month = jul,
	year = {2017},
	pages = {73},
}

@book{torremocha_libros_2002,
	title = {Libros, lectores y mediadores: la formación de los hábitos lectores como proceso de aprendizaje},
	publisher = {Univ de Castilla La Mancha},
	author = {Torremocha, P. C. C. and Larrañaga, E. and Yubero, S.},
	year = {2002},
}

@article{colomina_observacion_1997,
	title = {La observación de los procesos de regulación del aprendizaje en el aula},
	volume = {9},
	url = {https://www.tandfonline.com/doi/full/10.1174/113564097760624757},
	doi = {10.1174/113564097760624757},
	number = {4},
	urldate = {2022-05-04},
	journal = {Cultura y Educación},
	author = {Colomina, R. and Onrubia, J.},
	month = jan,
	year = {1997},
	pages = {63--72},
}

@article{cristobal_extroversion_2017,
	title = {Extroversión e introversión en un contexto de autoridad u obediencia},
	volume = {7},
	url = {https://revistas.ucsp.edu.pe/index.php/psicologia/article/view/59},
	number = {2},
	journal = {Revista de Psicología},
	author = {Cristóbal, C. S. and Mendoza, M. M. and Rodríguez, N. L.},
	year = {2017},
	pages = {55--71},
}

@article{del-moral_evaluacion_2019,
	title = {Evaluación de la potencialidad creativa de aplicaciones móviles creadoras de relatos digitales para {Educación} {Primaria}},
	volume = {18},
	url = {https://revista.uclm.es/index.php/ocnos/article/view/ocnos_2019.18.1.1866},
	doi = {10.18239/ocnos_2019.18.1.1866},
	number = {1},
	urldate = {2022-05-04},
	journal = {Ocnos: Revista de estudios sobre lectura},
	author = {Del-Moral Pérez, M. E. and Bellver, M. C. and Guzmán Duque, A. P.},
	month = mar,
	year = {2019},
	pages = {7--20},
}

@incollection{del-moral_aportaciones_2021,
	title = {Aportaciones al análisis del lenguaje infantil durante la interacción con apps},
	booktitle = {Infancia y pantallas. {Evidencias} actuales y métodos de análisis},
	author = {Del-Moral Pérez, M. E. and Neira Piñeiro, M. del R. and Martínez Villalustre, L. and López-Bouzas, N.},
	editor = {Crescenzi, L. and Grané, M.},
	year = {2021},
	pages = {91--100},
}

@article{fu_exploring_2021,
	title = {Exploring the impacts of digital storytelling on {English} as a foreign language learners’ speaking competence},
	url = {https://www.tandfonline.com/doi/full/10.1080/15391523.2021.1911008},
	doi = {10.1080/15391523.2021.1911008},
	urldate = {2022-05-04},
	journal = {Journal of Research on Technology in Education},
	author = {Fu, J. S. and Yang, S.-H. and Yeh, H.-C.},
	month = jul,
	year = {2021},
	pages = {1--16},
}

@article{ramya_gangaiamaran_review_2017,
	title = {Review on {Use} of {Mobile} {Apps} for {Language} {Learning}},
	volume = {12},
	url = {http://www.ripublication.com/ijaer17/ijaerv12n21_102.pdf},
	number = {21},
	journal = {International Journal of Applied Engineering Research},
	author = {Gangaiamaran, R. and Pasupathi, M.},
	year = {2017},
	pages = {11242--11251},
}

@article{garcia-rodriguez_contenidos_2016,
	title = {Contenidos enriquecidos para niños o las nuevasformas de leer, crear y escuchar historias: una propuesta declasificación},
	url = {http://www.scielo.cl/scielo.php?script=sci_arttext&pid=S0718-22952016000300009&lng=en&nrm=iso&tlng=en},
	doi = {10.4067/S0718-22952016000300009},
	number = {94},
	urldate = {2022-05-04},
	journal = {Revista chilena de literatura},
	author = {García-Rodríguez, A. and Gómez-Díaz, R.},
	month = dec,
	year = {2016},
	pages = {173--195},
}

@article{ghalebandi_engaging_2019,
	title = {Engaging {Children} {With} {Pleasure} {Reading}: {The} {E}-{Reading} {Experience}},
	volume = {56},
	url = {http://journals.sagepub.com/doi/10.1177/0735633117738716},
	doi = {10.1177/0735633117738716},
	number = {8},
	urldate = {2022-05-04},
	journal = {Journal of Educational Computing Research},
	author = {Ghalebandi, S. G. and Noorhidawati, A.},
	month = jan,
	year = {2019},
	pages = {1213--1237},
}

@book{hacker_metacognition_1998,
	address = {Mahwah, N.J.},
	title = {Metacognition in educational theory and practice},
	publisher = {L. Erlbaum Associates},
	author = {Hacker, D. J. and Dunlosky, J. and Graesser, A. C. and NetLibrary, I.},
	year = {1998},
}

@article{jimenez_utilizacion_2017,
	title = {Utilización de tablets en {Educación} {Infantil}: {Un} estudio de caso / {Use} of the tablets in {Early} {Childhood} {Education}: {A} case study},
	volume = {16},
	url = {https://relatec.unex.es/article/view/2853},
	doi = {10.17398/1695-288X.16.2.193},
	number = {2},
	urldate = {2022-05-04},
	journal = {Revista Latinoamericana de Tecnología Educativa - RELATEC},
	author = {Jiménez, E. R. and Galán, R. P. and Torres, N. Q.},
	month = dec,
	year = {2017},
	pages = {193--203},
}

@article{kaplan_clarifying_2008,
	title = {Clarifying {Metacognition}, {Self}-{Regulation}, and {Self}-{Regulated} {Learning}: {What}’s the {Purpose}?},
	volume = {20},
	url = {http://link.springer.com/10.1007/s10648-008-9087-2},
	doi = {10.1007/s10648-008-9087-2},
	number = {4},
	urldate = {2022-05-04},
	journal = {Educational Psychology Review},
	author = {Kaplan, A.},
	month = dec,
	year = {2008},
	pages = {477--484},
}

@inproceedings{kay_creating_2018,
	address = {Valencia, Spain},
	title = {Creating a framework for selecting and evaluating educational apps},
	url = {http://library.iated.org/view/KAY2018CRE},
	doi = {10.21125/inted.2018.0106},
	urldate = {2022-05-04},
	author = {Kay, R.},
	month = mar,
	year = {2018},
	pages = {374--382},
}

@article{leon_review_2017,
	title = {Review of {Android} and {iOS} {Tablet} {Apps} in {Spanish} to {Improve} {Reading} and {Writing} skills of {Children} with {Dyslexia}},
	volume = {237},
	url = {https://linkinghub.elsevier.com/retrieve/pii/S1877042817302008},
	doi = {10.1016/j.sbspro.2017.02.200},
	urldate = {2022-05-04},
	journal = {Procedia - Social and Behavioral Sciences},
	author = {León, A. M. and Bravo, C. B. and Fernández, A. R.},
	month = feb,
	year = {2017},
	pages = {1383--1389},
}

@article{lisenbee_engaging_2018,
	title = {Engaging {Students} in {Traditional} and {Digital} {Storytelling} to {Make} {Connections} {Between} {Pedagogy} and {Children}’s {Experiences}},
	volume = {46},
	url = {http://link.springer.com/10.1007/s10643-017-0846-x},
	doi = {10.1007/s10643-017-0846-x},
	number = {1},
	urldate = {2022-05-04},
	journal = {Early Childhood Education Journal},
	author = {Lisenbee, P. S. and Ford, C. M.},
	month = jan,
	year = {2018},
	pages = {129--139},
}

@article{rodriguez_digital_2021,
	title = {Digital {Storytelling} in {Education}: {A} {Systematic} {Review} of the {Literature}},
	volume = {13},
	url = {http://www.ccsenet.org/journal/index.php/res/article/view/0/45027},
	doi = {10.5539/res.v13n2p13},
	number = {2},
	urldate = {2022-05-04},
	journal = {Review of European Studies},
	author = {Rodríguez, C. L. and García-Jiménez, M. and Massó-Guijarro, B. and Cruz-González, C.},
	month = mar,
	year = {2021},
	pages = {13},
}

@article{marsh_play_2018,
	title = {Play and creativity in young children's use of apps: {British} {Journal} of {Educational} {Technology}},
	volume = {49},
	url = {https://onlinelibrary.wiley.com/doi/10.1111/bjet.12622},
	doi = {10.1111/bjet.12622},
	number = {5},
	urldate = {2022-05-04},
	journal = {British Journal of Educational Technology},
	author = {Marsh, J. and Plowman, L. and Yamada-Rice, D. and Bishop, J. and Lahmar, J. and Scott, F.},
	month = sep,
	year = {2018},
	pages = {870--882},
}

@article{neumann_use_2017,
	title = {The use of touch-screen tablets at home and pre-school to foster emergent literacy},
	volume = {17},
	url = {http://journals.sagepub.com/doi/10.1177/1468798415619773},
	doi = {10.1177/1468798415619773},
	number = {2},
	urldate = {2022-05-04},
	journal = {Journal of Early Childhood Literacy},
	author = {Neumann, M. M. and Neumann, D. L.},
	month = jun,
	year = {2017},
	pages = {203--220},
}

@article{obyrne_digital_2018,
	title = {Digital {Storytelling} in {Early} {Childhood}: {Student} {Illustrations} {Shaping} {Social} {Interactions}},
	volume = {9},
	url = {https://www.frontiersin.org/article/10.3389/fpsyg.2018.01800/full},
	doi = {10.3389/fpsyg.2018.01800},
	urldate = {2022-05-04},
	journal = {Frontiers in Psychology},
	author = {O’Byrne, W. I. and Houser, K. and Stone, R. and White, M.},
	month = oct,
	year = {2018},
	pages = {1800},
}

@article{papadakis_educational_2018,
	title = {Educational apps from the {Android} {Google} {Play} for {Greek} preschoolers: {A} systematic review},
	volume = {116},
	url = {https://www.sciencedirect.com/science/article/pii/S0360131517302117},
	doi = {10.1016/j.compedu.2017.09.007},
	urldate = {2022-05-04},
	journal = {Computers \& Education},
	author = {Papadakis, S. and Kalogiannakis, M. and Zaranis, N.},
	month = jan,
	year = {2018},
	pages = {139--160},
}

@article{panadero_teorias_2014,
	title = {Teorías de autorregulación educativa: una comparación y reflexión teórica},
	volume = {20},
	url = {http://journals.copmadrid.org/psed/articulo.php?id=84c6494d30851c63a55cdb8cb047fadd},
	doi = {10.1016/j.pse.2014.05.002},
	number = {1},
	urldate = {2022-05-04},
	journal = {Psicología Educativa},
	author = {Panadero, E. and Alonso-Tapia, J.},
	month = jun,
	year = {2014},
	pages = {11--22},
}

@article{requena_arellano_autorregulacion_2020,
	title = {Autorregulación del aprendizaje y su andamiaje en entornos virtuales},
	url = {https://saber.ucab.edu.ve/xmlui/handle/123456789/19911},
	urldate = {2022-05-04},
	author = {Requena Arellano, M. A.},
	month = jul,
	year = {2020},
}

@book{siegel_estadistica_2005,
	address = {México},
	title = {Estadística no paramétrica aplicada a las ciencias de la conducta},
	publisher = {Editorial Trillas},
	author = {Siegel, S. and Aragon Borja, L. E. and Castellan, N. J. and Fierros Davila, L. E.},
	year = {2005},
}

@incollection{strasser_towards_2015,
	address = {Cham},
	title = {Towards {Digital} {Immersive} and {Seamless} {Language} {Learning}},
	volume = {486},
	url = {http://link.springer.com/10.1007/978-3-319-22017-8_5},
	urldate = {2022-05-04},
	booktitle = {Immersive {Education}},
	publisher = {Springer International Publishing},
	author = {Strasser, T. and Greller, W.},
	editor = {Ebner, M. and Erenli, K. and Malaka, R. and Pirker, J. and Walsh, A. E.},
	year = {2015},
	doi = {10.1007/978-3-319-22017-8_5},
	pages = {52--62},
}

@article{tavernier_emerging_2020,
	title = {Emerging {Mobile} {Learning} {Pedagogy} {Practices}: {Using} tablets and constructive apps in early childhood education},
	volume = {57},
	url = {https://www.tandfonline.com/doi/full/10.1080/09523987.2020.1824423},
	doi = {10.1080/09523987.2020.1824423},
	number = {3},
	urldate = {2022-05-04},
	journal = {Educational Media International},
	author = {Tavernier, M. and Hu, X.},
	month = jul,
	year = {2020},
	pages = {253--270},
}

@article{winne_inherent_1995,
	title = {Inherent details in self-regulated learning},
	volume = {30},
	url = {https://www.tandfonline.com/doi/full/10.1207/s15326985ep3004_2},
	doi = {10.1207/s15326985ep3004_2},
	number = {4},
	urldate = {2022-05-04},
	journal = {Educational Psychologist},
	author = {Winne, P. H.},
	month = sep,
	year = {1995},
	pages = {173--187},
}
