@article{ekman_repertoire_1969,
  title = {The repertoire of nonverbal behavior: {Categories}, origins, usage, and coding},
  author = {Ekman, Paul and Friesen, Wallace V.},
  year = {1969},
  journal = {Semiotic},
  volume = {1},
  pages = {49--98},
}

@article{ekman_universal_1970,
  title = {Universal {Facial} {Expressions} of {Emotions}},
  author = {Ekman, Paul},
  year = {1970},
  journal = {California Mental Health Research Digest},
  volume = {8},
  number = {4},
  pages = {151--158},
}

@book{ekman_que_1975,
  title = {Unmasking the face. A guide to recognizing emotions from facial expressions},
  author = {Ekman, Paul and Friesen, Wallace V.},
  year = {1975},
  publisher = {Consulting Psychologists Press},
  address = {Washington, DC},
}

@book{izard_il_1977,
  title = {Il {Maximally} {Discriminative} {Facial} {Movement} {Coding} {System} ({MAX})},
  author = {Izard, Carroll E.},
  year = {1977},
  publisher = {Instructional Resources Center, University of Delaware},
  address = {Delaware},
}

@article{ekman_facial_1979,
  title = {Facial expressions of emotion},
  author = {Ekman, Paul and Oster, Harriet},
  year = {1979},
  journal = {Annual Review of Psychology},
  volume = {30},
  pages = {527--554},
}

@article{aronson_cooperation_1980,
  title = {Cooperation, prosocial behavior, and academic performance: {Experiments} in the desegregated classroom},
  shorttitle = {Cooperation, prosocial behavior, and academic performance},
  author = {Aronson, Elliot and Osherow, Neal},
  year = {1980},
  journal = {Applied Social Psychology Annual},
  volume = {1},
  pages = {163--196},
  issn = {0196-4151},
  url = {https://psycnet.apa.org/record/1981-24265-001},
  urldate = {2024-07-25},
}

@article{salovey_emotional_1990,
  title = {Emotional {Intelligence}},
  author = {Salovey, Peter and Mayer, John D.},
  year = {1990},
  month = mar,
  journal = {Imagination, Cognition and Personality},
  volume = {9},
  number = {3},
  pages = {185--211},
  doi = {10.2190/dugg-p24e-52wk-6cdg},
  issn = {0276-2366},
  url = {http://journals.sagepub.com/doi/10.2190/DUGG-P24E-52WK-6CDG},
  urldate = {2024-07-25},
}

@inproceedings{bar-on_development_1997,
  title = {Development of the {Bar}-{On} {EQ}-i: {A} measure of emotional and social intelligence},
  author = {Bar-On, Reuven},
  year = {1997},
  booktitle = {Paper presented at the 105th {Annual} {Convention} of the {American} {Psychological} {Association}},
  address = {Chicago},
}

@incollection{mayer_what_1997,
  title = {What is emotional intelligence?},
  author = {Mayer, John D. and Salovey, Peter},
  year = {1997},
  booktitle = {Emotional {Development} and {Emotional} {Intelligence}: {Implications} for {Educators}},
  publisher = {Basic Books},
  address = {Nueva York},
  pages = {3--31},
  editor = {Salovey, Peter and Sluyter, David J.},
}

@book{saarni_development_1999,
  title = {The development of emotional competence},
  author = {Saarni, Carolyn},
  year = {1999},
  publisher = {Guilford Press},
  address = {Nueva York/Londres},
}

@incollection{mayer_2000,
  title = {Models of {Emotional} {Intelligence}},
  author = {Mayer, John D. and Salovey, Peter and Caruso, David},
  year = {2000},
  month = mar,
  booktitle = {Handbook of {Intelligence}},
  publisher = {Cambridge University Press},
  pages = {396--420},
  doi = {10.1017/cbo9780511807947.019},
  isbn = {9780521593717},
  url = {https://www.cambridge.org/core/product/identifier/CBO9780511807947A030/type/book_part},
  urldate = {2024-07-25},
  edition = {1},
  editor = {Sternberg, Robert J.},
}

@article{norman_emotion_2002,
  title = {Emotion \& design: attractive things work better},
  shorttitle = {Emotion \& design},
  author = {Norman, Don},
  year = {2002},
  month = jul,
  journal = {Interactions},
  volume = {9},
  number = {4},
  pages = {36--42},
  doi = {10.1145/543434.543435},
  issn = {1072-5520},
  url = {https://dl.acm.org/doi/10.1145/543434.543435},
  urldate = {2024-07-25},
}

@book{ekman_que_2003,
  title = {¿{Qué} dice ese gesto?},
  author = {Ekman, Paul},
  year = {2003},
  publisher = {Rba},
  address = {Barcelona},
}

@incollection{pagulayan_user-centered_2003,
  title = {User-centered design in games},
  author = {Pagulayan, Randy and Keeker, Kevin and Fuller, Thomas and Wixon, Dennis and Romero, Ramon and Gunn, Daniel V.},
  year = {2003},
  booktitle = {Human {Computer} {Interaction} {Handbook}},
  publisher = {CRC Press},
  address = {Boca Ratón, FL},
  pages = {883--906},
  editor = {Jacko, Julie A.},
}

@article{brackett_emotional_2004,
  title = {Emotional intelligence and its relation to everyday behaviour},
  author = {Brackett, Marc A and Mayer, John D and Warner, Rebecca M},
  year = {2004},
  month = apr,
  journal = {Personality and Individual Differences},
  volume = {36},
  number = {6},
  pages = {1387--1402},
  doi = {10.1016/s0191-8869(03)00236-8},
  issn = {01918869},
  url = {https://linkinghub.elsevier.com/retrieve/pii/S0191886903002368},
  urldate = {2024-07-25},
}

@incollection{bear_developing_2006,
  title = {Developing self-discipline},
  author = {Bear, George G. and Watkins, Julie M.},
  year = {2006},
  booktitle = {Children’s {Social} and {Emotional} {Learning} 421needs {III}: {Development}, prevention, and intervention},
  publisher = {National Association of School Psychologists},
  address = {Bethesda, MD},
  pages = {29--44},
  editor = {Bear, George G. and Minke, Kathleen M.},
}

@article{faul_statistical_2009,
  title = {Statistical power analyses using {G}*{Power} 3.1: {Tests} for correlation and regression analyses},
  shorttitle = {Statistical power analyses using {G}*{Power} 3.1},
  author = {Faul, Franz and Erdfelder, Edgar and Buchner, Axel and Lang, Albert-Georg},
  year = {2009},
  month = nov,
  journal = {Behavior Research Methods},
  volume = {41},
  number = {4},
  pages = {1149--1160},
  doi = {10.3758/brm.41.4.1149},
  issn = {1554-3528},
  url = {http://link.springer.com/10.3758/BRM.41.4.1149},
  urldate = {2024-07-25},
}

@article{langner_presentation_2010,
  title = {Presentation and validation of the {Radboud} {Faces} {Database}},
  author = {Langner, Oliver and Dotsch, Ron and Bijlstra, Gijsbert and Wigboldus, Daniel H. J. and Hawk, Skyler T. and Van Knippenberg, Ad},
  year = {2010},
  month = dec,
  journal = {Cognition \& Emotion},
  volume = {24},
  number = {8},
  pages = {1377--1388},
  doi = {10.1080/02699930903485076},
  issn = {0269-9931},
  url = {http://www.tandfonline.com/doi/abs/10.1080/02699930903485076},
  urldate = {2024-07-25},
}

@article{ambrona_benito_eficacia_2012,
  title = {Eficacia de un programa de educación emocional breve para incrementar la competencia emocional de niños de educación primaria={Efficacy} of a brief emotional education program to increase emotional competence in children at primary school},
  author = {Ambrona Benito, Tamara and López-Pérez, Belén and Márquez-González, María},
  year = {2012},
  month = jan,
  journal = {REOP - Revista Española de Orientación y Psicopedagogía},
  volume = {23},
  number = {1},
  pages = {39},
  doi = {10.5944/reop.vol.23.num.1.2012.11392},
  issn = {1989-7448},
  url = {http://revistas.uned.es/index.php/reop/article/view/11392},
  urldate = {2024-07-25},
}

@article{colorado-aguilar_usabilidad_2012,
  title = {La usabilidad de {TIC} en la práctica educativa},
  author = {Colorado-Aguilar, Brenda Luz and Edel-Navarro, Rubén},
  year = {2012},
  journal = {RED. Revista de Educación a Distancia},
  number = {30},
  pages = {1--11},
  issn = {1578-7680},
  url = {https://www.redalyc.org/articulo.oa?id=54723291004},
  urldate = {2024-07-25},
  language = {Español},
}

@article{jones_social_2012,
  title = {Social and {Emotional} {Learning} in {Schools}: {From} {Programs} to {Strategies} and commentaries},
  shorttitle = {Social and {Emotional} {Learning} in {Schools}},
  author = {Jones, Stephanie M. and Bouffard, Suzanne M.},
  year = {2012},
  month = dec,
  journal = {Social Policy Report},
  volume = {26},
  number = {4},
  pages = {1--33},
  doi = {10.1002/j.2379-3988.2012.tb00073.x},
  issn = {1075-7031},
  url = {https://srcd.onlinelibrary.wiley.com/doi/10.1002/j.2379-3988.2012.tb00073.x},
  urldate = {2024-07-25},
}

@article{bjorklund_together_2014,
  title = {“{Together} at school” - a school-based intervention program to promote socio-emotional skills and mental health in children: study protocol for a cluster randomized controlled trial},
  shorttitle = {“{Together} at school” - a school-based intervention program to promote socio-emotional skills and mental health in children},
  author = {Björklund, Katja and Liski, Antti and Samposalo, Hanna and Lindblom, Jallu and Hella, Juho and Huhtinen, Heini and Ojala, Tiina and Alasuvanto, Paula and Koskinen, Hanna-Leena and Kiviruusu, Olli and Hemminki, Elina and Punamäki, Raija-Leena and Sund, Reijo and Solantaus, Tytti and Santalahti, Päivi},
  year = {2014},
  month = dec,
  journal = {BMC Public Health},
  volume = {14},
  number = {1},
  pages = {1042},
  doi = {10.1186/1471-2458-14-1042},
  issn = {1471-2458},
  url = {https://bmcpublichealth.biomedcentral.com/articles/10.1186/1471-2458-14-1042},
  urldate = {2024-07-25},
}

@manual{rsoftware,
  title = {R: A Language and Environment for Statistical Computing},
  author = {{R Core Team}},
  year = {2015},
  address = {Vienna, Austria},
  url = {https://www.R-project.org/},
  organization = {R Foundation for Statistical Computing},
}

@incollection{Cornell_2017,
  title = {Developing {Social} {Emotional} {Competence} in the {Early} {Years}},
  author = {Cornell, Chelsea and Kiernan, Neisha and Kaufman, Danielle and Dobee, Prishni and Frydenberg, Erica and Deans, Janice},
  year = {2017},
  booktitle = {Social and {Emotional} {Learning} in {Australia} and the {Asia}-{Pacific}},
  publisher = {Springer Singapore},
  address = {Singapore},
  pages = {391--411},
  doi = {10.1007/978-981-10-3394-0_21},
  isbn = {9789811033933},
  url = {http://link.springer.com/10.1007/978-981-10-3394-0_21},
  urldate = {2024-07-26},
  editor = {Frydenberg, Erica and Martin, Andrew J. and Collie, Rebecca J.},
}

@article{dominguez_nuevos_2017,
  title = {Nuevos recursos tecnológicos para trabajar en un aula de educación infantil: el cuento interactivo considerado un recurso de aprendizaje},
  shorttitle = {{Nuevos} {Recursos} {Tecnológicos} {Para} {Trabajar} {En} {Un} {Aula} {De} {Educación} {Infantil}},
  author = {Domínguez, Celia Juana and Aguilar-Parra, José Manuel and Fernández-Campoy, Juan Miguel and Lozano Segura, Mª Carmen},
  year = {2017},
  month = nov,
  journal = {International Journal of Developmental and Educational Psychology. Revista INFAD de Psicología.},
  volume = {3},
  number = {1},
  pages = {435},
  doi = {10.17060/ijodaep.2017.n1.v3.1013},
  issn = {0214-9877},
  url = {http://www.infad.eu/RevistaINFAD/OJS/index.php/IJODAEP/article/view/1013},
  urldate = {2024-07-25},
}

@article{velasco_rodriguez_tac_2017,
  title = {Las {TAC} y los recursos para generar aprendizaje},
  author = {Velasco Rodríguez, Manuel Ángel},
  year = {2017},
  month = jun,
  journal = {Revista Infancia, Educación y Aprendizaje},
  volume = {3},
  number = {2},
  pages = {771},
  doi = {10.22370/ieya.2017.3.2.796},
  issn = {0719-6202},
  url = {http://revistas.uv.cl/index.php/IEYA/article/view/796},
  urldate = {2024-07-25},
}

@article{murcia_dossier:_nodate,
  title = {Dossier: {Pulsa} {A} para continuar. {Estudios} de la identidad en los videojuegos},
  author = {Murcia, Alberto},
  year = {2018},
  journal = {Caracteres. Estudios culturales y críticos de la esfera digital},
  volume = {7},
  number = {1},
}

@incollection{gutierrez_ensenanza_2019,
  title = {La enseñanza de habilidades socioemocionales en un grupo de educación primaria},
  author = {Gutiérrez, Melisa del Carmen and Rojas, Silvia C. and Terán, Marquina},
  year = {2019},
  booktitle = {Las emociones en los procesos pedagógicos y artísticos},
  publisher = {Unam/iteso},
  address = {Guadalajara},
  pages = {29--48},
  editor = {Enríquez, Rocío and López, Oliva},
}

@article{reyero_saez_educacion_2019,
  title = {La educación constructivista en la era digital},
  author = {Reyero Sáez, Marta},
  year = {2019},
  month = jan,
  journal = {Revista Tecnología, Ciencia y Educación},
  pages = {111--127},
  doi = {10.51302/tce.2019.244},
  issn = {2444-2887, 2444-250x},
  url = {https://www.tecnologia-ciencia-educacion.com/index.php/TCE/article/view/244},
  urldate = {2024-07-25},
}

@incollection{galvan_patrones_2020,
  title = {Patrones interactivos para el desarrollo del lenguaje oral en educación infantil con el uso de {TAC}: sinergias escuela - familia con {ClassDojo}},
  author = {Galván, María José and Sánchez-Santamaría, José and Ballester, María Gracia},
  year = {2020},
  booktitle = {Metodologías y herramientas inclusivas en contextos educativos},
  publisher = {Graó},
  address = {Barcelona},
  pages = {151--163},
  editor = {Román, Gorka and Idoiaga, Nahia and Apaolaza, Dorleta},
}

@article{trujillo_gonzalez_papel_2020,
  title = {El papel de las emociones en el aula de educación {Infantil}},
  author = {Trujillo González, Elisa and Ceballos Vacas, Esperanza María and Trujillo González, María Del Carmen and Moral Lorenzo, Cristina},
  year = {2020},
  month = feb,
  journal = {Profesorado, Revista de Currículum y Formación del Profesorado},
  volume = {24},
  number = {1},
  pages = {226--244},
  doi = {10.30827/profesorado.v24i1.8675},
  issn = {1989-6395},
  url = {https://revistaseug.ugr.es/index.php/profesorado/article/view/8675},
  urldate = {2024-07-25},
}

@book{goleman_inteligencia_2021,
  title = {La inteligencia emocional. {Por} qué es más importante que el cociente intelectual},
  author = {Goleman, Daniel},
  year = {2021},
  publisher = {Ediciones B},
  address = {Barcelona},
}

@article{moral_garcia_robotica_2021,
  title = {Robótica, realidad aumentada y {TAC} como herramientas clave en la metodología {CLIL} en {Educación} {Infantil}},
  author = {Moral García, María Cristina and Moreno Fuentes, Elena},
  year = {2021},
  month = jul,
  journal = {Márgenes Revista de Educación de la Universidad de Málaga},
  volume = {2},
  number = {2},
  pages = {116--129},
  doi = {10.24310/mgnmar.v2i2.10908},
  issn = {2695-2769},
  url = {https://revistas.uma.es/index.php/mgn/article/view/10908},
  urldate = {2024-07-25},
}

@article{urbina_ramirez_editorial:_2021,
  title = {Editorial: tecnologías digitales para la enseñanza en {Educación} {Infantil}},
  shorttitle = {Editorial},
  author = {Urbina Ramírez, Santos and Solano-Fernández, Isabel M.},
  year = {2021},
  month = jun,
  journal = {Edutec. Revista Electrónica de Tecnología Educativa},
  number = {76},
  pages = {1--6},
  doi = {10.21556/edutec.2021.76.2129},
  issn = {1135-9250},
  url = {https://www.edutec.es/revista/index.php/edutec-e/article/view/2129},
  urldate = {2024-07-25},
}

@article{mortazavizadeh_emotional_2022,
  title = {Emotional competence, attachment, and parenting styles in children and parents},
  author = {Mortazavizadeh, Zeinab and Göllner, Lars and Forstmeier, Simon},
  year = {2022},
  month = dec,
  journal = {Psicologia: Reflexão e Crítica},
  volume = {35},
  number = {1},
  pages = {6},
  doi = {10.1186/s41155-022-00208-0},
  issn = {1678-7153},
  url = {https://prc.springeropen.com/articles/10.1186/s41155-022-00208-0},
  urldate = {2024-07-25},
}

@article{ministerio_de_educacion_y_formacion_profesional_real_2022,
  title = {Real {Decreto} 95/2022, de 1 de febrero, por el que se establece la
           ordenación y las enseñanzas mínimas de la {Educación} {Infantil}},
  author = {{Ministerio de Educación y Formación Profesional}},
  year = {2022},
  month = feb,
  journal = {Boletín Oficial del Estado},
  number = {28},
  pages = {14561--14595},
}

@article{grund_emotional_2023,
  title = {Emotional competence: {The} missing piece in school curricula? {A} systematic analysis in the {German} education system},
  shorttitle = {Emotional competence},
  author = {Grund, Julius and Holst, Jorrit},
  year = {2023},
  journal = {International Journal of Educational Research Open},
  volume = {4},
  pages = {100238},
  doi = {10.1016/j.ijedro.2023.100238},
  issn = {26663740},
  url = {https://linkinghub.elsevier.com/retrieve/pii/S2666374023000134},
  urldate = {2024-07-25},
}

@article{iancu_role_2023,
  title = {The {Role} of {Information} and {Communication} {Technologies} ({ICT}) in {Early} {Childhood} {Education}. {Integrating} {Educational} {Software} into {Activity}},
  author = {Iancu, Aurelia},
  year = {2023},
  month = nov,
  journal = {Moldavian Journal for Education and Social Psychology},
  volume = {7},
  number = {1},
  pages = {1--8},
  doi = {10.18662/mjesp/7.1/39},
  issn = {2668-0653},
  url = {https://lumenpublishing.com/journals/index.php/mjesp/article/view/5894},
  urldate = {2024-07-25},
}

@article{moreno_design_2023,
  title = {Design and piloting of a proposal for intervention with educational robotics for the development of lexical relationships in early childhood education},
  author = {Moreno-Campos, Verónica and Muñoz, Francisco José Rodríguez},
  year = {2023},
  month = jan,
  journal = {Smart Learning Environments},
  volume = {10},
  number = {1},
  pages = {6},
  doi = {10.1186/s40561-023-00226-0},
  issn = {2196-7091},
  url = {https://slejournal.springeropen.com/articles/10.1186/s40561-023-00226-0
         },
  urldate = {2024-07-25},
}

@article{pimpe_2023,
  title = {Correlational Analysis of Emotional Intelligence and Psychological Well-being},
  author = {Pimpe, Jui},
  year = {2023},
  journal = {Indian Journal of Positive Psychology},
  volume = {14},
  number = {1},
  pages = {39--42},
}

@article{aldhilan_incidence_2024,
  title = {The incidence of information and communication technologies in early childhood classrooms: {A} systemic literature review}, 
  shorttitle = {The incidence of information and communication technologies in early childhood classrooms},
  author = {Aldhilan, Dalal},
  year = {2024},
  month = apr,
  journal = {Pedagogical Research},
  volume = {9},
  number = {2},
  pages = {em0190},
  doi = {10.29333/pr/14147},
  issn = {2468-4929},
  url = {https://www.pedagogicalresearch.com/article/the-incidence-of-information-and-communication-technologies-in-early-childhood-classrooms-a-systemic-14147},
  urldate = {2024-07-25},
}
