@article{agger2011,
	title = {{iTime}: {Labor} and life in a smartphone era},
	volume = {20},
	url = {http://journals.sagepub.com/doi/10.1177/0961463X10380730},
	doi = {10.1177/0961463X10380730},
	number = {1},
	urldate = {2021-06-01},
	journal = {Time \& Society},
	author = {Agger, Ben},
	month = mar,
	year = {2011},
	pages = {119--136},
}
@article{almansa-martinez2013,
	title = {Social {Networks} and {Young} {People}. {Comparative} {Study} of {Facebook} between {Colombia} and {Spain}},
	volume = {20},
	url = {https://www.revistacomunicar.com/index.php?contenido=detalles&numero=40&articulo=40-2013-15},
	doi = {10.3916/C40-2013-03-03},
	number = {40},
	urldate = {2021-06-04},
	journal = {Comunicar},
	author = {Almansa-Martínez, Ana and Fonseca, Oscar and Castillo-Esparcia, Antonio},
	month = mar,
	year = {2013},
	pages = {127--135},
}
@article{amariles2021,
	title = {{COVID}-19 in {Colombia} endpoints. {Are} we different, like {Europe}?},
	volume = {17},
	url = {https://linkinghub.elsevier.com/retrieve/pii/S1551741120302874},
	doi = {10.1016/j.sapharm.2020.03.013},
	number = {1},
	urldate = {2021-06-02},
	journal = {Research in Social and Administrative Pharmacy},
	author = {Amariles, Pedro and Granados, Johan and Ceballos, Mauricio and Montoya, Carlos Julio},
	month = jan,
	year = {2021},
	pages = {2036--2039},
}
@article{anaya_figueroa2021,
	title = {Escuelas rurales en el {Perú}: factores que acentúan las brechas digitales en tiempos de pandemia ({COVID}- 19) y recomendaciones para reducirlas},
	volume = {30},
	url = {http://revistas.pucp.edu.pe/index.php/educacion/article/view/23568},
	doi = {10.18800/educacion.202101.001},
	number = {58},
	urldate = {2021-06-02},
	journal = {Educación},
	author = {Anaya Figueroa, Tania and Montalvo Castro, Jorge and Calderón, Adolfo Ignacio and Arispe Alburqueque, Claudia},
	year = {2021},
}
@article{antonello2020,
	title = {Virtual meetings and social isolation in {COVID}-19 times: transposable barriers},
	volume = {42},
	url = {http://www.scielo.br/scielo.php?script=sci_arttext&pid=S2237-60892020000300221&tlng=en},
	doi = {10.1590/2237-6089-2020-0065},
	number = {3},
	urldate = {2021-06-01},
	journal = {Trends in Psychiatry and Psychotherapy},
	author = {Antonello, Vicente Sperb and Panzenhagen, Alana Castro and Balanzá-Martínez, Vicent and Shansis, Flávio Milman},
	month = sep,
	year = {2020},
	pages = {221--222},
}
@book{arango2020,
	address = {Bogotá},
	edition = {1},
	title = {Postdata {Colombia} : ocho perfiles en un país conectado},
	url = {https://www.utadeo.edu.co/es/publicacion/libro/editorial/235/postdata-colombia-ocho-perfiles-en-un-pais-conectado},
	urldate = {2021-06-01},
	publisher = {Editorial Utadeo},
	author = {Arango, Carlos A. and Calderón, Lizeth G. and Romero, Carlos and Sánchez, Iván},
	month = dec,
	year = {2020},
	doi = {10.21789/9789587252903},
}
@article{arcilacalderon2017,
	title = {El efecto condicional indirecto de la expectativa de rendimiento en el uso de {Facebook}, {Google}+, {Instagram} y {Twitter} por jóvenes},
	volume = {72},
	url = {http://www.revistalatinacs.org/072paper/1181/31es.html},
	doi = {10.4185/RLCS-2017-1181},
	urldate = {2021-06-01},
	journal = {Revista Latina de Comunicación Social},
	author = {Arcila Calderón, Carlos and López, Marcela and Peña, Jennie},
	month = jun,
	year = {2017},
	pages = {590--607},
}
@article{aristizabal2020,
	title = {Niños “conectados”: una aproximación etnográfica a las experiencias de niños, familias y escuela a través del uso de tablets. ({Bogotá}, {Colombia})},
	volume = {41},
	url = {http://revistascientificas.filo.uba.ar/index.php/runa/article/view/6184},
	doi = {10.34096/runa.v41i2.6184},
	number = {2},
	urldate = {2021-05-28},
	journal = {RUNA, archivo para las ciencias del hombre},
	author = {Aristizábal, Diana Marcela},
	month = oct,
	year = {2020},
	pages = {257--278},
}
@inproceedings{arkansyah2021,
	address = {Online},
	title = {Utilization of {Tik} {Tok} {Social} {Media} as {A} {Media} for {Promotion} of {Hidden} {Paradise} {Tourism} in {Indonesia}},
	url = {https://www.ssrn.com/abstract=3830415},
	doi = {10.2139/ssrn.3830415},
	urldate = {2021-06-01},
	booktitle = {The 4th {LSPR} {International} {Conference} on {Communication} and {Business}},
	publisher = {SSRN Electronic Journal},
	author = {Arkansyah, Mochammad and Prasetyo, Dwi and Amina, N. W. Ratna},
	year = {2021},
}
@article{asmundson2020,
	title = {Do pre-existing anxiety-related and mood disorders differentially impact {COVID}-19 stress responses and coping?},
	volume = {74},
	url = {https://linkinghub.elsevier.com/retrieve/pii/S0887618520300852},
	doi = {10.1016/j.janxdis.2020.102271},
	urldate = {2021-05-28},
	journal = {Journal of Anxiety Disorders},
	author = {Asmundson, Gordon J.G. and Paluszek, Michelle M. and Landry, Caeleigh A. and Rachor, Geoffrey S. and McKay, Dean and Taylor, Steven},
	month = aug,
	year = {2020},
	pages = {102271},
}
@inproceedings{asselin2011,
	address = {Seattle Washington USA},
	title = {Learning from {YouTube}: an analysis of information literacy in user discourse},
	url = {https://dl.acm.org/doi/10.1145/1940761.1940851},
	doi = {10.1145/1940761.1940851},
	urldate = {2021-05-28},
	booktitle = {Proceedings of the 2011 {iConference}},
	publisher = {ACM},
	author = {Asselin, Marlene and Dobson, Teresa and Meyers, Eric M. and Teixiera, Cristina and Ham, Linda},
	month = feb,
	year = {2011},
	pages = {640--642},
}
@article{bartsch2020,
	title = {Leadership matters in crisis-induced digital transformation: how to lead service employees effectively during the {COVID}-19 pandemic},
	volume = {32},
	url = {https://www.emerald.com/insight/content/doi/10.1108/JOSM-05-2020-0160/full/html},
	doi = {10.1108/JOSM-05-2020-0160},
	number = {1},
	urldate = {2021-05-28},
	journal = {Journal of Service Management},
	author = {Bartsch, Silke and Weber, Ellen and Büttgen, Marion and Huber, Ariana},
	month = aug,
	year = {2020},
	pages = {71--85},
}
@article{beaunoyer2020,
	title = {{COVID}-19 and digital inequalities: {Reciprocal} impacts and mitigation strategies},
	volume = {111},
	url = {https://linkinghub.elsevier.com/retrieve/pii/S0747563220301771},
	doi = {10.1016/j.chb.2020.106424},
	urldate = {2021-06-01},
	journal = {Computers in Human Behavior},
	author = {Beaunoyer, Elisabeth and Dupéré, Sophie and Guitton, Matthieu J.},
	month = oct,
	year = {2020},
	pages = {106424},
}
@article{benitez2020,
	title = {Responses to {COVID}-19 in five {Latin} {American} countries},
	volume = {9},
	url = {https://linkinghub.elsevier.com/retrieve/pii/S2211883720300861},
	doi = {10.1016/j.hlpt.2020.08.014},
	number = {4},
	urldate = {2021-06-01},
	journal = {Health Policy and Technology},
	author = {Benítez, María Alejandra and Velasco, Carolina and Sequeira, Ana Rita and Henríquez, Josefa and Menezes, Flavio M. and Paolucci, Francesco},
	month = dec,
	year = {2020},
	pages = {525--559},
}
@article{bennett2008,
	title = {The ‘digital natives’ debate: {A} critical review of the evidence},
	volume = {39},
	url = {https://onlinelibrary.wiley.com/doi/10.1111/j.1467-8535.2007.00793.x},
	doi = {10.1111/j.1467-8535.2007.00793.x},
	number = {5},
	urldate = {2021-06-02},
	journal = {British Journal of Educational Technology},
	author = {Bennett, Sue and Maton, Karl and Kervin, Lisa},
	month = sep,
	year = {2008},
	pages = {775--786},
}
@article{blustein2020,
	title = {Unemployment in the time of {COVID}-19: {A} research agenda},
	volume = {119},
	url = {https://linkinghub.elsevier.com/retrieve/pii/S0001879120300610},
	doi = {10.1016/j.jvb.2020.103436},
	urldate = {2021-06-01},
	journal = {Journal of Vocational Behavior},
	author = {Blustein, David L. and Duffy, Ryan and Ferreira, Joaquim A. and Cohen-Scali, Valerie and Cinamon, Rachel Gali and Allan, Blake A.},
	month = jun,
	year = {2020},
	pages = {103436},
}
@article{castellar2011,
	title = {Diagnóstico del uso de las {TIC} en estudiantes de colegios oficiales del municipio de {Soledad} ({Atlántico})},
	url = {https://www.redalyc.org/articulo.oa?id=85320028005},
	number = {14},
	urldate = {2021-06-02},
	journal = {Zona Próxima},
	author = {Castellar, Everly},
	year = {2011},
	keywords = {TIC, computador, educación, Internet, enseñanzaaprendizaje, herramientas tecnológicas, ICT, computer, education, Internet, teaching-learning, technological tools},
	pages = {74--89},
}
@article{cediel2020,
	title = {Pandemia de la covid-19: un obstáculo para el logro de la equidad de género y el cierre de la brecha entre lo urbano y lo rural en {Colombia}},
	volume = {1},
	url = {https://ciencia.lasalle.edu.co/ruls/vol2020/iss84/9},
	doi = {10.19052/ruls.vol1.iss84.9},
	number = {84},
	urldate = {2021-06-01},
	journal = {Revista Universidad de La Salle},
	author = {Cediel, Natalia Margarita and Sánchez, María Juliana and Sánchez, Karen Daniela and Castro, Paula Marcela},
	month = apr,
	year = {2020},
	pages = {123--144},
}
@article{chowdhury2020,
	title = {Long-term strategies to control {COVID}-19 in low and middle-income countries: an options overview of community-based, non-pharmacological interventions},
	volume = {35},
	url = {https://link.springer.com/10.1007/s10654-020-00660-1},
	doi = {10.1007/s10654-020-00660-1},
	number = {8},
	urldate = {2021-06-01},
	journal = {European Journal of Epidemiology},
	author = {Chowdhury, Rajiv and Luhar, Shammi and Khan, Nusrat and Choudhury, Sohel Reza and Matin, Imran and Franco, Oscar H.},
	month = aug,
	year = {2020},
	pages = {743--748},
}
@article{danna2020,
	title = {Virtual meetings: a temporary choice or an effective opportunity for the future?},
	volume = {62},
	url = {https://link.springer.com/10.1007/s00234-020-02461-5},
	doi = {10.1007/s00234-020-02461-5},
	number = {7},
	urldate = {2021-06-04},
	journal = {Neuroradiology},
	author = {D’Anna, G. and D’Arco, F. and Van Goethem, J.},
	month = jul,
	year = {2020},
	pages = {769--770},
}
@article{del_villar_munoz2006,
	title = {Brecha digital, categorías perceptivas y cognitivas: {El} caso de los video-juegos},
	url = {https://comunicacionymedios.uchile.cl/index.php/RCM/article/view/11501},
	doi = {10.5354/rcm.v0i17.11501},
	number = {17},
	urldate = {2021-06-05},
	journal = {Comunicación y Medios},
	author = {Del Villar Muñoz, Rafael},
	month = jan,
	year = {2006},
	pages = {57--67},
}
@article{donthu2020,
	title = {Effects of {COVID}-19 on business and research},
	volume = {117},
	url = {https://linkinghub.elsevier.com/retrieve/pii/S0148296320303830},
	doi = {10.1016/j.jbusres.2020.06.008},
	urldate = {2021-06-03},
	journal = {Journal of Business Research},
	author = {Donthu, Naveen and Gustafsson, Anders},
	month = sep,
	year = {2020},
	pages = {284--289},
}
@article{echeburua2010,
	title = {Adicción a las nuevas tecnologías y a las redes sociales en jóvenes: un nuevo reto},
	volume = {22},
	url = {https://medes.com/publication/59509},
	number = {2},
	urldate = {2021-06-01},
	journal = {Adicciones},
	author = {Echeburua, E. and de Corral, P.},
	year = {2010},
	pages = {91--96},
}
@article{fraile2011,
	title = {Propuestas para la investigavción en comunicación audiovisual: publicidad social y creación colectiva en {Internet}},
	url = {https://dialnet.unirioja.es/servlet/articulo?codigo=3737940},
	number = {12},
	urldate = {2021-06-02},
	journal = {Tejuelo: Didáctica de la Lengua y la Literatura. Educación},
	author = {Fraile, Teresa},
	year = {2011},
	pages = {156--172},
}
@article{ha2020,
	title = {Data quality comparison between computers and smartphones in different web survey modes and question formats},
	volume = {30},
	url = {https://www.emerald.com/insight/content/doi/10.1108/INTR-09-2018-0417/full/html},
	doi = {10.1108/INTR-09-2018-0417},
	number = {6},
	urldate = {2021-05-19},
	journal = {Internet Research},
	author = {Ha, Louisa and Zhang, Chenjie and Jiang, Weiwei},
	month = jul,
	year = {2020},
	pages = {1763--1781},
}
@inproceedings{harwig2000,
	address = {The Hague, The Netherlands},
	title = {On-line {TV} viewing: a new consumer experience},
	url = {http://portal.acm.org/citation.cfm?doid=633292.633404},
	doi = {10.1145/633292.633404},
	urldate = {2021-06-01},
	booktitle = {{CHI} '00 extended abstracts on {Human} factors in computing systems  - {CHI} '00},
	publisher = {ACM Press},
	author = {Harwig, Hendrik A.},
	year = {2000},
	pages = {201},
}
@article{hernandez2017,
	title = {Revisión documental de las tecnologías de la información y las comunicaciones ({TIC}) aplicadas en la educación secundaria colombiana},
	url = {https://revistas.umecit.edu.pa/index.php/oratores/article/view/205},
	doi = {10.37594/oratores.v0n7.205},
	abstract = {.},
	number = {7},
	urldate = {2021-06-03},
	journal = {Revista Oratores},
	author = {Hernández, Diego and Losada, Benjamín},
	month = dec,
	year = {2017},
	pages = {57--76},
}
@article{gregory2020,
	title = {Pandemic {Recession}: {L} or {V}-{Shaped}?},
	volume = {40},
	url = {https://doi.org/10.3386/w27105},
	doi = {10.3386/w27105},
	number = {1},
	urldate = {2021-06-04},
	journal = {Quarterly Review},
	author = {Gregory, Victoria and Menzio, Guido and Wiczer, David},
	month = may,
	year = {2020},
	pages = {w27105},
}
@article{gonzalez-gomez2018,
	title = {Apropiación y hábitos de consumo de jóvenes en {Colombia} frente al contenido de los youtubers},
	url = {https://dialnet.unirioja.es/servlet/articulo?codigo=6522566},
	number = {28},
	urldate = {2021-06-02},
	journal = {Dixit},
	author = {González-Gómez, Orlando},
	year = {2018},
	pages = {12--21},
}
@book{gutierrez_pulido2012,
	address = {México, D.F.},
	edition = {3ª ed.},
	title = {Análisis y diseño de experimentos},
	publisher = {McGraw-Hill},
	author = {Gutiérrez Pulido, Humberto and Vara Salazar, Román de la},
	year = {2012},
}
@article{haythornthwaite2005,
	title = {Social networks and {Internet} connectivity effects},
	volume = {8},
	url = {http://www.tandfonline.com/doi/abs/10.1080/13691180500146185},
	doi = {10.1080/13691180500146185},
	number = {2},
	urldate = {2021-06-04},
	journal = {Information, Communication \& Society},
	author = {Haythornthwaite, Caroline},
	month = jun,
	year = {2005},
	pages = {125--147},
}
@article{holmes2020,
	title = {Multidisciplinary research priorities for the {COVID}-19 pandemic: a call for action for mental health science},
	volume = {7},
	url = {https://linkinghub.elsevier.com/retrieve/pii/S2215036620301681},
	doi = {10.1016/S2215-0366(20)30168-1},
	number = {6},
	urldate = {2021-06-04},
	journal = {The Lancet Psychiatry},
	author = {Holmes, Emily A and O'Connor, Rory C and Perry, V Hugh and Tracey, Irene and Wessely, Simon and Arseneault, Louise and Ballard, Clive and Christensen, Helen and Cohen Silver, Roxane and Everall, Ian and Ford, Tamsin and John, Ann and Kabir, Thomas and King, Kate and Madan, Ira and Michie, Susan and Przybylski, Andrew K and Shafran, Roz and Sweeney, Angela and Worthman, Carol M and Yardley, Lucy and Cowan, Katherine and Cope, Claire and Hotopf, Matthew and Bullmore, Ed},
	month = jun,
	year = {2020},
	pages = {547--560},
}
@article{kalliris2014,
	title = {Emotional {Aspects} and {Quality} of {Experience} for {Multifactor} {Evaluation} of {Audiovisual} {Content}:},
	volume = {2},
	url = {http://services.igi-global.com/resolvedoi/resolve.aspx?doi=10.4018/IJMSTR.2014100103},
	doi = {10.4018/IJMSTR.2014100103},
	number = {4},
	urldate = {2021-05-25},
	journal = {International Journal of Monitoring and Surveillance Technologies Research},
	author = {Kalliris, George and Matsiola, Maria and Dimoulas, Charalampos and Veglis, Andreas},
	month = oct,
	year = {2014},
	pages = {40--61},
}
@article{karl2021,
	title = {Virtual {Work} {Meetings} {During} the {COVID}-19 {Pandemic}: {The} {Good}, {Bad}, and {Ugly}},
	url = {http://journals.sagepub.com/doi/10.1177/10464964211015286},
	doi = {10.1177/10464964211015286},
	urldate = {2021-06-01},
	journal = {Small Group Research},
	author = {Karl, Katherine A. and Peluchette, Joy V. and Aghakhani, Navid},
	month = may,
	year = {2021},
	pages = {1--23},
}
@inproceedings{kelton2020,
	address = {Oldenburg Germany},
	title = {Modeling {User}-{Centered} {Page} {Load} {Time} for {Smartphones}},
	url = {https://dl.acm.org/doi/10.1145/3379503.3403565},
	doi = {10.1145/3379503.3403565},
	urldate = {2021-06-01},
	booktitle = {22nd {International} {Conference} on {Human}-{Computer} {Interaction} with {Mobile} {Devices} and {Services}},
	publisher = {ACM},
	author = {Kelton, Conor and Ryoo, Jihoon and Balasubramanian, Aruna and Bi, Xiaojun and Das, Samir R},
	month = oct,
	year = {2020},
	pages = {1--12},
}
@article{nunez2018,
	title = {Pautas de integración cultural y política de la sociedad de medios masivos en la sociedad red},
	url = {https://dialnet.unirioja.es/servlet/articulo?codigo=6274427},
	number = {73},
	urldate = {2021-05-25},
	journal = {Revista Latina de Comunicación Social},
	author = {Núñez, Luis  and Núñez, Margarita and Irisarri, José Antonio},
	year = {2018},
	pages = {184--207},
}
@book{lareau2003,
	address = {Berkeley},
	edition = {2ª ed.},
	title = {Unequal childhoods: class, race, and family life},
	publisher = {University of California Press},
	author = {Lareau, Annette},
	year = {2003},
}
@article{lastra2000,
	title = {Encuestas probabilísticas vs. no probabilísticas},
	copyright = {Derechos de autor 2019 Política y Cultura},
	url = {https://polcul.xoc.uam.mx/index.php/polcul/article/view/815},
	number = {13},
	urldate = {2021-10-20},
	journal = {Política y Cultura},
	author = {Lastra, Rodrigo Pimienta},
	year = {2000},
	pages = {263--276},
}
@article{li2020,
	title = {Smartphone- versus smartglasses-based augmented reality ({AR}) for percutaneous needle interventions: system accuracy and feasibility study},
	volume = {15},
	url = {https://link.springer.com/10.1007/s11548-020-02235-7},
	doi = {10.1007/s11548-020-02235-7},
	number = {11},
	urldate = {2021-06-03},
	journal = {International Journal of Computer Assisted Radiology and Surgery},
	author = {Li, Ming and Seifabadi, Reza and Long, Dilara and De Ruiter, Quirina and Varble, Nicole and Hecht, Rachel and Negussie, Ayele H. and Krishnasamy, Venkatesh and Xu, Sheng and Wood, Bradford J.},
	month = nov,
	year = {2020},
	pages = {1921--1930},
}
@article{livari2020,
	title = {Digital transformation of everyday life – {How} {COVID}-19 pandemic transformed the basic education of the young generation and why information management research should care?},
	volume = {55},
	url = {https://linkinghub.elsevier.com/retrieve/pii/S0268401220310264},
	doi = {10.1016/j.ijinfomgt.2020.102183},
	urldate = {2021-06-03},
	journal = {International Journal of Information Management},
	author = {Livari, Netta and Sharma, Sumita and Ventä-Olkkonen, Leena},
	month = dec,
	year = {2020},
	pages = {102183},
}
@article{lopez2020,
	title = {Estado de excepción y restricción al derecho a la educación en {Colombia} por la {COVID}-19},
	volume = {19},
	url = {https://revistas.udem.edu.co/index.php/opinion/article/view/3342},
	doi = {10.22395/ojum.v19n40a8},
	number = {40},
	urldate = {2021-06-02},
	journal = {Opinión Jurídica},
	author = {López, Germán Alfonso and Gómez, Carlos Fernando},
	month = oct,
	year = {2020},
	pages = {163--186},
}
@techreport{mander2016,
	address = {Online},
	title = {{GWI} {Social} {Summary}: {GlobalWebIndex}’s quarterly report on the latest trends in social networking},
	url = {https://www.globalwebindex.net/hubfs/Reports/GWI_Social_-_Q1_2016_Summary.pdf},
	urldate = {2021-06-04},
	institution = {GlobalWebIndex’s},
	author = {Mander, Jason},
	year = {2016},
}
@article{mongardini2020,
	title = {Global {Smartphones} {Sales} {May} {Have} {Peaked}},
	volume = {20},
	url = {https://elibrary.imf.org/view/journals/001/2020/070/001.2020.issue-070-en.xml},
	doi = {10.5089/9781513545851.001},
	language = {en},
	number = {70},
	urldate = {2021-06-01},
	journal = {IMF Working Papers},
	author = {Mongardini, Joannes and Radzikowski, Aneta},
	month = may,
	year = {2020},
}
@techreport{montenovo2020,
	address = {Cambridge, MA},
	title = {Determinants of {Disparities} in {Covid}-19 {Job} {Losses}},
	url = {http://www.nber.org/papers/w27132.pdf},
	number = {w27132},
	urldate = {2021-05-25},
	institution = {National Bureau of Economic Research},
	author = {Montenovo, Laura and Jiang, Xuan and Rojas, Felipe Lozano and Schmutte, Ian and Simon, Kosali and Weinberg, Bruce and Wing, Coady},
	month = may,
	year = {2020},
	pages = {w27132},
}
@article{montilla2010,
	title = {Robustez de las pruebas {T} en comparación de medias, ante violación de supuestos de normalidad y homocedasticidad},
	volume = {31},
	url = {https://www.redalyc.org/articulo.oa?id=507550788006},
	number = {2},
	urldate = {2021-06-04},
	journal = {Ciencia e Ingeniería},
	author = {Montilla, Josefa-Maria and Kromrey, Jeffrey},
	year = {2010},
	keywords = {Robustez, simulaciÛn, tasa de error tipo I, normalidad, homocedasticidad, Robustness, simulation, rate of type I error, normality, homoscedasticity},
	pages = {101--107},
}
@article{narvaez_montoya2013,
	title = {Mercado y consumo: economía política de las telecomunicaciones en {Colombia}},
	volume = {1},
	url = {https://revistas.usantotomas.edu.co/index.php/campos/article/view/2699},
	doi = {10.15332/s2339-3688.2013.0002.01},
	number = {2},
	urldate = {2021-06-01},
	journal = {Campos en Ciencias Sociales},
	author = {Narváez Montoya, Ancízar},
	month = sep,
	year = {2013},
	pages = {231},
}
@article{nedra2019,
	title = {Determinants of customers' intentions to use hedonic networks: {The} case of {Instagram}},
	volume = {46},
	url = {https://linkinghub.elsevier.com/retrieve/pii/S0969698918303503},
	doi = {10.1016/j.jretconser.2018.09.001},
	urldate = {2021-05-27},
	journal = {Journal of Retailing and Consumer Services},
	author = {Nedra, Bahri-Ammari and Hadhri, Walid and Mezrani, Mariem},
	month = jan,
	year = {2019},
	pages = {21--32},
}
@article{martinez_nieto2021,
	title = {De la presencialidad a la virtualidad. {La} educación pública en {Bogotá} en tiempos de pandemia},
	volume = {53},
	url = {https://revistas.usantotomas.edu.co/index.php/analisis/article/view/6308},
	doi = {10.15332/21459169.6308},
	number = {98},
	urldate = {2021-06-01},
	journal = {Análisis},
	author = {Martínez NIeto, Lina Paola and Valencia Leal, Angela and Valencia Murillo, Angélica María and Niño Nieto, César Omar Fernando},
	month = jun,
	year = {2021},
}
@article{notley2009,
	title = {Young {People}, {Online} {Networks}, and {Social} {Inclusion}},
	volume = {14},
	url = {https://academic.oup.com/jcmc/article/14/4/1208-1227/4583584},
	doi = {10.1111/j.1083-6101.2009.01487.x},
	number = {4},
	urldate = {2021-06-04},
	journal = {Journal of Computer-Mediated Communication},
	author = {Notley, Tanya},
	month = jul,
	year = {2009},
	pages = {1208--1227},
}
@article{ortiz-martinez2020,
	title = {Can {Google}® trends predict {COVID}-19 incidence and help preparedness? {The} situation in {Colombia}},
	volume = {37},
	url = {https://linkinghub.elsevier.com/retrieve/pii/S147789392030171X},
	doi = {10.1016/j.tmaid.2020.101703},
	urldate = {2021-06-05},
	journal = {Travel Medicine and Infectious Disease},
	author = {Ortiz-Martínez, Yeimer and Garcia-Robledo, Juan Esteban and Vásquez-Castañeda, Danna L. and Bonilla-Aldana, D. Katterine and Rodriguez-Morales, Alfonso J.},
	month = sep,
	year = {2020},
	pages = {101703},
}
@article{puerta-cortes2014,
	title = {El modelo de los cinco grandes factores de personalidad y el uso problemático de {Internet} en jóvenes colombianos},
	volume = {26},
	url = {http://www.adicciones.es/index.php/adicciones/article/view/131},
	doi = {10.20882/adicciones.131},
	number = {1},
	urldate = {2021-05-25},
	journal = {Adicciones},
	author = {Puerta-Cortés, Diana Ximena and Carbonell, Xavier},
	month = mar,
	year = {2014},
	pages = {54},
}
@article{reglitz2020,
	title = {The {Human} {Right} to {Free} {Internet} {Access}},
	volume = {37},
	url = {https://onlinelibrary.wiley.com/doi/10.1111/japp.12395},
	doi = {10.1111/japp.12395},
	number = {2},
	urldate = {2021-06-02},
	journal = {Journal of Applied Philosophy},
	author = {Reglitz, Merten},
	month = may,
	year = {2020},
	pages = {314--331},
}
@article{restrepo_tamayo2020,
	title = {Digital {Connectivity} as a {Fundamental} {Right} in {Colombia}},
	volume = {12},
	url = {https://periodicos.unb.br/index.php/RDET/article/view/31161},
	doi = {10.26512/lstr.v12i1.31161},
	number = {1},
	urldate = {2021-06-01},
	journal = {Law, State and Telecommunications Review},
	author = {Restrepo Tamayo, John Fernando and Gómez Agudelo, Dany Steven},
	month = apr,
	year = {2020},
	pages = {113--136},
}
@article{rodriguez2018,
	title = {Redes sociales y hábitos de consumo en estudiantes universitarios, caso universidad pedagógica y tecnológica de {Colombia}, en {Boyacá} - {Colombia}},
	volume = {39},
	url = {https://www.revistaespacios.com/a18v39n09/18390937.html},
	number = {09},
	urldate = {2021-06-02},
	journal = {Revista ESPACIOS},
	author = {Rodríguez, Miryam T.},
	month = mar,
	year = {2018},
}
@article{schwarz2011,
	title = {Who moved my conversation? {Instant} messaging, intertextuality and new regimes of intimacy and truth},
	volume = {33},
	url = {http://journals.sagepub.com/doi/10.1177/0163443710385501},
	doi = {10.1177/0163443710385501},
	number = {1},
	urldate = {2021-06-02},
	journal = {Media, Culture \& Society},
	author = {Schwarz, Ori},
	month = jan,
	year = {2011},
	pages = {71--87},
}
@incollection{shutsko2020,
	address = {Cham},
	title = {User-{Generated} {Short} {Video} {Content} in {Social} {Media}. {A} {Case} {Study} of {TikTok}},
	volume = {12195},
	url = {http://link.springer.com/10.1007/978-3-030-49576-3_8},
	urldate = {2021-06-05},
	booktitle = {Social {Computing} and {Social} {Media}. {Participation}, {User} {Experience}, {Consumer} {Experience}, and {Applications} of {Social} {Computing}},
	publisher = {Springer International Publishing},
	author = {Shutsko, Aliaksandra},
	editor = {Meiselwitz, Gabriele},
	year = {2020},
	doi = {10.1007/978-3-030-49576-3_8},
	pages = {108--125},
}
@article{ting2015,
	title = {Beliefs about the {Use} of {Instagram}: {An} {Exploratory} {Study}},
	volume = {2},
	url = {http://www.researchgate.net/publication/272026006_Beliefs_about_the_Use_of_Instagram_An_Exploratory_Study},
	number = {2},
	urldate = {2021-06-06},
	journal = {International Journal of Business and Innovation},
	author = {Ting, Hiram and Ming, Winnie Wong Poh and de Run, Ernest Cyril  and Choo, Sally Lau Yin},
	year = {2015},
	pages = {15--31},
}
@article{tomek1999,
	title = {Virtual environments for work, study and leisure},
	volume = {4},
	url = {http://link.springer.com/10.1007/BF01434992},
	doi = {10.1007/BF01434992},
	number = {1},
	urldate = {2021-06-01},
	journal = {Virtual Reality},
	author = {Tomek, Ivan and Giles, Rick},
	month = mar,
	year = {1999},
	pages = {26--37},
}
@article{vallejo2010,
	title = {Pruebas robustas para modelos {ANOVA} de dos factores con varianzas heterogéneas},
	volume = {31},
	url = {https://www.redalyc.org/articulo.oa?id=16912881007},
	number = {1},
	urldate = {2021-05-25},
	journal = {Psicológica},
	author = {Vallejo, Guillermo and Fernández, Paula and Livacic-Rojas, Pablo},
	year = {2010},
	pages = {129--148},
}
@article{varol2020,
	title = {Journalists on {Twitter}: self-branding, audiences, and involvement of bots},
	volume = {3},
	url = {http://link.springer.com/10.1007/s42001-019-00056-6},
	doi = {10.1007/s42001-019-00056-6},
	number = {1},
	urldate = {2021-06-01},
	journal = {Journal of Computational Social Science},
	author = {Varol, Onur and Uluturk, Ismail},
	month = apr,
	year = {2020},
	pages = {83--101},
}
@article{vincent2007,
	title = {`{Making} {Up}' the {Middle}-{Class} {Child}: {Families}, {Activities} and {Class} {Dispositions}},
	volume = {41},
	url = {http://journals.sagepub.com/doi/10.1177/0038038507082315},
	doi = {10.1177/0038038507082315},
	number = {6},
	urldate = {2021-06-03},
	journal = {Sociology},
	author = {Vincent, Carol and Ball, Stephen J.},
	month = dec,
	year = {2007},
	pages = {1061--1077},
}
@article{yadav2020,
	title = {Interaction of children with an augmented reality smartphone app},
	volume = {12},
	url = {https://link.springer.com/10.1007/s41870-020-00460-6},
	doi = {10.1007/s41870-020-00460-6},
	number = {3},
	urldate = {2021-06-07},
	journal = {International Journal of Information Technology},
	author = {Yadav, Savita and Chakraborty, Pinaki and Kochar, Gurtej and Ansari, Deeheem},
	month = sep,
	year = {2020},
	pages = {711--716},
}
@article{yaqi2021,
	title = {Research on the {Uses} and {Gratifications} of {Tiktok} ({Douyin} short video)},
	volume = {17},
	url = {https://doi.org/10.5392/IJOC.2021.17.1.037},
	doi = {10.5392/IJOC.2021.17.1.037},
	number = {1},
	urldate = {2021-06-06},
	journal = {International Journal of Contents},
	author = {Yaqi, Zhou and Lee, Jong-Yoon and Liu, Shanshan},
	month = mar,
	year = {2021},
	pages = {37--53},
}
@article{young2004,
	title = {Internet {Addiction}: {A} {New} {Clinical} {Phenomenon} and {Its} {Consequences}},
	volume = {48},
	url = {http://journals.sagepub.com/doi/10.1177/0002764204270278},
	doi = {10.1177/0002764204270278},
	number = {4},
	urldate = {2021-06-01},
	journal = {American Behavioral Scientist},
	author = {Young, Kimberly S.},
	month = dec,
	year = {2004},
	pages = {402--415},
}