@article{abell_alfabetizacion_2004,
	title = {Alfabetización en información: la definición de {CILIP} ({UK})},
	volume = {19},
	url = {https://www.redalyc.org/pdf/353/35307705.pdf},
	number = {77},
	journal = {Boletín de la Asociación Andaluza de Bibliotecarios},
	author = {Abell, Angela and Armstrong, Chris and Boden,  Debbi and Town, J. Stephen and Webber, Sheila and Woolley, Marcus},
	year = {2004},
	pages = {79--84}
}

@article{carrera_cruce_2019,
	title = {Cruce de {Fronteras} en el {Territorio} {Tecnológico}: del {Docente} {Analógico} al {Digital}},
	url = {https://www.eduser.ipb.pt/index.php/eduser/article/view/121},
	doi = {10.34620/EDUSER.V11I1.121},
	urldate = {2021-04-15},
	journal = {Eduser - Revista de Educação},
	author = {Carrera, Tamara Aller},
	year = {2019},
	pages = {1--15}
}

@misc{american_library_association_information_2000,
	title = {Information literacy {Competency} {Standard} for {Higher} {Education}},
	urldate = {2021-04-15},
	author = {{American Library Association}},
	year = {2000}
}

@misc{angulo_marcialm_normas_2003,
	type = {Text.{Article}},
	title = {Normas de competencia en información},
	url = {http://bid.ub.edu/11angul2.htm},
	urldate = {2021-04-15},
	journal = {BiD: textos universitaris de biblioteconomia i documentació},
	author = {{Angulo Marcialm}, Noel},
	year = {2003}
}

@article{area_moreira_alfabetizacion_2014,
	title = {La alfabetización digital y la formación de la ciudadanía del siglo {XXI}},
	volume = {7},
	url = {http://www.scielo.org.bo/pdf/rieiii/v7n3/v7n3_a02.pdf},
	number = {3},
	urldate = {2021-04-15},
	journal = {Revista de Investigación Educativa},
	author = {{Area Moreira}, Manuel},
	year = {2014},
	pages = {21--33}
}

@inproceedings{alonso-arevalo_alfabetizacion_2014,
	address = {Lima (Perú)},
	title = {Alfabetización en {Comunicación} {Científica}: {Acreditación}, {OA}, redes sociales, altmetrics, bibliotecarios incrustados y gestión de la identidad digital },
	url = {http://eprints.rclis.org/22838/},
	urldate = {2021-04-15},
	booktitle = {Alfabetización informacional: {Reflexiones} y {Experiencias}},
	author = {Alonso-Arévalo, Julio},
	month = mar,
	year = {2014}
}

@article{avello__martinez_evolucion_2015,
	title = {Evolución de la alfabetización digital: nuevos conceptos y nuevas alfabetizaciones},
	volume = {11},
	url = {https://www.medigraphic.com/pdfs/medisur/msu-2013/msu134h.pdf},
	number = {4},
	urldate = {2021-04-15},
	journal = {Medisur},
	author = {Avello-Martínez, Raidell and López-Fernández, Raúl   and Cañedo-Iglesias,  Manuel and Álvarez-Acosta, Hugandy   and Granados-Romero, John Fernando and Obando-Freire, Francisco Marcelo},
	year = {2015},
	pages = {450--457}
}

@article{azinian_multiples_2006,
	title = {Múltiples alfabetizaciones para la sociedad del conocimiento},
	number = {185},
	journal = {Novedades Educativas},
	author = {Azinián, Herminia},
	year = {2006},
	pages = {2--7}
}

@article{bawden_revision_2002,
	title = {Revisión de los conceptos de alfabetización informacional y alfabetización digital},
	volume = {5},
	url = {https://revistas.um.es/analesdoc/article/view/2261},
	language = {es},
	urldate = {2021-04-15},
	journal = {Anales de Documentación},
	author = {Bawden, David},
	year = {2002},
	pages = {361--408}
}

@incollection{benito_morales_nuevas_2000,
	address = {Murcia},
	editor = {Gómez-Hernández, José A.},
	editortype = {organizer},
	title = {Nuevas necesidades, nuevas habilidades. {Fundamentos} de la alfabetización en información},
	booktitle = {Estrategias y modelos para enseñar a usar la información},
	publisher = {KR},
	author = {Benito-Morales, Félix},
	year = {2000},
	pages = {10--15}
}

@misc{bruce_seven_1997,
	title = {The {Seven} {Faces} of {Information} {Literacy}},
	url = {https://eric.ed.gov/?id=ED450691},
	urldate = {2021-04-15},
	journal = {ERIC},
	author = {Bruce, Christine},
	year = {1997}
}

@article{bruce_siete_2003,
	title = {Las siete caras de la alfabetización en información en la enseñanza superior},
	volume = {6},
	url = {https://www.redalyc.org/pdf/635/63500619.pdf},
	urldate = {2021-04-15},
	journal = {Anales de Documentación},
	author = {Bruce, Christine Susan},
	year = {2003},
	pages = {289--294}
}

@article{byrne_alfabetizacion_2005,
	title = {La alfabetización informacional desde una perspectiva global: el desastre agudiza nuestras mentes},
	volume = {8},
	url = {https://revistas.um.es/analesdoc/article/view/1571},
	urldate = {2021-04-15},
	journal = {Anales de Documentación},
	author = {Byrne, Alex},
	year = {2005},
	pages = {7--20}
}

@misc{cascade_project_mapping_2012,
	title = {Mapping in literature reviews},
	year = {2012},
	url = {https://goo.gl/cJCbMp},
	urldate = {2021-4-26},
	author = {{CASCADE Project}}
}

@article{castano_munoz_alfabetizaciones_2014,
	title = {De las alfabetizaciones y competencias en la era digital: estudio de caso},
	volume = {4},
	url = {http://revistas.ucr.ac.cr/index.php/eciencias/article/view/12861},
	doi = {10.15517/eci.v4i1.12861},
	number = {1},
	urldate = {2021-04-15},
	journal = {e-Ciencias de la Información},
	author = {Castaño-Muñoz, Wilson},
	month = jan,
	year = {2014}
}

@article{castillo_perez_evolucion_2016,
	title = {Evolución y transformación del concepto de {Alfabetización} {Informacional} de acuerdo a criterios de diferentes autores},
	volume = {95},
	url = {http://www.revinfcientifica.sld.cu/index.php/ric/article/view/113},
	number = {2},
	urldate = {2021-04-15},
	journal = {Revista Información Científica},
	author = {Castillo-Pérez, Yunia},
	year = {2016},
	pages = {331--338}
}

@book{doyle_information_1994,
	address = {New York},
	title = {Information Literacy in an Information Society: a Concept to the National forum on International Literacy},
	publisher = {ERIC Clearinghouse on Information and Technology, Syracuse University},
	author = {Doyle, Christina S.},
	year = {1994}
}

@misc{cruz-benito__systematic_2016,
	title = {Systematic {Literature} {Review} \& {Mapping}},
	url = {https://repositorio.grial.eu/bitstream/grial/685/3/201611_PhD_EKS_SLR-1.pdf},
	urldate = {2021-04-15},
	publisher = {GRIAL Research Group},
	author = {Cruz-Benito, Juan},
	year = {2016}
}

@misc{diario_oficial_de_la_federacion_reglas_2007,
	title = {Reglas de {Operación} e indicadores de evaluación y de gestión del {Programa} de {Atención} a la {Demanda} de {Educación} para {Adultos} a través del {Modelo} de {Educación} para la {Vida} y el {Trabajo} para el año 2007},
	url = {http://www.inea.gob.mx/transparencia/pdf/marco_normativo/RO13.pdf},
	urldate = {2021-04-15},
	author = {{DIARIO OFICIAL DE LA FEDERACIÓN}},
	year = {2007}
}

@book{doyle_outcome_1992,
	title = {Outcome {Measures} for {Information} {Literacy} within the {National} {Education} {Goals} of 1990. {Final} {Report} to {National} {Forum} on {Information} {Literacy}. {Summary} of {Findings}},
	url = {https://eric.ed.gov/?id=ED351033},
	urldate = {2021-04-15},
	author = {Doyle, Christina S.},
	month = jun,
	year = {1992}
}

@misc{educause_educause_2019,
	title = {{EDUCAUSE} {Horizon} {Report} 2019 {Higher} {Education} {Edition}},
	url = {https://library.educause.edu/resources/2019/4/2019-horizon-report},
	urldate = {2021-04-15},
	journal = {EDUCAUSE Publications},
	author = {{EDUCAUSE}},
	year = {2019}
}

@misc{eisenberg_modelo_nodate,
	title = {El modelo {Big6} para la solución de {Problemas} de {Información}},
	url = {http://www.eduteka.org/articulos/modelo-big6-solucion-problemas-informacion},
	urldate = {2021-04-15},
	journal = {Eduteka},
	author = {Eisenberg, Mike and Berkowitz, Bob}
}

@article{epperson_computer_2010,
	title = {Computer literacy revisited: a comprehensive investigation of computer literacy},
	volume = {1},
	url = {https://dl.acm.org/doi/10.1145/1805724.1805736},
	doi = {10.1145/1805724.1805736},
	number = {2},
	urldate = {2021-04-15},
	journal = {ACM Inroads},
	author = {Epperson, Arlin},
	month = jun,
	year = {2010},
	pages = {30--33},
}

@misc{european_computer_driver_licence_ecdl_ecdl_2011,
	title = {{ECDL} {Training} {Course} {Online} {ECDL} {Certification} {Word} {Excel} {Access} {PowerPoint}},
	url = {http://www.ecdluk.co.uk/ecdl_curriculum.html},
	urldate = {2021-04-15},
	author = {{EUROPEAN COMPUTER DRIVER LICENCE (ECDL)}},
	year = {2011}
}

@article{fernandez_1966,
	title = {Congreso {Mundial} de ministros de {Educación} sobre el analfabetismo},
	author = {{Fenández Garcia}, C.},
	volume = {181},
	url = {http://www.educacionyfp.gob.es/revista-de-educacion/dam/jcr:06338d0a-6391-4300-ac27-b385845de537/1966re181cronica-pdf.pdf},
	number = {LXII},
	urldate = {2021-04-15},
	journal = {Revista de Educación},
	year = {1966},
	pages = {63--65}
}

@article{gallardo_marquez_alfabetizacion_2016,
	title = {La alfabetización informacional de docentes de educación básica},
	url = {https://www.transformacion-educativa.com/index.php/biblioteca-virtual-de-educacion/149-revista-de-transformacion-educativa-rete-educacion-mediada-por-tecnologia-alternativas-digitales-y-virtuales},
	number = {1},
	journal = {Revista de Transformación Educativa (RETE)},
	author = {Gallardo-Márquez, Irma Leticia and Lau-Noriega, Jesús},
	year = {2016},
	pages = {190--211}
}

@article{garcia_martinez_programa_2016,
	title = {Programa de alfabetización digital en {México}: 1:1. {Análisis} comparativo de las competencias digitales entre niños de primaria},
	url = {http://cpue.uv.mx/index.php/cpue/article/view/2158},
	doi = {10.25009/cpue.v0i23.2158},
	number = {23},
	urldate = {2021-04-15},
	journal = {CPU-e, Revista de Investigación Educativa},
	author = {García-Martínez, Verónica and Aquino-Zúñiga, Silvia Patricia and Ramírez-Montalvo, Nélida Áurea},
	month = jul,
	year = {2016},
	pages = {24--44}
}

@misc{garcia-holgado_tecnicas_2018,
	title = {Técnicas para llevar a cabo mapeos y revisiones sistemáticas de la literatura},
	url = {https://es.slideshare.net/grialusal/tcnicas-para-llevar-a-cabo-mapeos-y-revisiones-sistemticas-de-la-literatura},
	urldate = {2020-04-28},
	journal = {Grupo GRIAL},
	author = {García-Holgado, Alicia},
	year = {2018}
}

@misc{garcia-penalvo_revisiones_2019,
	title = {Revisiones y mapeos sistemáticos de literatura},
	url = {https://repositorio.grial.eu/bitstream/grial/1551/1/SLR-MSI-DII-DFSC.pdf},
	urldate = {2021-04-15},
	publisher = {Grupo GRIAL},
	author = {García-Peñalvo, Francisco José},
	year = {2019}
}

@article{garcia-vera_alfabetizacion_2007,
	title = {Alfabetización tecnológica multimodal e intercultural},
	url = {https://sede.educacion.gob.es/publiventa/alfabetizacion-tecnologica-multimodal-e-intercultural/lenguas/23560},
	number = {343},
	urldate = {2021-04-15},
	journal = {Revista de educación},
	author = {García-Vera, Antonio Bautista},
	year = {2007},
	pages = {598--600}
}

@misc{gomez_2000,
	title = {Estrategias y modelos para enseñar a usar la información: guía para docentes, bibliotecarios y archiveros},
	url = {http://eprints.rclis.org/6717/1/EMPEUI.pdf},
	urldate = {2021-04-15},
	publisher = {KR},
	author = {Gómez-Hernández, José Antonio},
	year = {2000}
}

@book{gomez-hernandez_gestion_2002,
	address = {Spain},
	title = {Gestión de bibliotecas},
	url = {http://eprints.rclis.org/10372/},
	urldate = {2021-04-15},
	publisher = {Universidad de Murcia},
	author = {Gómez-Hernández, José Antonio},
	year = {2002}
}

@article{gomez_hernandez_problemas_2002,
	title = {Los problemas de las bibliotecas escolares en la {Región} de {Murcia} en un contexto de crisis del sistema educativo},
	volume = {5},
	copyright = {Derechos de autor 2017 Anales de Documentación},
	issn = {1697-7904},
	url = {https://revistas.um.es/analesdoc/article/view/2181},
	language = {es},
	urldate = {2021-04-15},
	journal = {Anales de Documentación},
	author = {Gómez-Hernández, José A.},
	year = {2002},
	keywords = {Biblioteconomía y Documentación, school libraries},
	pages = {125--156}
}

@inproceedings{haggis_conferencia_1992,
	address = {Thailand },
	title = {Conferencia {Mundial} sobre la {Educación} para {Todos}-{Satisfacción} de las {Necesidades} {Básicas} de {Aprendizaje}},
	url = {https://unesdoc.unesco.org/ark:/48223/pf0000184556},
	urldate = {2021-04-15},
	booktitle = {Jomtien},
	author = {Haggis, Sheila M.},
	year = {1992}
}

@misc{ifla_declaracion_nodate,
	title = {Declaración de {Alejandría} acerca de la alfabetización informacional y el aprendizaje de por vida},
	url = {https://www.ifla.org/node/7275},
	urldate = {2021-04-15},
	author = {{IFLA}}
}

@article{ingerman_technological_2011,
	title = {Technological literacy reconsidered: a model for enactment},
	volume = {21},
	shorttitle = {Technological literacy reconsidered},
	url = {https://doi.org/10.1007/s10798-009-9108-6},
	doi = {10.1007/s10798-009-9108-6},
	number = {2},
	urldate = {2021-04-15},
	journal = {International Journal of Technology and Design Education},
	author = {Ingerman, Åke and Collier-Reed, Brandon},
	month = may,
	year = {2011},
	pages = {137--148}
}

@book{international_technology_education_association_standards_2000,
	address = {Reston, Va},
	title = {Standards for technological literacy: content for the study of technology},
	publisher = {ITEA},
	author = {{International Technology Education Association}},
	year = {2000}
}

@book{oclc_libraries_2011,
	address = {Dublin, Ohio},
	title = {Libraries at webscale: a discussion document},
	publisher = {OCLC Online Computer Library Center},
	editor = {{OCLC}},
	year = {2011}
}

@article{ortega_navas_dimension_2009,
	title = {Dimensión formativa de la alfabetización tecnológica},
	volume = {10},
	url = {https://revistas.usal.es/index.php/eks/article/view/7511},
	doi = {10.14201/eks.7511},
	number = {2},
	urldate = {2021-04-15},
	journal = {Education in the Knowledge Society (EKS)},
	author = {Ortega-Navas, María del Carmen},
	year = {2009},
	pages = {129--152}
}

@article{pinto_menache_educacion_2017,
	title = {Educación y tecnología: pasado, presente y futuro de una relación compleja},
	url = {file:///tmp/mozilla_daniervelin0/Dialnet-EducacionYTecnologia-6063061.pdf},
	number = {7},
	urldate = {2021-04-15},
	journal = {Economía Creativa},
	author = {Pinto-Menache, Lila},
	year = {2017},
	pages = {169--193}
}

@article{pozo-jara_alfabetizacion_2017,
	title = {La alfabetización informacional y la alfabetización informática: ¿iguales o diferentes?},
	volume = {3},
	url = {https://dominiodelasciencias.com/ojs/index.php/es/article/view/625},
	doi = {10.23857/dc.v3i3 mon.625},
	number = {3 mon},
	urldate = {2021-04-15},
	journal = {Dominio de las Ciencias},
	author = {Pozo-Jara, Alejandra del P.},
	month = aug,
	year = {2017},
	pages = {51--72}
}

@article{rodriguez_espinosa_alfabetizacion_2014,
	title = {Alfabetización informática y uso de sistemas de gestión del aprendizaje ({LMS}) en la docencia universitaria},
	volume = {43},
	url = {https://www.sciencedirect.com/science/article/pii/S0185276015000369},
	doi = {10.1016/j.resu.2015.03.004},
	number = {171},
	urldate = {2021-04-15},
	journal = {Revista de la Educación Superior},
	author = {Rodríguez-Espinosa, Holmes and Restrepo, Luis-Fernando and Aranzazu, Diego},
	month = jul,
	year = {2014},
	pages = {139--159}
}

@article{rodriguez_illera_alfabetizaciones_2004,
	title = {Las alfabetizaciones digitales},
	volume = {54},
	url = {http://www.ub.edu/histodidactica/images/documentos/pdf/alfabetizaciones_digitales.pdf},
	number = {3-4},
	urldate = {2021-04-15},
	journal = {Revista Bordón},
	author = {Rodríguez-Illera, José L.},
	year = {2004},
	pages = {431--441}
}

@article{rueda_ramos_adultos_2009,
	title = {Los adultos y la apropiación de tecnología. {Un} primer acercamiento},
	url = {https://revistas.ucm.es/index.php/MESO/article/view/MESO0909120329A},
	number = {4},
	urldate = {2021-04-15},
	journal = {Mediaciones Sociales},
	author = {Rueda-Ramos, Erika},
	month = jan,
	year = {2009},
	pages = {329--354}
}

@article{ruiz_requies_formar_2010,
	title = {Formar al profesorado inicialmente en habilidades y competencias en {TIC}: perfiles de una experiencia colaborativa},
	volume = {352},
	url = {http://www.revistaeducacion.educacion.es/re352/re352_07.pdf},
	urldate = {2021-04-15},
	journal = {Revista de Educación},
	author = {Ruiz-Requies, Inés and Rubia-Avi, Bartolomé  and Anguita-Martínez, Rocío and Fernández-Rodríguez, Eduardo},
	year = {2010},
	pages = {149--178}
}

@article{shapiro_information_1996,
	title = {Information {Literacy} as a {Liberal} {Art}: {Enlightenment} {Proposals} for a {New} {Curriculum}},
	volume = {31},
	url = {https://teaching.uncc.edu/sites/teaching.uncc.edu/files/media/article-books/InformationLiteracy.pdf},
	urldate = {2021-04-15},
	journal = {Educom Review},
	author = {Shapiro, Jeremy J. and Hughes, Shelley K.},
	year = {1996}
}

@article{snavely_information_1997,
	title = {The information literacy debate},
	volume = {23},
	url = {https://linkinghub.elsevier.com/retrieve/pii/S0099133397900665},
	doi = {10.1016/S0099-1333(97)90066-5},
	language = {en},
	number = {1},
	urldate = {2021-04-15},
	journal = {The Journal of Academic Librarianship},
	author = {Snavely, Loanne and Cooper, Natasha},
	month = jan,
	year = {1997},
	pages = {9--14}
}

@article{seal_value-added_1988,
	title = {Value-added processes in information systems, by {Robert} {S}. {Taylor}. {Norwood}, {NJ} : {Ablex} {Publishing} {Corp}., 1986.},
	volume = {1},
	url = {https://onlinelibrary.wiley.com/doi/abs/10.1002/leap/10034br3},
	doi = {https://doi.org/10.1002/leap/10034br3},
	number = {2},
	urldate = {2021-04-15},
	journal = {Learned Publishing},
	author = {Seal, Alan},
	year = {1988},
	pages = {101--102}
}

@incollection{tuckett_computer_1989,
	address = {Ann Arbor, MI},
	editor = {Mensching, Glenn E. and Mensching, Teresa B.},
	 editortype = {organizer},
	title = {Computer literacy, information literacy and the role of the instruction librarian},
	booktitle = {Coping with information illiteracy: bibliographic instruction for the information age},
	publisher = {Pieran Press},
	author = {Tuckett, Harold W.},
	year = {1989},
	pages = {21--23}
}

@misc{united_nations_educational_scientific_and_cultural_organization_vi_1958,
	title = {{VI} {Conferencia} {General} de la {UNESCO}},
	publisher = {UNESCO},
	author = {{United Nations Educational, Scientific, And Cultural Organization}},
	year = {1958}
}

@inproceedings{unesco_actas_1969,
	title = {Actas de la {Conferencia} {General} 15.a reunión {París} 1968},
	url = {https://unesdoc-beta.unesco.org/ark:/48223/pf0000114047_spa},
	urldate = {2021-04-15},
	author = {{UNESCO}},
	year = {1969}
}

@inproceedings{unesco_informe_1985,
	address = {París},
	title = {Informe final},
	booktitle = {{IV} {Conferencia} {Internacional} sobre {Educación} de {Adultos}},
	author = {{UNESCO}},
	year = {1985}
}

@article{unesco_perspectivas_1987,
	title = {Perspectivas},
	volume = {17},
	number = {3},
	journal = {Revista trimestral de educación},
	author = {Unesco, Jalones},
	year = {1987},
	pages = {351--355}
}

@misc{unesco_quinta_1997,
	title = {Quinta {Conferencia} {Internacional} de {Educación} de {Adultos}: {Informe} {Final}},
	url = {https://unesdoc.unesco.org/ark:/48223/pf0000110364_spa/PDF/110364spa.pdf.multi},
	urldate = {2021-04-15},
	author = {{UNESCO}},
	year = {1997}
}

@misc{unesco_consejo_1987,
	title = {Consejo {Ejecutivo}. 126a.},
	url = {https://unesdoc.unesco.org/ark:/48223/pf0000075081_spa/PDF/075081spao.pdf.mult},
	urldate = {2021-04-25},
	journal = {Reunión Comité Especial},
	author = {{UNESCO}},
	year = {1987}
}

@misc{unesco_decenio_2001,
	title = {Decenio de las {Naciones} {Unidas} para la alfabetización: la educación para todos},
	url = {https://www.un.org/es/events/observances/alfabetizacion/aboutdecade.htm},
	year = {2001},
	urldate = {2021-04-15},
	author = {{UNESCO}}
}

@misc{unesco_declaracion_2003,
	title = {Declaración de {Praga} 2003 “hacia una sociedad de la {Alfabetización} informacional”},
	author = {{UNESCO}},
	year = {2003}
}

@misc{unesco_informe_2007,
	title = {Informe internacional sobre {Ciencia}, {Tecnología} y {Género}},
	author = {{UNESCO}},
	year = {2007}
}

@misc{unesco_estandares_2008,
	title = {Estándares de competencias en {TIC} para docentes},
	url = {http://portal.unesco.org/es/ev.php-URL_ID=41553&URL_DO=DO_TOPIC&URL_SECTION=201.html},
	urldate = {2021-04-15},
	author = {{UNESCO}},
	year = {2008}
}

@misc{unesco_decenio_2009,
	title = {Decenio de las {Naciones} {Unidas} para la {Alfabetización} (2003-2012)},
	url = {https://unesdoc.unesco.org/ark:/48223/pf0000184023_spa},
	urldate = {2021-04-15},
	author = {{UNESCO}},
	year = {2009}
}

@article{unesco_marco_2010,
	title = {Marco de acción de {Belém}},
	url = {https://uil.unesco.org/es/educacion-adultos/confintea/marco-accion-belem},
	doi = {CONFINTEA VI/6},
	urldate = {2021-04-15},
	journal = {Instituto de la UNESCO para el Aprendizaje a lo Largo de Toda la Vida},
	author = {{UNESCO}},
	year = {2010}
}

@misc{unesco_programa_2012,
	title = {Programa de formación en alfabetización mediática e informacional destinado a los docentes},
	url = {http://www.unesco.org/new/fileadmin/MULTIMEDIA/HQ/CI/CI/pdf/media_and_information_literacy_curriculum_for_teachers_es.pdf},
	urldate = {2021-04-15},
	author = {{UNESCO}},
	year = {2012}
}

@book{unesco_alfabetizacion_2013,
	address = {Chile},
	title = {Alfabetización y educación: lecciones desde la práctica innovadora en {América} {Latina} y el {Caribe}},
	publisher = {UNESCO},
	author = {{UNESCO}},
	year = {2013}
}

@misc{unesco_educacion_2016,
	title = {Educación 2030 {Declaración} de {Incheon} {Hacia} una educación inclusiva y equitativa de calidad y un aprendizaje a lo largo de la vida para todos},
	url = {http://www.unesco.org/new/fileadmin/MULTIMEDIA/FIELD/Santiago/pdf/ESP-Marco-de-Accion-E2030-aprobado.pdf},
	urldate = {2021-04-15},
	author = {{UNESCO}},
	year = {2016}
}

@misc{unesco_alfabetizacion_2017,
	title = {La alfabetización en la era digital, eje del {Día} {Internacional} de la {Alfabetización}, 8 de septiembre de 2017},
	url = {https://es.unesco.org/news/alfabetizacion-era-digital-eje-del-dia-internacional-alfabetizacion-8-septiembre-2017},
	urldate = {2021-04-15},
	author = {{UNESCO}},
	month = sep,
	year = {2017}
}

@misc{unesco_alfabetizacion_2013-1,
	title = {Alfabetización},
	url = {https://es.unesco.org/themes/alfabetizacion},
	urldate = {2021-04-15},
	author = {{UNESCO}},
	month = apr,
	year = {2013}
}

@misc{unesco_declaracion_2020,
	title = {Declaración de {Seúl} sobre la {Alfabetización} mediática e informacional {Para} {Todos} y {Por} {Todos}},
	url = {https://es.unesco.org/news/declaracion-seul-alfabetizacion-mediatica-e-informacional-todos-y-todos},
	urldate = {2021-04-15},
	author = {{UNESCO}},
	month = nov,
	year = {2020}
}

@misc{ifla_2005,
	title = {{IFLA} -- {Faros} para la {Sociedad} de la {Información}: {Declaración} de {Alejandría} {Sobre} la {Alfabetización} {Informacional} y el {Aprendizaje} a lo {Largo} de la {Vida}},
	year = {2005},
	url = {https://www.ifla.org/node/7275},
	author = {{IFLA}},
	urldate = {2021-04-15}
}

@phdthesis{uribe_tirado_acceso_2004,
	title = {Acceso, conocimiento y uso de las herramientas especializadas de {Internet} entre la comunidad académica, científica, profesional y cultural de la {Universidad} de {Antioquia}},
	url = {http://bibliotecadigital.udea.edu.co/dspace/bitstream/10495/372/1/AccesoConocimientoUsoHerramientasEspecializadas.pdf},
	author = {Uribe-Tirado, Alejandro},
	year = {2004}
}

@book{catts_hacia_2009,
	address = {Madrid},
	title = {Hacia unos {Indicadores} de {Alfabetización} {Informacional}},
	publisher = {Ministerio de Cultura},
	author = {Catts, Ralph and Lau, Jesús},
	year = {2009}
}

@article{uribe_tirado_interrelaciones_2009,
	title = {Interrelaciones entre veinte definiciones-descripciones del concepto de alfabetización en información: propuesta de macro-definición},
	volume = {20},
	url = {http://scielo.sld.cu/pdf/aci/v20n4/aci011009.pdf},
	number = {4},
	urldate = {2021-04-15},
	journal = {ACIMED},
	author = {Uribe-Tirado, Alejandro},
	year = {2009},
	pages = {1--22}
}

@misc{american_association_of_school_librarians_information_1998,
	title = {Information {Literacy} {Standars} for {Student} {Learning}},
	url = { https://www.ala.org/ala/aasl/aaslproftools/informationpower/InformationLiteracyStandards_final.pdf},
	author = {{American Association of School Librarians}},
	year = {1998}
}

@article{area_moreira_igualdad_2002,
	title = {Igualdad de oportunidades y nuevas tecnologías: {Un} modelo educativo para la alfabetización tecnológica},
	url = {https://dialnet.unirioja.es/servlet/articulo?codigo=274802},
	language = {spa},
	number = {29},
	urldate = {2021-04-27},
	journal = {Educar},
	author = {Area Moreira, Manuel },
	year = {2002},
	pages = {55--65}
}