@article{etzkowitz1993,
    title         = {Individual investigators and their research groups},
    author        = {Etzkowitz, Henry},
    year          = {1993},
    journal       = {Minerva},
    volume        = {30},
    pages         = {2850},
}

@misc{brasil2008,
    title         = {Lei nº 11.892, de 29 de dezembro de 2008. Institui a Rede Federal de Educação Profissional, Científica e Tecnológica, cria os Institutos Federais de Educação, Ciência e Tecnologia e dá outras providências},
    author        = {{Brasil}},
    year          = {2008},
    note          = {Vide Decreto nº 7.022, de 2009},
    howpublished  = {Diário Oficial da União, Poder Legislativo, Brasília, DF, 30 de dezembro de 2008},
}

@article{lino2010,
    title         = {Perfil da produção científica e tecnológica dos grupos de pesquisa em educação em enfermagem da Região Sul do Brasil},
    author        = {Lino, M. M. and Backes, V. M. S. and Canever, B. P. and Ferraz, F. and Prado, M. L.},
    year          = {2010},
    journal       = {Revista Latino-Americana de Enfermagem},
    volume        = {18},
    number        = {3},
    pages         = {165--172},
    doi           = {10.1590/s0104-11692010000300022},
}

@article{perucchi2011,
    title         = {Autoria da produção científica e tecnológica dos grupos de pesquisa do Instituto Federal de Educação, Ciência e Tecnologia da Paraíba},
    author        = {Perucchi, V. and Garcia, J. C. R.},
    year          = {2011},
    journal       = {Ciência da Informação},
    volume        = {40},
    number        = {2},
    pages         = {244--255},
    doi           = {10.18225/ci.inf.v40i2.1313},
}

@misc{verbree2011,
    title         = {Addressing leadership and management of research groups. A multivariate study},
    author        = {Verbree, Maaike and Horling, Edwin and Groenewegen, Peter and Van Der Weijden, Inge and Besselaar, Peter},
    year          = {2011},
    note          = {Working paper. Rathenau Instituut, Den Haag},
}

@article{closs2012,
    title         = {A transferência de tecnologia universidade-empresa no contexto brasileiro: uma revisão de estudos científicos publicados entre os anos 2005 e 2009},
    author        = {Closs, Lisiane Quadrado and Ferreira, Gabriela Cardozo},
    year          = {2012},
    journal       = {Gestão da Produção},
    volume        = {19},
    number        = {2},
    pages         = {419--432},
    doi           = {https://doi.org/10.1590/S0104-530X2012000200014},
}

@article{costa2013,
    title         = {Análise da formação de recursos humanos em Biotecnologia no Nordeste brasileiro},
    author        = {Costa, Benedita Marta Gomes and Pedro, Edilson da Silva and Macedo, Gorete Ribeiro de},
    year          = {2013},
    journal       = {Revista Brasileira de Pós-Graduação},
    volume        = {10},
    number        = {2},
    pages         = {945--974},
    doi           = {10.21713/2358-2332.2013.v10.459},
}

@article{erdmann2013,
    title         = {Políticas, gerência e inovação de grupos de pesquisa para a excelência em enfermagem},
    author        = {Erdmann, Alacoque Lorenzini and Santos, José Luis Guedes dos and Klock, Patrícia and Soder, Rafael Marcelo and Dal Sasso, Grace Teresinha Marcon and Erdmann, Rolf Hermann},
    year          = {2013},
    journal       = {Aquichan},
    volume        = {13},
    number        = {1},
    pages         = {92--103},
}

@article{costa2014,
    title         = {Perfil dos grupos de pesquisa em Enfermagem do Conselho Nacional de Desenvolvimento Científico e Tecnológico},
    author        = {Costa, Andréia Cristina Barbosa and Chaves, Erika de Cássia Lopes and Terra, Fábio de Souza and Monteiro, Lidiane Aparecida},
    year          = {2014},
    journal       = {Revista Rene},
    volume        = {15},
    number        = {3},
    pages         = {471--479},
    doi           = {10.15253/2175-6783.2014000300012},
}

@article{lopez2015,
    title         = {Evolution and social dynamics of acknowledged research groups},
    author        = {López-Yáñez, Julián and Altopiedi, Mariana},
    year          = {2015},
    journal       = {High Education},
    volume        = {70},
    pages         = {629--647},
    doi           = {10.1007/s10734-014-9835-9},
}

@misc{ufpi2015pdi,
    title         = {Plano de Desenvolvimento Institucional - PDI 2015 - 2019},
    author        = {{Universidade Federal do Piauí}},
    year          = {2015},
    publisher     = {Uespi},
    address       = {Teresina},
    url           = {https://www.ufpi.br/ultimas-noticias-ufpi/7353-ufpi-apresenta-pdi-20152019},
    urldate       = {2023-11-03},
}

@article{nickel2016,
    title         = {Grupos de pesquisa em cuidados paliativos: a realidade brasileira de 1994 a 2014},
    author        = {Nickel, Luana and Oliari, Luciane Patrícia and Vesco, Stéfany Nayara Petry Dal and Padilha, Maria Itayra},
    year          = {2016},
    journal       = {Escola Anna Nery Revista de Enfermagem},
    volume        = {20},
    number        = {1},
    pages         = {70--76},
    doi           = {10.5935/1414-8145.20160010},
}

@article{paezlogreira2016,
    title         = {Relation Analysis of Knowledge Management, Research, and Innovation in University Research Groups},
    author        = {Paez-Logreira, H. and Zamora-Musa, R. and Velez-Zapata, J.},
    year          = {2016},
    journal       = {Journal of Technology Management \& Innovation},
    volume        = {11},
    number        = {4},
    pages         = {5--11},
    doi           = {10.4067/s0718-27242016000400002},
}

@article{tosta2016,
    title         = {Conhecimento, universidade e inovação: como se relacionam na geração de inovação baseada em conhecimento},
    author        = {Tosta, Kelly Cristina Benetti Tonani and Spanhol, Fernando José and Tosta, Humberto Tonani},
    year          = {2016},
    journal       = {Revista Gestão Universitária na América Latina – GUAL},
    volume        = {9},
    number        = {3},
    pages         = {245--268},
    doi           = {10.5007/1983-4535.2016v9n3p245},
}

@article{erdmann2017,
    title         = {Grupos de pesquisa em enfermagem no Brasil: comparação dos perfis de 2006 e 2016},
    author        = {Erdmann, Alacoque Lorenzini and Peiter, Caroline Cechinel and Lanzoni, Gabriela Marcellino de Melo},
    year          = {2017},
    journal       = {Revista Gaúcha de Enfermagem},
    volume        = {38},
    number        = {2},
    pages         = {e69051},
    doi           = {http://dx.doi.org/10.1590/1983-1447.2017.02.69051},
}

@article{silva2017,
    title         = {Entre fatores ambientais e culturais: arqueologia no litoral do Piauí desde os anos 1990},
    author        = {Silva, Abrahão Sanderson and Coutinho, Hebert Rogério},
    year          = {2017},
    journal       = {Especiaria: Cadernos De Ciências Humanas},
    volume        = {17},
    number        = {30},
    pages         = {15--37},
}

@book{uespi2017pdi,
    title         = {Plano de Desenvolvimento Institucional - PDI 2017 - 2021},
    author        = {{Universidade Estadual do Piauí}},
    year          = {2017},
    publisher     = {Uespi},
    address       = {Teresina},
    url           = {https://uespi.br/proplan-pdi/},
    urldate       = {2023-11-03},
}

@article{vilarino2017,
    title         = {Análise dos grupos de pesquisa em psicologia do esporte e do exercício no Brasil},
    author        = {Vilarino, Guilherme Torres and Dominsk, Fábio Hech and Andrade, Rubian Diego and Felder, Érico Pereira Gomes and Andrade, Alexandro},
    year          = {2017},
    journal       = {Revista Brasileira de Ciência do Esporte},
    volume        = {39},
    number        = {4},
    pages         = {371--379},
    doi           = {10.1016/j.rbce.2017.07.004},
}

@article{cabeza-pulles2018,
    title         = {Drivers for performance in innovative research groups: The mediating role of transactive memory system},
    author        = {Cabeza-Pullés, D. and Gutierrez-Gutierrez, L. J. and Llorens-Montes, F. J.},
    year          = {2018},
    journal       = {BRQ Business Research Quarterly},
    volume        = {21},
    number        = {3},
    pages         = {180--194},
    doi           = {https://doi.org/10.1016/j.brq.2018.03.002},
}

@inproceedings{cezar2018,
    title         = {O perfil da composição dos grupos de pesquisa na UFSC},
    author        = {Cezar, Mabel Fátima Schleder and Souza, Mariany Cristine and More, Rafael Pereira Ocampo and Dias, Marlise There and Buss, Maico Oliveira and Azevedo, Paola},
    year          = {2018},
    booktitle     = {XVIII Colóquio Internacional De Gestion Universitaria},
    address       = {Equador},
    note          = {Anais…},
}

@article{costa2018,
    title         = {Participação em grupos de pesquisa: impactos na produção de conhecimento e formação profissional na área da enfermagem},
    author        = {Costa, Rafaela Lira Mendes},
    year          = {2018},
    journal       = {Revista GEP NEWS},
    volume        = {2},
    number        = {2},
    pages         = {121--127},
}

@article{florencio2018,
    title         = {Análise da colaboração universidade-empresa em Sergipe a partir dos grupos de pesquisa cadastrados no CNPq},
    author        = {Florêncio, Márcio Nannini Silva and Macedo, Ricardo Fontes and Malacarne, Alan and ABUD, Ana Karla Souza and Oliveira Júnior, Antonio Martins},
    year          = {2018},
    journal       = {Revista Tecnologia e Sociedade},
    volume        = {14},
    number        = {34},
    pages         = {261--279},
    doi           = {https://doi.org/10.3895/rts.v14n34.7509},
}

@article{ramos2018,
    title         = {Internacionalização da pós-graduação no Brasil: lógica e mecanismos},
    author        = {Ramos, M. Y.},
    year          = {2018},
    journal       = {Revista Educação e Pesquisa},
    volume        = {44},
    pages         = {1--22},
    doi           = {10.1590/s1517-9702201706161579},
}

@misc{brasil2020,
    title         = {Documento de referência do Plano Regional de Desenvolvimento do Nordeste para o período 2024-2027. PNDE},
    author        = {{Brasil. Ministério da Integração e do Desenvolvimento Regional}},
    year          = {2020},
    url           = {https://www.gov.br/sudene/pt-br/centrais-de-conteudo/prdne-24-27-para-publicacao-aprovada-pela-resolucao-condel-167-de-10-08-2023.pdf},
    urldate       = {2023-01-10},
}

@misc{ifpi2020,
    title         = {Plano de Desenvolvimento Institucional – PDI 2020-2024: construindo para o futuro},
    author        = {{Instituto Federal do Piauí. IFPI}},
    year          = {2020},
    publisher     = {Ifpi},
    address       = {Teresina},
    url           = {https://www.ifpi.edu.br/pdi/pdi-2020-2024/documentos},
    urldate       = {2023-11-03},
}

@misc{inpi2020,
    title         = {Ranking Depositantes Residentes – 2020},
    author        = {{Instituto Nacional de Propriedade Industrial. INPI}},
    year          = {2020},
    url           = {https://www.gov.br/inpi/pt-br/central-de-conteudo/estatisticas/arquivos/estatisticas-preliminares/rankdepositantesresidentes-2020.pdf},
    urldate       = {2023-11-03},
}

@article{miano2020,
    title         = {Atipicidades em grupos de pesquisa dos Institutos Federais do Rio de Janeiro – levantamento dos quantitativos em 2018 de acordo os critérios da CNPQ},
    author        = {Miano, Vitor Yoshihara and Couto, Cássio Luís Pasin and Castello, Guilherme Veloso and Ramos, Allan Rodrigues},
    year          = {2020},
    journal       = {Revista de Gestão em Análise},
    volume        = {9},
    number        = {1},
    pages         = {64--73},
    doi           = {10.12662/2359-618xregea.v9i1.p64-73.2020},
}

@article{sena2020,
    title         = {Grupo de Estudo e Pesquisa como Processo de Aprendizagem para Formação Acadêmica em Ciências Agrárias},
    author        = {Sena, Carolina Carvalho Rocha and Hannum, Juliana Santos de Souza},
    year          = {2020},
    journal       = {Building the way},
    volume        = {10},
    number        = {1},
    pages         = {1--14},
}

@article{silva2020,
    title         = {A comunidade científica de Alagoas: um olhar a partir dos seus grupos de pesquisa},
    author        = {Silva, C. F. and Lopes, R. M.},
    year          = {2020},
    journal       = {Pro-Posições},
    volume        = {31},
    pages         = {e20180086},
    doi           = {10.1590/1980-6248-2018-0086},
}

@misc{ufpi2020pdi,
    title         = {Plano de Desenvolvimento Institucional - PDI 2020 - 2024},
    author        = {{Universidade Federal do Piauí}},
    year          = {2020},
    publisher     = {Uespi},
    address       = {Teresina},
    url           = {https://ufpi.br/pdi-e-pdu-cca},
    urldate       = {2023-11-03},
}

@article{mainardes2021,
    title         = {Grupos de Pesquisa da área de Educação no Brasil: revisão de literatura},
    author        = {Mainardes, Jefferson},
    year          = {2021},
    journal       = {Revista Cadernos de Educação},
    number        = {65},
    pages         = {1--23},
    doi           = {10.15210/caduc.v0i65.21571},
}

@book{chiarini2022,
    title         = {Diretório dos Grupos de Pesquisa do CNPQ: Trajetórias e contribuições acadêmicas},
    author        = {Chiarini, Tulio and Rapini, Marcia Siqueira and Ruffoni, Janaína and Pereira, Larissa de Souza},
    year          = {2022},
    publisher     = {Ipea},
    url           = {http://dx.doi.org/10.38116/td2801},
    urldate       = {2023-01-10},
}

@misc{uespi2022pdi,
    title         = {Plano de Desenvolvimento Institucional - PDI 2022 - 2026},
    author        = {{Universidade Estadual do Piauí}},
    year          = {2022},
    publisher     = {Uespi},
    address       = {Teresina},
    url           = {https://uespi.br/proplan-pdi/},
}

@misc{ufdpar2023pdi,
    title         = {Plano de Desenvolvimento Institucional - PDI 2020 - 2024},
    author        = {{Universidade Federal do Delta do Parnaíba}},
    year          = {2023},
    publisher     = {UFDPar},
    address       = {Teresina},
    url           = {https://ufdpar.edu.br/pdi},
    urldate       = {2023-11-03},
}

@misc{cnpq2023a,
    title         = {Diretório dos Grupos de Pesquisa no Brasil},
    author        = {{Conselho Nacional de Desenvolvimento Científico e Tecnológico (CNPq)}},
    year          = {2023},
    url           = {http://lattes.cnpq.br/web/dgp},
    urldate       = {2023-01-10},
}

@misc{cnpq2023b,
    title         = {Grupos de Pesquisa},
    author        = {{Conselho Nacional de Desenvolvimento Científico e Tecnológico (CNPq)}},
    year          = {2023},
    url           = {https://lattes.cnpq.br/web/dgp/faq},
    urldate       = {2023-01-10},
}

@article{munoz2024,
    title         = {Innovation Management in University Research Groups},
    author        = {Muñoz, Germán A. Arboleda and Tenorio, Adolfo Plazas},
    year          = {2024},
    journal       = {Journal of Technology Management \& Innovation},
    volume        = {19},
    number        = {2},
    pages         = {16--27},
}

@article{souza2024,
    title         = {A Influência da Capacidade Absortiva no Desempenho Inovativo dos Grupos de Pesquisa no Piauí},
    author        = {Sousa, R. M. and Florêncio, M. N. S. and Lopes, L. F. D. and Assunção, T. A. and Castro, M. M. B. and Santos, A. R. A.},
    year          = {2024},
    journal       = {Navus - Revista de Gestão e Tecnologia},
    volume        = {14},
    pages         = {1--21},
    doi           = {10.22279/navus.v14.1872},
}
