
@article{amor_psychoeducational_2018,
	title = {Psychoeducational assessment of students with intellectual disability: {Professional}-action framework analysis},
	shorttitle = {Psychoeducational assessment of students with intellectual disability},
	url = {https://doi.org/10.7334/psicothema2017.175},
	doi = {10.7334/psicothema2017.175},
	language = {eng},
	number = {30.1},
	urldate = {2022-09-20},
	journal = {Psicothema},
	author = {Amor, A. M. and Verdugo, M. A. and Calvo, M. I.},
	month = feb,
	year = {2018},
	pages = {39--45},
}

@article{amstrong_special_2005,
	title = {Special {Education} and the {Concept} of {Neurodiversity}},
	volume = {11},
	number = {3},
	journal = {New Horizons for Learning Online Journal},
	author = {Amstrong, T.},
	year = {2005},
}

@book{bisquerra-alzina_metodologiinvestigacion_2004,
	address = {Madrid},
	title = {Metodología de la investigación educativa},
	isbn = {9788471337481},
	language = {spa},
	publisher = {La Muralla},
	author = {Bisquerra-Alzina, R.},
	year = {2004},
}

@article{condes_que_2016,
	title = {¿{Qué} es el {Internet} de las {Cosas}?},
	url = {http://www.ticbeat.com/tecnologías},
	journal = { Revista TICbeat},
	author = {Condés, O.},
	year = {2016},
}

@misc{cpv__incorporando_2020,
	title = {Incorporando {IOT} en centros educativos {Aplicación} y beneficios},
	url = {https://cpvmicro.com/incorporando-iot-en-centros-educativos-aplicacion-y-beneficios/},
	abstract = {Creación de escuelas más inteligentes: beneficios y aplicaciones de IoT en educación 8 de enero de 2020 El campo de IoT (Internet de las cosas) está creciendo rápidamente, y los expertos están desarrollando aplicaciones prácticas de IoT, oportunidades de red y dispositivos conectables. La tecnología de construcción inteligente está evolucionando, y estamos comenzando a ver […]},
	language = {es},
	journal = {CPV MICRO},
	author = {CPV },
	year = {2020},
}

@book{declaracion_universal_de_los_derechos_humanos_convencion_1950,
	title = {Convención sobre los derechos de las personas con discapacidad},
	url = {https://www.un.org/esa/socdev/enable/documents/tccconvs.pdf},
	author = {Declaración Universal, de los Derechos Humanos},
	year = {1950},
}

@article{_echeita_alisis_2017,
	title = {Análisis y valoración del Área de {Educación} del {III} {Plan} de {Acción} para {Personas} con {Discapacidad} en la {Comunidad} de {Madrid} (2012-2015)},
	volume = {48},
	issn = {0210-1696},
	url = {https://dialnet.unirioja.es/servlet/articulo?codigo=6154398},
	language = {spa},
	number = {1},
	urldate = {2022-09-20},
	journal = {Siglo Cero: Revista Española sobre Discapacidad Intelectual},
	author = { Echeita, G. and Simón, C. and Márquez, C. and  Fernández, M. L. and Moreno, A. and Pérez, E.},
	year = {2017},
	pages = {51--71},
}

@phdthesis{erazo_prototipo_2022,
	type = {Tesis de maestría publicada},
	title = {Prototipo de un modelo ontológico para sistemas de {Internet} de las {Cosas} ({loT})},
	copyright = {openAccess},
	url = {http://dspace.uazuay.edu.ec/handle/datos/11628},
	language = {spa},
	school = {Universidad de Azuay},
	author = {Erazo, L. X. and Ávila, J. D. and Pinos, C. S.},
	year = {2022},
}

@article{esteve_escuela_2010,
	title = {La escuela inclusiva},
	url = {https://webdocente.altascapacidades.es/Educacion\%20inclusiva/9.pdf},
	journal = {Jornadas de fomento de la investigación. Universidad Jaume I.},
	author = {Esteve, F. and Ruíz, O. and Tena, S. and Úbeda, I.},
	year = {2010},
}

@misc{fernandez_kevin_2018,
	title = {Kevin {Ashton}, un tecnólogo visionario},
	url = {https://www.eexcellence.es/expertos/kevin-ashton-un-tecnologo-visionario},
	journal = {EXECUTIVE EXCELLENCE},
	author = {Fernández, F.},
	year = {2018},
}

@article{fernandez_formacion_2019,
	title = {Formación del profesorado para la incorporación de las {TIC} en alumnado con diversidad funcional},
	publisher = {Octaedro},
	url = {https://octaedro.com/libro/formacion-del-profesorado-para-la-incorporacion-de-las-tic-en-alumnado-con-diversidad-funcional/, https://octaedro.com/libro/formacion-del-profesorado-para-la-incorporacion-de-las-tic-en-alumnado-con-diversidad-funcional/},
	author = {Fernandez, J. M.},
	year = {2019},
}

@book{fisher_metodos_1949,
	title = {Métodos estadísticos para investigadores},
	publisher = {Aguilar},
	author = {Fisher, R. A.},
	year = {1949},
}

@book{george_spss_2003,
	address = {Boston},
	edition = {4th ed},
	title = {{SPSS} for {Windows} step by step: a simple guide and reference, 11.0 update},
	isbn = {9780205375523},
	shorttitle = {{SPSS} for {Windows} step by step},
	abstract = {This text covers all major SPSS procedures for version 11.0 and earlier versions. Each analysis chapter is organized according to a structured, identical format, with step-by-step instructions},
	language = {eng},
	publisher = {Allyn and Bacon},
	author = {George, D. and Mallery, P.},
	year = {2003},
}

@misc{informe_foessa_sobre_exclusion_y_desarrollo_social_en_espana_viii_2019,
	title = {{VIII} {Informe} {FOESSA}: {La} exclusión social se enquista en una sociedad cada vez más desvinculada},
	shorttitle = {{VIII} {Informe} {FOESSA}},
	url = {https://www.foessa.es/blog/viii-informe-foessa-presentacion/},
	journal = {Fundación Foessa},
	author = {Fundación Foessa},
	year = {2019},
}

@misc{itu_internet_report__internet_2005,
	title = {The {Internet} of {Things}},
	url = {https://www.itu.int/net/wsis/tunis/newsroom/stats/The-Internet-of-Things-2005.pdf},
	author = {ITU},
	year = {2005},
}

@book{jimenez_inmaculada_2010,
	title = {Inmaculada {Jimenez} {Leon}-{La} {Vision} {Escuela} {Sociedad}},
	url = {https://es.scribd.com/document/150709175/Inmaculada-Jimenez-Leon-La-Vision-Escuela-Sociedad},
	publisher = {Ítakkus},
	author = {Jiménez, I.},
	year = {2010},
}

@book{kandel_neurociencia_1997,
	address = {Madrid},
	title = {Neurociencia y conducta},
	isbn = {9788489660052},
	language = {spa},
	publisher = {Prentice Hall},
	author = {Kandel, E. and Schwartz, J. H. and Jessell, T. M.},
	year = {1997},
}

@article{kaiser_second_1970,
	title = {A second generation little jiffy},
	volume = {35},
	issn = {1860-0980},
	url = {https://doi.org/10.1007/BF02291817},
	doi = {10.1007/BF02291817},
	language = {en},
	number = {4},
	urldate = {2022-09-20},
	journal = {Psychometrika},
	author = {Kaiser, H. F.},
	month = dec,
	year = {1970},
	keywords = {Public Policy, Statistical Theory},
	pages = {401--415},
}

@article{kaiser_index_1974,
	title = {An index of factorial simplicity},
	volume = {39},
	number = {1},
	journal = { Psychometrika},
	author = {Kaiser, H. F.},
	year = {1974},
	pages = {31--36},
}

@article{khana_iot_2018,
	title = {{IoT} security: {Review}, blockchain solutions, and open challenges},
	volume = {82},
	issn = {0167739X},
	shorttitle = {{IoT} security},
	url = {https://linkinghub.elsevier.com/retrieve/pii/S0167739X17315765},
	doi = {10.1016/j.future.2017.11.022},
	language = {en},
	urldate = {2022-09-20},
	journal = {Future Generation Computer Systems},
	author = {Khana, M. A. and Salahb, K.},
	year = {2018},
	pages = {395--411},
}

@article{lewontin_evolucion_1986,
	title        = {La evolución},
	author       = {Lewontin, R.},
	year         = 1986,
	journal      = {Ciencias},
	volume       = 1,
	number       = 1,
	pages        = {40--45},
	issn         = {0187-6376},
	url          = {http://www.revistas.unam.mx/index.php/cns/article/view/10897}
}

@article{lopez_neurodiversidad_2010,
	title = {Neurodiversidad y razonamiento lógico {La} necesidad de una nueva perspectiva en las investigaciones sobre el autismo},
	volume = {3},
	copyright = {Copyright (c) 2017 Revista de Educación Inclusiva},
	issn = {1989-4643},
	url = {https://revistaeducacioninclusiva.es/index.php/REI/article/view/207},
	language = {es},
	number = {2},
	journal = {Revista Educación Inclusiva},
	author = {López, M.},
	year = {2010},
	pages = {97--111},
}

@misc{marquez_rueda_2018,
	type = {Didáctica inclusiva},
	title = {La {Rueda} del {DUA} 2022. {Actualización} de recursos para derribar barreras a la participación},
	url = {https://www.antonioamarquez.com/la-rueda-del-dua-recursos-para-derribar/},
	language = {es},
	urldate = {2022-09-20},
	journal = {Didáctica inclusiva},
	author = {Márquez,  A.},
	year = {2018},
}

@article{messick_standard_1975,
	title = {The  standard  problem:  {Meaning}  and  values  in  measurement and evaluation},
	volume = {30},
	url = {https://psycnet.apa.org/record/1976-03490-001},
	urldate = {2022-09-20},
	journal = {American Psychologist},
	author = {Messick, S.},
	year = {1975},
	pages = {955--966},
}

@article{messiou_inclusive_2021,
	title = {Inclusive {Inquiry}: {An} innovative {Approach} for {Promoting} {Inclusion} in {Schools}},
	volume = {15},
	url = {https://dialnet.unirioja.es/servlet/revista?codigo=20644},
	abstract = {Editor: Universidad Central de Chile.
Revista en Dialnet.},
	language = {es},
	number = {2},
	urldate = {2022-09-20},
	journal = {Revista latinoamericana de educación inclusiva},
	author = {Messiou, K. and Ainscow, M.},
	year = {2021},
	pages = {23--37},
}

@misc{ministerio_de_derechos_sociales_y_agenda_2030_ods_nodate,
	title = {{ODS} 10: {Reducción} de las desigualdades},
	url = {https://www.mdsocialesa2030.gob.es/agenda2030/index.htm},
	abstract = {Agenda 2030},
	urldate = {2022-09-20},
	journal = {Gobierno de España},
	author = {Ministerio de Derechos Sociales y Agenda 2030},
}

@book{ministerio_de_sanidad_consumo_y_bienestar_social_estrategia_2019,
	title = {Estrategia nacional de prevención y lucha contra la pobreza y la exclusión social 2019-2023},
	publisher = {Gobierno de España},
	author = {Ministerio de Sanidad, Consumo y Bienestar Social},
	year = {2019},
}

@misc{naciones_unidas_objetivos_nodate,
	title = {Objetivos de {Desarrollo} {Sostenible}},
	url = {https://www.un.org/sustainabledevelopment/es/},
	author = {Naciones Unidas, ORG},
}

@phdthesis{ortega_discapacidad_2009,
	type = {Tesis de maestría no publicada},
	title = {Discapacidad, autismo y neurodiversidad},
	url = {https://digitalrepository.unm.edu/lasm_cucs_es/86},
	school = { Universidad de México},
	author = {Ortega, F.},
	year = {2009},
}

@misc{ortega_brecha_2019,
	title = {De la {Brecha} {Digital} a la {Inclusión} {Digital}},
	url = {https://medium.com/rightmesh-sp/de-la-brecha-digital-a-la-inclusi%C3%B3n-digital-8f964f442399},
	journal = {Medium},
	author = {Ortega, J.},
	year = {2019},
}

@article{padilla_relacion_2021,
	title = {La relación causa-efecto entre exclusión/inclusión social y financiera. {Una} aproximación teórica},
	volume = {138},
	copyright = {Derechos de autor 2021 REVESCO. Revista de Estudios Cooperativos},
	issn = {1885-8031},
	url = {https://revistas.ucm.es/index.php/REVE/article/view/69168},
	doi = {10.5209/reve.69168},
	language = {es},
	urldate = {2022-09-20},
	journal = {REVESCO. Revista de Estudios Cooperativos},
	author = {Padilla, A. M. and Sanchis, J. R.},
	year = {2021},
	keywords = {Calidad de vida},
	pages = {1--22},
}

@phdthesis{parra__metodo_2021,
	type = {Trabajo de grado - {Maestría}},
	title = {Un método para la identificación y prevención temprana de incidentes de ciberseguridad en dispositivos del {Internet} de las {Cosas}},
	copyright = {Atribución-NoComercial-SinDerivadas 4.0 Internacional},
	url = {https://repositorio.unal.edu.co/handle/unal/81148},
	language = {spa},
	urldate = {2022-09-20},
	school = {Universidad Nacional de Colombia},
	author = {Parra , J. A.},
	year = {2021},
}

@article{pastor_diseno_2019,
	title = {Diseño {Universal} para el {Aprendizaje}: un modelo teórico-práctico para una educación inclusiva de calidad },
	volume = {6},
	url = {https://sede.educacion.gob.es/publiventa/d/23952/19/1},
	number = {9},
	urldate = {2022-09-20},
	journal = {Revista Participación Educativa},
	author = {Pastor, C. A.},
	year = {2019},
	pages = {55--66},
}

@incollection{perez-ferra_europa_2009,
	title = {La {Europa} del conocimiento, un referente axiológico para la {Universidad}},
	booktitle = {Una universidad para el siglo {XXI}, {Espacio} {Europeo} de {Enseñanza} {Superior} ({EEES}): una mirada transdisciplinar, ecoformadora e intercultural},
	publisher = {Universitas},
	author = {Pérez-Ferra, M.},
	editor = {Rivilla, A. M. and García, M. L. S. and Torre, S.},
	year = {2009},
}

@misc{perez_inclusion_2020,
	title = {Inclusión {Social}},
	url = {http://www.andaluciasolidaria.org/que-hacemos/inclusion-social},
	language = {es-es},
	urldate = {2022-09-20},
	journal = {Andalucía Solidaria},
	author = {Pérez, G.},
	year = {2020},
}

@article{pineda_de_alcazar_internet_2018,
	title = {La {Internet} de las {Cosas}, el {Big} {Data} y los nuevos problemas de la comunicación en el {Siglo} {XXI}},
	volume = {17},
	copyright = {Derechos de autor},
	issn = {1989-0494},
	url = {https://revistas.ucm.es/index.php/MESO/article/view/60190},
	doi = {10.5209/MESO.60190},
	language = {es},
	urldate = {2022-09-20},
	journal = {Mediaciones Sociales},
	author = {Pineda de Alcázar, M.},
	year = {2018},
	keywords = {Siglo XXI.},
	pages = {11--24},
}

@phdthesis{pisano_internet_2018,
	type = {Tesis de {Maestría} en {Gestión} de {Servicios} {Tecnológicos} y de {Telecomunicaciones}},
	title = {Internet de las {Cosas} },
	school = {Universidad de San Andrés},
	author = {Pisano, A.},
	year = {2018},
}

@article{plancarte_inclusion_2017,
	title = {Inclusión educativa y cultura inclusiva},
	volume = {10},
	copyright = {Copyright (c) 2017 Revista de Educación Inclusiva},
	issn = {1989-4643},
	url = {https://revistaeducacioninclusiva.es/index.php/REI/article/view/294},
	language = {es},
	number = {2},
	urldate = {2022-09-20},
	journal = {Revista de Educación Inclusiva},
	author = {Plancarte, P. A.},
	year = {2017},
	keywords = {inclusión, cultura, escuela},
	pages = {213--225},
}

@misc{_recuero__iot4all:_2020,
	title = {{Iot4All}: ¿{Cómo} se conectan y comunican los dispositivos?},
	shorttitle = {{Iot4All}},
	url = {https://empresas.blogthinkbig.com/iot4allcomo-se-conectan-y-comunican-los-dispositivos/},
	language = {es},
	urldate = {2022-09-20},
	journal = {Think Big},
	author = { Recuero, P.},
	year = {2020},
}

@article{romero_motivar_2009,
	title = {Motivar a aprender en la {Universidad}: una estrategia fundamental contra el fracaso académico. {Aportaciones} de la investigación y la literatura especializada},
	volume = {50},
	copyright = {Derechos de autor},
	issn = {1681-5653},
	shorttitle = {Motivar a aprender en la {Universidad}},
	url = {https://rieoei.org/RIE/article/view/1921},
	doi = {10.35362/rie5051921},
	language = {es},
	number = {5},
	urldate = {2022-09-20},
	journal = {Revista Iberoamericana de Educación},
	author = {Romero, M. and  Pérez, M.},
	year = {2009},
	keywords = {motivación para aprender, literatura especializada, modelos e investigaciones.},
	pages = {1--13},
}

@book{rose__internet_2015,
	title = {The {Internet} of {Things}: {An} {Overview}},
	publisher = {Internet Society},
	author = {Rose , K. and Eldridge, S. and Chapin, L.},
	year = {2015},
}

@article{sanchez_paradigma_2020,
	title = {Paradigma de la neurodiversidad: una nueva forma de comprender el trastorno del espectro autista},
	volume = {7},
	copyright = {Derechos de autor 2020 Revista de Estudiantes de Terapia Ocupacional},
	issn = {0719-8264},
	shorttitle = {Paradigma de la neurodiversidad},
	url = {http://www.reto.ubo.cl/index.php/reto/article/view/90},
	language = {es},
	number = {1},
	urldate = {2022-09-20},
	journal = {Revista de Estudiantes de Terapia Ocupacional},
	author = {Sánchez, S. A.},
	year = {2020},
	keywords = {Terapia Ocupacional},
	pages = {19--35},
}

@article{vallejo_estructuras_2019,
	title = {Estructuras mentales en la construcción de aprendizaje significativo},
	volume = {5},
	copyright = {Derechos de autor 2019 Patricio Alfredo Vallejo Valdivieso; Graciela Hernestina Zambrano Pincay; Patricio Yosue Vallejo Pilligua; Gelen Melissa Bravo Cedeño},
	issn = {2610-802X},
	url = {https://cienciamatriarevista.org.ve/index.php/cm/article/view/257},
	doi = {10.35381/cm.v5i8.257},
	language = {es},
	number = {8},
	urldate = {2022-09-20},
	journal = {CIENCIAMATRIA},
	author = {Vallejo, P. A. and Zambrano, G. H. and  Vallejo, P. Y. and Bravo, G. M.},
	year = {2019},
	keywords = {Neuropsicología, investigación sobre el cerebro, educación alternativa, experimento educacional.},
	pages = {228--241},
}

@article{candes_introduction_2016,
	title = {An introduction to compressive sampling},
	volume = { 2},
	number = {1},
	journal = {IEEE signal processing magazine},
	author = {Candes, E. J.},
	year = {2016},
	pages = { 21--30},
}

@book{behar_metodologiinvestigacion_2008,
	title = {Metodología de la investigación},
	publisher = {Editorial Shalom},
	author = {Behar, D. S.},
	year = {2008},
}

@book{cazau_fundamentos_2006,
	title = {Fundamentos de estadística},
	publisher = {Universidad de Buenos Aires },
	author = {Cazau, P.},
	year = {2006},
}
