@article{cope2002,
    title         = {Integrating learning technology into classrooms: The importance of teachers’ perceptions},
    author        = {Cope, Chris and Ward, Peter},
    year          = {2002},
    journal       = {Journal of Educational Technology and Society},
    volume        = {5},
    number        = {1},
    pages         = {67--74},
    url           = {http://www.jstor.org/stable/jeductechsoci.5.1.67},
    note          = {Accessed on 10 Apr. 2025},
}

@article{ertmer2005,
    title         = {Teacher pedagogical beliefs: The final frontier in our quest for technology integration?},
    author        = {Ertmer, Peggy},
    year          = {2005},
    journal       = {Educational Technology Research and Development},
    volume        = {53},
    number        = {4},
    pages         = {25--39},
    doi           = {10.1007/bf02504683},
    note          = {Accessed on 10 Apr. 2025},
}

@article{deng2014,
    title         = {The relationships among Chinese practicing teachers’ epistemic beliefs, pedagogical beliefs and their beliefs about the use of ICT},
    author        = {Deng, Feng and Chai, Ching Sing and Tsai, Ching‑Chung and Lee, Min‑Hsien},
    year          = {2014},
    journal       = {Educational Technology and Society},
    volume        = {17},
    number        = {2},
    pages         = {245--256},
    url           = {http://www.jstor.org/stable/jeductechsoci.17.2.245},
    note          = {Accessed on 10 Apr. 2025},
}

@article{petruchenia2014,
    title         = {Gender issues of Ukrainian higher education},
    author        = {Petruchenia, Hanna and Vorovka, Margarita},
    year          = {2014},
    journal       = {Chemistry: Bulgarian Journal of Science Education},
    volume        = {23},
    number        = {5},
    pages         = {655--664},
    url           = {https://www.researchgate.net/publication/339236720},
    note          = {Accessed on 5 Apr. 2025},
}

@article{farrell2015,
    title         = {Reflecting on teacher‑student relations in TESOL},
    author        = {Farrell, Thomas},
    year          = {2015},
    journal       = {ELT Journal},
    volume        = {69},
    number        = {1},
    pages         = {26--34},
    doi           = {10.1093/elt/ccu033},
    note          = {Accessed on 5 Apr. 2025},
}

@article{howard2016,
    title         = {Having a go: looking at teachers’ experience of risk‑taking in technology integration},
    author        = {Howard, Sarah and Gigliotti, Amanda},
    year          = {2016},
    journal       = {Education and Information Technologies},
    volume        = {21},
    number        = {5},
    pages         = {1351--1366},
    doi           = {10.1007/s10639-015-9386-4},
    note          = {Accessed on 15 Apr. 2025},
}

@article{hsu2016,
    title         = {Examining current beliefs, practices and barriers about technology integration: a case study},
    author        = {Hsu, Pi‑Sui},
    year          = {2016},
    journal       = {TechTrends},
    volume        = {60},
    pages         = {30--40},
    doi           = {10.1007/s11528-015-0014-3},
    note          = {Accessed on 7 Apr. 2025},
}

@article{instefjord2017,
    title         = {Educating digitally competent teachers: A study of integration of professional digital competency in teacher education},
    author        = {Instefjord, Elen and Munthe, Elaine},
    year          = {2017},
    journal       = {Teaching and Teacher Education},
    volume        = {67},
    pages         = {37--45},
    doi           = {10.1016/j.tate.2017.05.016},
    note          = {Accessed on 8 Apr. 2025},
}

@techreport{lisova2018,
    title         = {Gender portrait of Ukrainian teachers},
    author        = {Lisova, Tetiana},
    year          = {2018},
    url           = {http://gestproject.eu/wp-content/uploads/2016/11/Lisova_Kyiv.pdf},
    note          = {Accessed on 9 Apr. 2025},
    institution   = {GeST Gender Studies},
}

@incollection{ottenbreit-leftwich2018,
    title         = {Information and communication technology dispositional factors and relationship to information and communication technology practices},
    author        = {Ottenbreit‑Leftwich, Anne T. and Kopcha, Theodore J. and Ertmer, Peggy A.},
    year          = {2018},
    booktitle     = {Second handbook of information technology in primary and secondary education},
    publisher     = {Springer International Publishing},
    pages         = {309--333},
    doi           = {10.1007/978-3-319-71054-9_27},
    note          = {Accessed on 12 Apr. 2025},
    editor        = {Voogt, Joke and Knezek, Gerald and Christensen, Rita and Lai, Kwok‑Wai},
}

@article{ding2019,
    title         = {EFL teachers’ pedagogical beliefs and practices with regard to using technology},
    author        = {Ding, Ai‑Chu Elisha and Ottenbreit‑Leftwich, Anne and Lu, Ya‑Huei and Glazewski, Krista},
    year          = {2019},
    journal       = {Journal of Digital Learning in Teacher Education},
    volume        = {35},
    number        = {1},
    pages         = {20--39},
    doi           = {10.1080/21532974.2018.1537816},
    note          = {Accessed on 10 Apr. 2025},
}

@article{huang2019,
    title         = {Factors affecting Chinese English as a foreign language teachers’ technology acceptance: A qualitative study},
    author        = {Huang, Fang and Teo, Timothy and Zhou, Mingming},
    year          = {2019},
    journal       = {Journal of Educational Computing Research},
    volume        = {57},
    number        = {1},
    pages         = {83--105},
    doi           = {10.1177/0735633117746168},
    note          = {Accessed on 8 Apr. 2025},
}

@inproceedings{sumakul2019,
    title         = {When robots enter the classrooms: Implications for teachers},
    author        = {Sumakul, Dian Toar},
    year          = {2019},
    booktitle     = {E‑proceeding of the international conference on embedding artificial intelligence (AI) in education policy and practice for Southeast Asia},
    pages         = {42--48},
    url           = {https://www.researchgate.net/publication/338660531_When_robots_enter_the_classrooms_Implications_for_teachers},
    note          = {Accessed on 4 Apr. 2025},
    institution   = {Seamolec},
}

@article{zawacki-richter2019,
    title         = {Systematic review of research on artificial intelligence applications in higher education – Where are the educators?},
    author        = {Zawacki‑Richter, Olaf and Marín, Victoria I. and Bond, Melissa and Gouverneur, Franziska},
    year          = {2019},
    journal       = {International Journal of Educational Technology in Higher Education},
    volume        = {16},
    number        = {1},
    pages         = {16--39},
    doi           = {10.1186/s41239-019-0171-0},
    note          = {Accessed on 11 Apr. 2025},
}

@article{ivanishchenko2020,
    title         = {Ukrainian teacher: Analysis of Ukrainian education problems (by Talis methodology)},
    author        = {Ivanishchenko, Kateryna},
    year          = {2020},
    journal       = {UERA, Educational Insights: Theory and Practice},
    volume        = {1},
    url           = {http://ei.udpu.edu.ua/index},
    note          = {Accessed on 15 Apr. 2025},
}

@article{aljohani2021,
    title         = {Teachers and students’ perceptions on the impact of artificial intelligence on English language learning in Saudi Arabia},
    author        = {Aljohani, Reema Ali},
    year          = {2021},
    journal       = {Journal of Applied Linguistics and Language Research},
    volume        = {8},
    number        = {1},
    pages         = {36--47},
    url           = {https://www.jallr.com/index.php/JALLR/article/view/1156},
    note          = {Accessed on 12 Apr. 2025},
}

@article{bereczki2021,
    title         = {Technology-enhanced creativity: A multiple case study of digital technology-integration expert teachers’ beliefs and practices},
    author        = {Bereczki, Enikő Orsolya and Kárpáti, Andrea},
    year          = {2021},
    journal       = {Thinking Skills and Creativity},
    volume        = {39},
    pages         = {1--27},
    doi           = {10.1016/j.tsc.2021.100791},
    note          = {Accessed on 12 Apr. 2025},
}

@article{patel2021,
    title         = {Learning analytics: Framing the right question for the right data to impact teaching and learning effectiveness},
    author        = {Patel, Fay},
    year          = {2021},
    journal       = {Academia Letters},
    pages         = {1--5},
    doi           = {10.20935/al2974},
    note          = {Accessed on 12 Apr. 2025},
}

@article{wilson2021,
    title         = {Elementary teachers’ perceptions of automated feedback and automated scoring: Transforming the teaching and learning of writing using automated writing evaluation},
    author        = {Wilson, Joshua and Ahrendt, Cristina and Fudge, Emily A. and Raiche, Alexandria and Beard, Gaysha and MacArthur, Charles},
    year          = {2021},
    journal       = {Computers \& Education},
    volume        = {168},
    pages         = {104208},
    doi           = {10.1016/j.compedu.2021.104208},
    note          = {Accessed on 18 Apr. 2025},
}

@article{holmes2022,
    title         = {State of the art and practice in AI in education},
    author        = {Holmes, Wayne and Tuomi, Ilkka},
    year          = {2022},
    journal       = {European Journal of Education},
    volume        = {57},
    pages         = {542--570},
    doi           = {10.1111/ejed.12533},
    note          = {Accessed on 5 Apr. 2025},
}

@article{ji2022,
    title         = {A systematic review of conversational AI in language education: Focusing on the collaboration with human teachers},
    author        = {Ji, Hyangeun and Han, Insook and Ko, Yujung},
    year          = {2022},
    journal       = {Journal of Research on Technology in Education},
    volume        = {55},
    number        = {1},
    pages         = {48--63},
    doi           = {10.1080/15391523.2022.2142873},
    note          = {Accessed on 22 Apr. 2025},
}

@article{mageira2022,
    title         = {Educational AI chatbots for content and language integrated learning},
    author        = {Mageira, Kleopatra and Pittou, Dimitra and Papasalouros, Andreas and Kotis, Konstantinos and Zangogianni, Paraskevi and Daradoumis, Athanasios},
    year          = {2022},
    journal       = {Applied Sciences},
    volume        = {12},
    number        = {7},
    pages         = {1--16},
    doi           = {10.3390/app12073239},
    note          = {Accessed on 16 Apr. 2025},
}

@article{sumakul2022,
    title         = {Artificial intelligence in EFL classrooms: Friend or foe?},
    author        = {Sumakul, Dian Toar and Hamied, Fuad Abdul and Sukyadi, Didi},
    year          = {2022},
    journal       = {LEARN Journal: Language Education and Acquisition Research Network},
    volume        = {15},
    number        = {1},
    pages         = {232--256},
    url           = {https://so04.tci-thaijo.org/index.php/LEARN/article/view/256723},
    note          = {Accessed on 13 Apr. 2025},
}

@article{chan2023,
    title         = {Students’ voices on generative AI: perceptions, benefits, and challenges in higher education},
    author        = {Chan, Cecilia Ka Yuk and Hu, Wenjie},
    year          = {2023},
    journal       = {International Journal of Educational Technology},
    volume        = {20},
    pages         = {1--18},
    doi           = {10.1186/s41239-023-00411-8},
    note          = {Accessed on 10 Apr. 2025},
}

@article{dalalah2023,
    title         = {The false positives and false negatives of generative AI detection tools in education and academic research: The case of ChatGPT},
    author        = {Dalalah, Doraid and Dalalah, Osama Mohammad Ameen},
    year          = {2023},
    journal       = {The International Journal of Management Education},
    volume        = {21},
    number        = {2},
    pages         = {1--13},
    doi           = {10.1016/j.ijme.2023.100822},
    note          = {Accessed on 10 Apr. 2025},
}

@misc{herfteducator2023,
    title         = {A teacher’s prompt guide to ChatGPT aligned with “What Works Best”},
    author        = {{HERFTEducator}},
    year          = {2023},
    url           = {https://usergeneratededucation.files.wordpress.com/2023/01/a-teachers-prompt-guide-to-chatgpt-aligned-with-what-works-best.pdf},
    note          = {Accessed on 12 Apr. 2025},
    howpublished  = {Online guide},
}

@online{hie2023,
    title         = {ChatGPT in higher education… or the fear of a revolution in the making},
    author        = {Hié, Anthony},
    year          = {2023},
    url           = {https://www.governancenow.com/views/columns/chatgpt-in-higher-education-or-the-fear-of-a-revolution-in-the-making},
    note          = {Accessed on 5 Apr. 2025},
    howpublished  = {Web article},
}

@article{huang2023,
    title         = {Trends, research issues and applications of artificial intelligence in language education},
    author        = {Huang, Xinyi and Zou, Di and Cheng, Gary and Chen, Xieling and Xie, Haoran},
    year          = {2023},
    journal       = {Educational Technology \& Society},
    volume        = {26},
    number        = {1},
    pages         = {112--131},
    url           = {https://www.jstor.org/stable/48707971},
    note          = {Accessed on 8 Apr. 2025},
}

@article{iqbal2023,
    title         = {Exploring teachers’ attitudes towards using ChatGPT},
    author        = {Iqbal, Nayab and Ahmed, Hassaan and Azhar, Kaukar Abid},
    year          = {2023},
    journal       = {Global Journal for Management and Administrative Sciences},
    volume        = {3},
    number        = {4},
    pages         = {97--111},
    doi           = {10.46568/gjmas.v3i4.163},
    note          = {Accessed on 23 Apr. 2025},
}

@article{kim2023,
    title         = {A study on the utilization of OpenAI ChatGPT as a second language learning tool},
    author        = {Kim, Sunyoung and Shim, Joobo and Shim, Jaechang},
    year          = {2023},
    journal       = {Journal of Multimedia Information System},
    volume        = {10},
    number        = {1},
    pages         = {79--88},
    doi           = {10.33851/jmis.2023.10.1.79},
    note          = {Accessed on 21 Apr. 2025},
}

@article{kohnke2023,
    title         = {ChatGPT for language teaching and learning},
    author        = {Kohnke, Lucas and Moorhouse, Benjamin Luke and Zou, Di},
    year          = {2023},
    journal       = {RELC Journal},
    volume        = {54},
    number        = {2},
    pages         = {537--550},
    doi           = {10.1177/00336882231162868},
    note          = {Accessed on 12 Apr. 2025},
}

@article{kostka2023,
    title         = {Exploring applications of ChatGPT to English language teaching: Opportunities, challenges, and recommendations},
    author        = {Kostka, Ilka and Toncelli, Rachel},
    year          = {2023},
    journal       = {The Electronic Journal for English as a Second Language},
    volume        = {27},
    number        = {3},
    doi           = {10.55593/ej.27107int},
    note          = {Accessed on 12 Apr. 2025},
}

@inproceedings{mavropoulou2023,
    title         = {Integration of artificial intelligence on teaching and learning French as foreign language: A case study},
    author        = {Mavropoulou, Eleni and Arvanitis, Panagiotis},
    year          = {2023},
    booktitle     = {ICER Proceedings},
    pages         = {7591--7595},
    doi           = {10.21125/iceri.2023.1897},
    note          = {Accessed on 15 Apr. 2025},
}

@article{meniado2023,
    title         = {The impact of ChatGPT on English language teaching, learning, and assessment: A rapid review of literature},
    author        = {Meniado, Joel},
    year          = {2023},
    journal       = {Arab World English Journal},
    volume        = {14},
    number        = {4},
    pages         = {3--18},
    doi           = {10.24093/awej/vol14no4.1},
    note          = {Accessed on 25 Apr. 2025},
}

@article{nguyen2023,
    title         = {EFL teachers’ perspectives toward the use of ChatGPT in writing classes: A case study at Van Lang University},
    author        = {Nguyen, Thi Thu Hang},
    year          = {2023},
    journal       = {International Journal of Language Instruction},
    volume        = {2},
    number        = {3},
    pages         = {1--47},
    doi           = {10.54855/ijli.23231},
    note          = {Accessed on 13 Apr. 2025},
}

@article{pavlik2023,
    title         = {Collaborating with ChatGPT: Considering the implications of generative artificial intelligence for journalism and media education},
    author        = {Pavlik, John},
    year          = {2023},
    journal       = {Journalism \& Mass Communication Educator},
    volume        = {78},
    pages         = {84--93},
    doi           = {10.1177/10776958221149577},
    note          = {Accessed on 11 Apr. 2025},
}

@article{perelli-harris2023,
    title         = {The triple burden of depopulation in Ukraine: Examining perceptions of population decline},
    author        = {Perelli‑Harris, Brienna and Hilevych, Yuliya},
    year          = {2023},
    journal       = {Vienna Yearbook of Population Research},
    volume        = {21},
    pages         = {245--275},
    doi           = {10.1553/p-azcj-d4f4},
    note          = {Accessed on 11 Apr. 2025},
}

@article{schroder2023,
    title         = {‘Give and take’ – higher education teachers using open educational resources},
    author        = {Schröder, Nadine and Donat, Sophia},
    year          = {2023},
    journal       = {Research in Learning Technology},
    volume        = {31},
    pages         = {1--14},
    doi           = {10.25304/rlt.v31.2916},
    note          = {Accessed on 4 Apr. 2025},
}

@article{sumakul2023,
    title         = {Amotivation in AI-injected EFL classrooms: Implications for teachers},
    author        = {Sumakul, Dian Toar and Hamied, Fuad Abdul},
    year          = {2023},
    journal       = {Indonesian Journal of Applied Linguistics},
    volume        = {13},
    number        = {1},
    pages         = {26--34},
    doi           = {10.17509/ijal.v13i1.58254},
    note          = {Accessed on 15 Apr. 2025},
}

@article{westerlund2023,
    title         = {Teaching and learning English at higher educational institutions in Ukraine through pandemics and wartime},
    author        = {Westerlund, Ruslana and Chugai, Oksana and Petrenko, Serhii and Zuyenok, Iryna},
    year          = {2023},
    journal       = {Advanced Education},
    volume        = {22},
    pages         = {12--26},
    doi           = {10.20535/2410-8286.283353},
    note          = {Accessed on 15 Apr. 2025},
}

@article{xiao2023,
    title         = {An exploratory study of EFL learners’ use of ChatGPT for language learning tasks: Experience and perceptions},
    author        = {Xiao, Yangyu and Zhi, Yuying},
    year          = {2023},
    journal       = {Languages},
    volume        = {8},
    number        = {212},
    pages         = {1--12},
    doi           = {10.3390/languages8030212},
    note          = {Accessed on 18 Apr. 2025},
}

@article{yan2023,
    title         = {Impact of ChatGPT on learners in an L2 writing practicum: An exploratory investigation},
    author        = {Yan, Da},
    year          = {2023},
    journal       = {Education and Information Technologies},
    pages         = {1--25},
    doi           = {10.1007/s10639-023-11742-4},
    note          = {Accessed on 18 Apr. 2025},
}

@article{synekop2024,
    title         = {Use of ChatGPT in English for engineering classes: Are students’ and teachers’ views on its opportunities and challenges similar?},
    author        = {Synekop, Oksana and Lytovchenko, Iryna and Lavrysh, Yuliana and Lukianenko, Valentyna},
    year          = {2024},
    journal       = {International Journal of Interactive Mobile Technologies (iJIM)},
    volume        = {18},
    number        = {3},
    pages         = {129--146},
    doi           = {10.3991/ijim.v18i03.45025},
    note          = {Accessed on 12 Apr. 2025},
}
