@book{selinker1992rediscovering,
    title         = {Rediscovering interlanguage},
    author        = {Selinker, Larry},
    year          = {1992},
    publisher     = {Addison Wesley Longman},
}

@inproceedings{rundell1996corpus,
    title         = {The corpus of the future, and the future of the corpus},
    author        = {Rundell, Michael},
    year          = {1996},
    booktitle     = {Talk at a special conference on New Trends in Reference Science at Exeter, UK (a printed hand out)},
}

@book{turton1996longman,
    title         = {Longman dictionary of common errors},
    author        = {Turton, Nigel D and Heaton, John Brian},
    year          = {1996},
    publisher     = {Longman},
}

@book{garside1997corpus,
    title         = {Corpus annotation: linguistic information from computer text corpora},
    author        = {Garside, Roger and Leech, Geoffrey and McEnery, Tony},
    year          = {1997},
    publisher     = {Routledge},
}

@incollection{granger1998,
    title         = {The computer learner corpus: a versatile new source of data for SLA research},
    author        = {Granger, Sylviane},
    year          = {1998},
    booktitle     = {Learner English on Computer},
    publisher     = {Longman},
    pages         = {3--18},
    editor        = {Granger, Sylviane},
}

@incollection{Grangertribble1998,
    title         = {Learner corpus data in the foreign language classroom: form-focused instruction and data-driven learning},
    author        = {Granger, Sylviane and Tribble, Christopher},
    year          = {1998},
    publisher     = {Addison Wesley Longman},
    pages         = {199--209},
    editor        = {Granger, Sylviane},
}

@book{wolfe1998,
    title         = {Second language development in writing: Measures of fluency, accuracy, \& complexity},
    author        = {Wolfe-Quintero, Kathryn Elizabeth and Inagaki, Shunji, and Kim, Hae-Young},
    year          = {1998},
    publisher     = {Second Language Teaching an Curriculum Center of University of Hawai'i},
}

@book{yang2001,
    title         = {An Introduction to Corpus Linguistics},
    author        = {Yang, Huizhong},
    year          = {2001},
    publisher     = {Shanghai Foreign Language Education Press},
}

@incollection{Granger2002bird,
    title         = {A bird's-eye view of learner corpus research},
    author        = {Granger, Sylviane},
    year          = {2002},
    booktitle     = {Computer Learner Corpora, Second Language Acquisition and Foreign Language Teaching},
    publisher     = {Benjamins},
    pages         = {3--33},
    editor        = {Granger, Sylviane and Hung, Joseph and Petch-Tyson, Stephanie},
}

@article{cobb2013,
    title         = {Analyzing Late Interlanguage with Learner Corpora: Qu\'{e}bec Replications of Three European Studies},
    author        = {Cobb, Tom},
    year          = {2003},
    journal       = {The Canadian Modern Language Review},
    volume        = {59},
    number        = {3},
    pages         = {393--424},
    doi           = {10.3138/cmlr.59.3.393},
    url           = {https://doi.org/10.3138/cmlr.59.3.393},
    eprint        = {https://doi.org/10.3138/cmlr.59.3.393},
}

@article{nesselhauf2004learner,
    title         = {Learner corpora and their potential for language teaching},
    author        = {Nesselhauf, Nadja},
    year          = {2004},
    journal       = {How to use corpora in language teaching},
    volume        = {12},
    pages         = {125--156},
}

@article{granger2004computer,
    title         = {Computer Learner Corpus Research: Current Status and Future Prospects},
    author        = {Granger, Sylviane},
    year          = {2004},
    journal       = {Applied Corpus Linguistics},
    publisher     = {Brill},
    pages         = {123--145},
}

@incollection{GRANGER2008,
    title         = {Learner corpora in foreign language education},
    author        = {Granger, Sylviane},
    year          = {2008},
    booktitle     = {Encyclopedia of Language and Education: Second and Foreign Language Education},
    publisher     = {Springer},
    pages         = {337--351},
}

@book{Dic2008,
    title         = {A frequency dictionary of Portuguese},
    author        = {Davies, Mark and Preto-Bay, Ana Maria},
    year          = {2008},
    publisher     = {Routledge},
}

@book{mcenery2011corpus,
    title         = {Corpus linguistics: Method, theory and practice},
    author        = {McEnery, Tony and Hardie, Andrew},
    year          = {2011},
    publisher     = {Cambridge University Press},
}

@inbook{granger_gilquin_meunier_2015,
    title         = {Introduction: learner corpus research – past, present and future},
    author        = {Granger, Sylviane and Gilquin, Ga\"{e}tanelle and Meunier, Fanny},
    year          = {2015},
    booktitle     = {The Cambridge Handbook of Learner Corpus Research},
    publisher     = {Cambridge University Press},
    series        = {Cambridge Handbooks in Language and Linguistics},
    pages         = {1–6},
    doi           = {10.1017/CBO9781139649414.001},
    place         = {Cambridge},
    editor        = {Granger, Sylviane and Gilquin, Ga\"{e}tanelle and Meunier, Fanny},
}

@inbook{gilquin_2015,
    title         = {From design to collection of learner corpora},
    author        = {Gilquin, Ga\"{e}tanelle},
    year          = {2015},
    booktitle     = {The Cambridge Handbook of Learner Corpus Research},
    publisher     = {Cambridge University Press},
    series        = {Cambridge Handbooks in Language and Linguistics},
    pages         = {9–34},
    doi           = {10.1017/CBO9781139649414.002},
    place         = {Cambridge},
    editor        = {Granger, Sylviane and Gilquin, Ga\"{e}tanelle and Meunier, Fanny},
}

@book{kubler2015corpus,
    title         = {Corpus linguistics and linguistically annotated corpora},
    author        = {K{\"u}bler, Sandra and Zinsmeister, Heike},
    year          = {2015},
    publisher     = {Bloomsbury Publishing},
}

@article{santos2016corpus,
    title         = {Corpus oral de PL2: um novo recurso para a investiga{\c{c}}{\~a}o e ensino},
    author        = {Santos, Isabel Almeida and Pereira, Isabel and Martins, Cristina and Lopes, Ana Cristina Mac{\'a}rio and Carapinha, Concei{\c{c}}{\~a}o and Silva, Ant{\'o}nio},
    year          = {2016},
    journal       = {Revista da Associa{\c{c}}{\~a}o Portuguesa de Lingu{\'\i}stica},
    number        = {1},
    pages         = {740--760},
}

@article{de2016universal,
    title         = {Universal POS tagging for Portuguese: Issues and Opportunities},
    author        = {de Paiva, Valeria and Real, Livy},
    year          = {2016},
    journal       = {Proceedings of LexSem+ Logics 2016},
    pages         = {25},
}

@inproceedings{rademaker2017universal,
    title         = {Universal dependencies for Portuguese},
    author        = {Rademaker, Alexandre and Chalub, Fabricio and Real, Livy and Freitas, Cl{\'a}udia and Bick, Eckhard and De Paiva, Valeria},
    year          = {2017},
    booktitle     = {Proceedings of the fourth international conference on dependency linguistics (Depling 2017)},
    pages         = {197--206},
}

@incollection{kreyer2017multilinguality,
    title         = {`Multilinguality'in learner corpora: The case of the MILE},
    author        = {Kreyer, Rolf},
    year          = {2017},
    booktitle     = {Challenging the Myth of Monolingual Corpora},
    publisher     = {Brill},
    pages         = {200--219},
    editor        = {Nurmi, Arja and R\"{u}tten, Tanja and Pahta, P\"{a}ivi},
}

@incollection{Yan2019,
    title         = {O desenvolvimento do ensino de Portugu\^{e}s na China: hist\'{o}ria, situa\c{c}\~{a}o atual e novas tend\^{e}ncias},
    author        = {Yan, Qiaorong},
    year          = {2019},
    booktitle     = {O ensino do Portugu\^{e}s na China: par\^{a}metros e perspectivas},
    publisher     = {Edufrn},
    pages         = {24--52},
    editor        = {Yan, Qiaorong and Fleide, Daniel Albuquerque},
}

@inproceedings{qi2020stanza,
    title         = {Stanza: A {Python} Natural Language Processing Toolkit for Many Human Languages},
    author        = {Qi, Peng and Zhang, Yuhao and Zhang, Yuhui and Bolton, Jason and Manning, Christopher D.},
    year          = {2020},
    booktitle     = {Proceedings of the 58th Annual Meeting of the Association for Computational Linguistics: System Demonstrations},
    url           = {https://nlp.stanford.edu/pubs/qi2020stanza.pdf},
}

@book{Grosso2021,
    title         = {Referencial Ensino de Portugu\^{e}s L\'{\i}ngua Estrangeira na China},
    author        = {Grosso, Maria Jos\'{e} and Zhang, Jing and Gaspar, Catarina and Teixeira, Madalena},
    year          = {2021},
    publisher     = {Centro Cient\'{\i}fico e Cultural de Macau ＆ Universidade de Macau},
}

@article{de-marneffe-etal-2021-universal,
    title         = {{U}niversal {D}ependencies},
    author        = {de Marneffe, Marie-Catherine  and Manning, Christopher D.  and Nivre, Joakim  and Zeman, Daniel},
    year          = {2021},
    month         = jun,
    journal       = {Computational Linguistics},
    publisher     = {MIT Press},
    address       = {Cambridge, MA},
    volume        = {47},
    number        = {2},
    pages         = {255--308},
    doi           = {10.1162/coli\_a\_00402},
    url           = {https://aclanthology.org/2021.cl-2.11},
}
