@book{plutchik1962emotions,
    title         = {The emotions: Facts, theories and a new model},
    author        = {Plutchik, Robert},
    year          = {1962},
    publisher     = {Crown Publishing Group/Random House},
}

@article{ekman1993facial,
    title         = {Facial expression and emotion},
    author        = {Ekman, Paul},
    year          = {1993},
    journal       = {American Psychologist},
    volume        = {48},
    number        = {4},
    pages         = {384--392},
    doi           = {10.1037/0003-066x.48.4.384},
    url           = {https://doi.org/10.1037/0003-066X.48.4.384},
    note          = {Accessed: 2024-12-14},
}

@article{russell2003core,
    title         = {Core affect and the psychological construction of emotion},
    author        = {Russell, James A.},
    year          = {2003},
    journal       = {Psychological Review},
    volume        = {110},
    number        = {1},
    pages         = {145--172},
    doi           = {10.1037/0033-295x.110.1.145},
    url           = {https://doi.org/10.1037/0033-295X.110.1.145},
    note          = {Acesso em: 14 dez. 2024},
}

@inproceedings{schroder2006emotion,
    title         = {First suggestions for an emotion annotation and representation language},
    author        = {Schr{\"o}der, Marc and Pirker, Hannes and Lamolle, Myriam},
    year          = {2006},
    booktitle     = {Proceedings of LREC 2006 Workshop on Corpora for Research on Emotion and Affect},
    pages         = {88--92},
    url           = {http://lrec.elra.info/proceedings/lrec2006/workshops/W09/Emotion-proceeding.pdf#page=97},
    note          = {Acesso em: 14 dez. 2024},
}

@incollection{douglas2007humaine,
    title         = {The HUMAINE database: Addressing the collection and annotation of naturalistic and induced emotional data},
    author        = {Douglas-Cowie, Ellen and Cowie, Roddy and Sneddon, Ian and Cox, Cate and Lowry, Orla and McRorie, Margaret and Martin, Jean-Claude and Devillers, Laurence and Abrilian, Sarkis and Batliner, Anton and Amir, Noam and Karpouzis, Kostas},
    year          = {2007},
    booktitle     = {Affective Computing and Intelligent Interaction},
    publisher     = {Springer},
    pages         = {488--500},
    doi           = {10.1007/978-3-540-74889-2_43},
    url           = {https://doi.org/10.1007/978-3-540-74889-2_43},
    note          = {Acesso em: 14 dez. 2024},
    editor        = {Paiva, A. C. R. and Prada, R. and Picard, R. W.},
}

@article{watkins2008repetitive,
    title         = {Constructive and unconstructive repetitive thought},
    author        = {Watkins, Edward R.},
    year          = {2008},
    journal       = {Psychological Bulletin},
    volume        = {134},
    number        = {2},
    pages         = {163--206},
    doi           = {10.1037/0033-2909.134.2.163},
    url           = {https://doi.org/10.1037/0033-2909.134.2.163},
    note          = {Acesso em: 14 dez. 2024},
}

@article{chakrabarty2009climate,
    title         = {The climate of history: Four theses},
    author        = {Chakrabarty, Dipesh},
    year          = {2009},
    journal       = {Critical Inquiry},
    volume        = {35},
    number        = {2},
    pages         = {197--222},
    doi           = {10.1086/596640},
    url           = {https://doi.org/10.1086/596640},
    note          = {Acesso em: 14 dez. 2024},
}

@book{cartea2009comunicar,
    title         = {Comunicar el Cambio Climático. Escenario social y líneas de acción},
    author        = {Cartea, P. Á. Meira},
    year          = {2009},
    publisher     = {Ministerio de Medio Ambiente y Medio Rural y Marino. Organismo de Parques Naturales},
    address       = {Madrid},
    url           = {https://www.miteco.gob.es/content/dam/miteco/images/es/comunicar_cc_completo_tcm30-70524.pdf},
    note          = {Acesso em: 14 dez. 2024},
}

@article{mancuso2010enchentes,
    title         = {Enchentes no Nordeste: a humanização da notícia na cobertura fotográfica da Folha de S. Paulo},
    author        = {Mancuso, C. Z. Costa and Maria, R. Pandur and Boni, P. César},
    year          = {2010},
    journal       = {Discursos Fotográficos},
    volume        = {6},
    number        = {8},
    pages         = {79--100},
    doi           = {10.5433/1984-7939.2010v6n8p79},
    url           = {https://doi.org/10.5433/1984-7939.2010v6n8p79},
    note          = {Acesso em: 14 dez. 2024},
}

@article{conti2011consideracoes,
    title         = {Considerações sobre as mudanças climáticas globais},
    author        = {Conti, J. Bueno},
    year          = {2011},
    journal       = {Revista Do Departamento De Geografia},
    volume        = {16},
    pages         = {70--75},
    doi           = {10.7154/rdg.2005.0016.0007},
    url           = {https://doi.org/10.7154/RDG.2005.0016.0007},
    note          = {Acesso em: 14 dez. 2024},
}

@article{berger2012viral,
    title         = {What makes online content viral?},
    author        = {Berger, Jonah and Milkman, Katherine},
    year          = {2012},
    journal       = {Journal of Marketing Research},
    volume        = {49},
    number        = {2},
    pages         = {192--205},
    doi           = {10.1509/jmr.10.0353},
    url           = {https://doi.org/10.1509/jmr.10.0353},
    note          = {Acesso em: 14 dez. 2024},
}

@article{roeser2012risk,
    title         = {Risk Communication, Public Engagement, and Climate Change: A Role for Emotions},
    author        = {Roeser, Sabine},
    year          = {2012},
    journal       = {Risk Analysis},
    volume        = {32},
    number        = {6},
    pages         = {1033--1040},
    doi           = {10.1111/j.1539-6924.2012.01812.x},
    url           = {https://doi.org/10.1111/j.1539-6924.2012.01812.x},
    note          = {Acesso em: 14 dez. 2024},
}

@article{brosch2013impact,
    title         = {The impact of emotion on perception, attention, memory, and decision-making},
    author        = {Brosch, Tobias and Scherer, Klaus and Grandjean, Didier and Sander, David},
    year          = {2013},
    journal       = {Swiss Medical Weekly},
    volume        = {143},
    number        = {1920},
    pages         = {13786},
    doi           = {10.4414/smw.2013.13786},
    url           = {https://doi.org/10.4414/smw.2013.13786},
    note          = {Acesso em: 14 dez. 2024},
}

@book{ambrizzi2014pbmc,
    title         = {PBMC 2014. Base científica das mudanças climáticas. Contribuição do Grupo de Trabalho 1 do Painel Brasileiro de Mudanças Climáticas ao Primeiro Relatório da Avaliação Nacional sobre Mudanças Climáticas},
    year          = {2014},
    publisher     = {COPPE, Universidade Federal do Rio de Janeiro},
    address       = {Rio de Janeiro, RJ, Brasil},
    url           = {http://www.pbmc.coppe.ufrj.br/documentos/RAN1_completo_vol1.pdf},
    note          = {Acesso em: 14 dez. 2024},
    editor        = {Ambrizzi, Tércio and Araújo, Moacyr},
}

@book{papacharissi2014affective,
    title         = {Affective publics: Sentiment, technology and politics},
    author        = {Papacharissi, Zizi},
    year          = {2014},
    publisher     = {Oxford University Press},
    address       = {New York},
}

@book{parrott2014positive,
    title         = {The positive side of negative emotions},
    year          = {2014},
    publisher     = {Guilford Publications},
    editor        = {Parrott, W. Gerrod},
}

@article{cody2015climate,
    title         = {Climate Change Sentiment on Twitter: An Unsolicited Public Opinion Poll},
    author        = {Cody, Emily and Reagan, Andrew and Mitchell, Lewis and Dodds, P. Sheridan and Danforth, Christopher},
    year          = {2015},
    journal       = {Plos One},
    volume        = {10},
    number        = {8},
    pages         = {e0136092},
    doi           = {10.1371/journal.pone.0136092},
    url           = {https://doi.org/10.1371/journal.pone.0136092},
    note          = {Acesso em: 14 dez. 2024},
}

@article{lerner2015emotion,
    title         = {Emotion and Decision Making},
    author        = {Lerner, Jennifer S. and Li, Ye and Valdesolo, Piercarlo and Kassam, Karim S.},
    year          = {2015},
    journal       = {Annual Review of Psychology},
    volume        = {66},
    number        = {1},
    pages         = {799--823},
    doi           = {10.1146/annurev-psych-010213-115043},
    url           = {https://doi.org/10.1146/annurev-psych-010213-115043},
    note          = {Acesso em: 14 dez. 2024},
}

@article{lu2015incidental,
    title         = {Exploring the role of incidental emotions in support for climate change policy},
    author        = {Lu, Hang and Schuldt, Jonathon P.},
    year          = {2015},
    journal       = {Climatic Change},
    volume        = {131},
    number        = {4},
    pages         = {719--726},
    doi           = {10.1007/s10584-015-1443-x},
    url           = {https://doi.org/10.1007/s10584-015-1443-x},
    note          = {Acesso em: 14 dez. 2024},
}

@incollection{balbe2016mudancas,
    title         = {Mudanças climáticas em redes sociais: um estudo de caso do Facebook no contexto ibero latino-americano},
    author        = {Balbé, Alice and Carvalho, Anabela},
    year          = {2016},
    booktitle     = {Investigar o Cambio Climático na Interface entre a Cultura Científica e a Cultura Común. Actas do Primeiro Seminario Internacional RESCLIMA},
    publisher     = {Universidade de Santiago de Compostela},
    address       = {Santiago de Compostela},
    pages         = {73--86},
    url           = {https://core.ac.uk/download/pdf/185628876.pdf},
    note          = {Acesso em: 14 dez. 2024},
    editor        = {Blanco, M. Arto and Núñez, M. Barba and Andrade, F. M. Rodrígues de and Cartea, P. Á. Meira},
}

@article{serrano2016internet,
    title         = {Internet and emotions: New trends in an emerging field of research},
    author        = {Serrano-Puche, Javier},
    year          = {2016},
    journal       = {Comunicar},
    volume        = {24},
    number        = {46},
    pages         = {19--26},
    doi           = {10.3916/c46-2016-02},
    url           = {https://doi.org/10.3916/C46-2016-02},
    note          = {Acesso em: 14 dez. 2024},
}

@article{balbe2017twitter,
    title         = {As mudanças climáticas no Twitter: a ascendência da mídia e da política},
    author        = {Balbé, Alice and Carvalho, Anabela},
    year          = {2017},
    journal       = {Desenvolvimento e Meio Ambiente},
    volume        = {40},
    pages         = {141--161},
    doi           = {10.5380/dma.v40i0.49047},
    url           = {https://doi.org/10.5380/dma.v40i0.49047},
    note          = {Acesso em: 14 dez. 2024},
}

@book{barrett2017emotions,
    title         = {How emotions are made: The secret life of the brain},
    author        = {Barrett, Lisa},
    year          = {2017},
    publisher     = {Houghton Mifflin Harcourt},
}

@article{bueno2017cobertura,
    title         = {A cobertura jornalística de catástrofes ambientais: entre a vigilância e a espetacularização da notícia},
    author        = {Bueno, W. Costa},
    year          = {2017},
    journal       = {Comunicação \& Sociedade},
    volume        = {39},
    number        = {1},
    pages         = {21--41},
    doi           = {10.15603/2175-7755/cs.v39n1p21-41},
    url           = {https://doi.org/10.15603/2175-7755/cs.v39n1p21-41},
    note          = {Acesso em: 14 dez. 2024},
}

@article{chapman2017reassessing,
    title         = {Reassessing emotion in climate change communication},
    author        = {Chapman, Daniel and Lickel, Brian and Markowitz, Ezra},
    year          = {2017},
    journal       = {Nature Climate Change},
    volume        = {7},
    number        = {12},
    pages         = {850--852},
    doi           = {10.1038/s41558-017-0021-9},
    url           = {https://doi.org/10.1038/s41558-017-0021-9},
    note          = {Acesso em: 14 dez. 2024},
}

@article{feldman2017hope,
    title         = {Is There Any Hope? How Climate Change News Imagery and Text Influence Audience Emotions and Support for Climate Mitigation Policies},
    author        = {Feldman, Lauren and Hart, P. Sol},
    year          = {2017},
    journal       = {Risk Analysis},
    volume        = {38},
    number        = {3},
    pages         = {585--602},
    doi           = {10.1111/risa.12868},
    url           = {https://doi.org/10.1111/risa.12868},
    note          = {Accessed: 2024-12-14},
}

@article{loose2017jornalismo,
    title         = {O jornalismo ambiental sob a ótica dos riscos climáticos},
    author        = {Loose, E. Beling and Girardi, I. M. Tourinho},
    year          = {2017},
    journal       = {Interin},
    volume        = {22},
    number        = {2},
    pages         = {154--172},
    url           = {https://lume.ufrgs.br/handle/10183/169150},
    note          = {Acesso em: 14 dez. 2024},
}

@article{rodas2017midia,
    title         = {Mídia brasileira e mudanças climáticas: uma análise sobre tendências da cobertura jornalística, abordagens e critérios de noticiabilidade},
    author        = {Rodas, C. Araújo and Di Giulio, G. Marques},
    year          = {2017},
    journal       = {Desenvolvimento e Meio Ambiente},
    volume        = {40},
    pages         = {101--124},
    doi           = {10.5380/dma.v40i0.49002},
    url           = {https://doi.org/10.5380/dma.v40i0.49002},
    note          = {Acesso em: 14 dez. 2024},
}

@article{flores2018emociones,
    title         = {Las emociones en las representaciones sociales del cambio climático},
    author        = {Flores, R. Calixto and Amigón, E. Terrón},
    year          = {2018},
    journal       = {Educar Em Revista},
    volume        = {34},
    number        = {68},
    pages         = {217--233},
    doi           = {10.1590/0104-4060.55684},
    note          = {Acesso em: 14 dez. 2024},
}

@book{hofmann2018social,
    title         = {The social foundations of emotion: Developmental, cultural, and clinical dimensions},
    author        = {Stefan G. Hofmann and Stacey N. Doan},
    year          = {2018},
    publisher     = {American Psychological Association},
    doi           = {10.1037/0000098-000},
    url           = {https://doi.org/10.1037/0000098-000},
    note          = {Acesso em: 14 dez. 2024},
}

@incollection{salama2018role,
    title         = {Role of Emotions in Climate Change Communication},
    author        = {Salama, Sefat and Aboukoura, Khalil},
    year          = {2018},
    booktitle     = {Handbook of Climate Change Communication: Vol. 1},
    publisher     = {Springer},
    address       = {Cham},
    series        = {Climate Change Management},
    editor        = {Manolas, Evangelhos and Leal Filho, Walter and Azeiteiro, Ulisses and McGhie, Henry and Azul, A. Marisa},
}

@inproceedings{sonne2018expression,
    title         = {The expression of emotions on Instagram},
    author        = {Sonne, Jennifer and Erickson, Ingrid},
    year          = {2018},
    booktitle     = {Proceedings of the 9th International Conference on Social Media \& Society},
    pages         = {380--384},
    doi           = {10.1145/3217804.3217949},
    url           = {https://doi.org/10.1145/3217804.3217949},
    note          = {Acesso em: 14 dez. 2024},
}

@article{almeida2019sociologia,
    title         = {A sociologia e as mudanças climáticas},
    author        = {Almeida, Jalcione},
    year          = {2019},
    journal       = {Sociologias},
    volume        = {21},
    number        = {51},
    pages         = {9--17},
    url           = {https://www.scielo.br/j/soc/a/Tw4DhYZ8KkCX9tHptn6xzwz/},
    note          = {Acesso em: 14 dez. 2024},
}

@article{fearnside2019retrocessos,
    title         = {Retrocessos sob o Presidente Bolsonaro: um desafio à sustentabilidade na Amazônia},
    author        = {Fearnside, P. Martin},
    year          = {2019},
    journal       = {Sustentabilidade International Science Journal},
    volume        = {1},
    number        = {1},
    pages         = {38--52},
    url           = {http://philip.inpa.gov.br/publ_livres/2019/Fearnside-Retrocessos_sob_o_Presidente_Bolsonaro-Revista_Sustentabilidade.pdf},
    note          = {Accessed: 2024-12-14},
}

@article{fleury2019mudancas,
    title         = {Mudanças climáticas, ciência e sociedade},
    author        = {Fleury, L. Cândido and Miguel, J. C. Hochsprung and Taddei, Renzo},
    year          = {2019},
    journal       = {Sociologias},
    volume        = {21},
    number        = {51},
    pages         = {18--42},
    doi           = {10.1590/15174522-0215101},
    note          = {Acesso em: 14 dez. 2024},
}

@article{gu2019model,
    title         = {A Model for Basic Emotions Using Observations of Behavior in Drosophila},
    author        = {Simeng Gu and Fushun Wang and Nitesh P. Patel and James A. Bourgeois and Jason H. Huang},
    year          = {2019},
    journal       = {Frontiers in Psychology},
    volume        = {10},
    number        = {781},
    pages         = {1--13},
    doi           = {10.3389/fpsyg.2019.00781},
    url           = {https://doi.org/10.3389/fpsyg.2019.00781},
    note          = {Acesso em: 14 dez. 2024},
}

@article{artaxo2020emergencias,
    title         = {As três emergências que nossa sociedade enfrenta: saúde, biodiversidade e mudanças climáticas},
    author        = {Artaxo, Paulo},
    year          = {2020},
    journal       = {Estudos Avançados},
    volume        = {34},
    number        = {100},
    pages         = {53--66},
    doi           = {10.1590/s0103-4014.2020.34100.005},
    url           = {https://doi.org/10.1590/s0103-4014.2020.34100.005},
    note          = {Acesso em: 14 dez. 2024},
}

@article{balbe2020jornalismo,
    title         = {Jornalismo, medo e alterações climáticas: articulações possíveis para pensar o enfrentamento dos riscos climáticos},
    author        = {Balbé, Alice and Loose, E. Beling},
    year          = {2020},
    journal       = {Observatorio (OBS*)},
    volume        = {14},
    number        = {2},
    pages         = {38--55},
    doi           = {10.15847/obsobs14220201465},
    url           = {https://doi.org/10.15847/obsobs14220201465},
    note          = {Acesso em: 14 dez. 2024},
}

@article{niehoff2020curiosity,
    title         = {To know, to feel, to share? Exploring the motives that drive curiosity for negative contente},
    author        = {Niehoff, Esther and Oosterwijk, Suzanne},
    year          = {2020},
    journal       = {Current Opinion in Behavioral Sciences},
    volume        = {35},
    pages         = {56--61},
    doi           = {10.1016/j.cobeha.2020.07.012},
    url           = {https://doi.org/10.1016/j.cobeha.2020.07.012},
    note          = {Acesso em: 14 dez. 2024},
}

@article{treen2020misinformation,
    title         = {Online misinformation about climate change},
    author        = {Treen, Kathie M. d'I. and Williams, Hywel T. P. and O’Neill, Saffron J.},
    year          = {2020},
    journal       = {WIREs Climate Change},
    volume        = {11},
    number        = {5},
    pages         = {e665},
    doi           = {10.1002/wcc.665},
    url           = {https://doi.org/10.1002/wcc.665},
    note          = {Acesso em: 14 dez. 2024},
}

@article{araujo2021brumadinho,
    title         = {O rompimento da barragem de Brumadinho: disputa de sentidos nas tramas discursivas do Twitter},
    author        = {Araujo, I. Ferreira and Cortes, Gerenice R. Oliveira},
    year          = {2021},
    journal       = {Revista Interfaces},
    volume        = {12},
    number        = {1},
    pages         = {202--218},
    url           = {https://revistas.unicentro.br/index.php/revista_interfaces/article/view/6536},
    note          = {Acesso em: 14 dez. 2024},
}

@article{basch2021tiktok,
    title         = {\#Climate Change on TikTok: A Content Analysis of Videos},
    author        = {Basch, Corey and Yalamanchili, Bhavya and Fera, Joseph},
    year          = {2021},
    journal       = {Journal of Community Health},
    volume        = {47},
    number        = {1},
    pages         = {163--167},
    doi           = {10.1007/s10900-021-01031-x},
    url           = {https://doi.org/10.1007/s10900-021-01031-x},
    note          = {Acesso em: 14 dez. 2024},
}

@article{brosch2021affect,
    title         = {Affect and emotions as drivers of climate change perception and action: a review},
    author        = {Brosch, Tobias},
    year          = {2021},
    journal       = {Current Opinion in Behavioral Sciences},
    volume        = {42},
    number        = {1},
    pages         = {15--21},
    doi           = {10.1016/j.cobeha.2021.02.001},
    url           = {https://doi.org/10.1016/j.cobeha.2021.02.001},
    note          = {Acesso em: 14 dez. 2024},
}

@article{campos2021desmatamento,
    title         = {Desmatamento e crise ambiental. Uma análise do enquadramento das políticas públicas na mídia digital},
    author        = {Campos, M. Mota and Fernandes, C. Montuori and Cardoso, V. A. Ribeiro},
    year          = {2021},
    journal       = {Revista de la Asociación Española de Investigación de la Comunicación},
    volume        = {8},
    number        = {15},
    pages         = {469--495},
    doi           = {10.24137/raeic.8.15.21},
    url           = {https://doi.org/10.24137/raeic.8.15.21},
    note          = {Acesso em: 14 dez. 2024},
}

@article{harth2021affect,
    title         = {Affect, (group-based) emotions, and climate change action},
    author        = {Nicole S. Harth},
    year          = {2021},
    journal       = {Current Opinion in Psychology},
    volume        = {42},
    pages         = {140--144},
    doi           = {10.1016/j.copsyc.2021.07.018},
    url           = {https://doi.org/10.1016/j.copsyc.2021.07.018},
    note          = {Acesso em: 14 dez. 2024},
}

@article{haastrup2022personalising,
    title         = {Personalising Climate Change on Instagram},
    author        = {H. Kannik Haastrup},
    year          = {2022},
    journal       = {MedieKultur: Journal of Media and Communication Research},
    volume        = {38},
    number        = {72},
    pages         = {65--85},
    doi           = {10.7146/mk.v38i72.129149},
    url           = {https://doi.org/10.7146/mk.v38i72.129149},
    note          = {Acesso em: 14 dez. 2024},
}

@misc{ipec2022mudancas,
    title         = {Mudanças climáticas na percepção dos brasileiros 2021},
    author        = {IPEC Intelig{\^e}ncia and ITS Rio},
    year          = {2022},
    url           = {https://itsrio.org/pt/publicacoes/mudancas-climaticas-na-percepcao-dos-brasileiros-2021/},
    note          = {Acesso em: 14 dez. 2024},
}

@article{miguel2022negacionismo,
    title         = {A ``meada'' do negacionismo climático e o impedimento da governamentalização ambiental no Brasil},
    author        = {Miguel, J. C. Hochsprung},
    year          = {2022},
    journal       = {Sociedade e Estado},
    volume        = {37},
    number        = {1},
    pages         = {293--315},
    doi           = {10.1590/s0102-6992-202237010013},
    url           = {https://doi.org/10.1590/s0102-6992-202237010013},
    note          = {Acesso em: 14 dez. 2024},
}

@article{santini2022negacionismo,
    title         = {Negacionismo climático e desinformação online: uma revisão de escopo},
    author        = {Santini, R. Marie and Barros, C. Eduardo},
    year          = {2022},
    journal       = {Liinc em revista},
    volume        = {18},
    number        = {1},
    pages         = {e5948--e5948},
    doi           = {10.18617/liinc.v18i1.5948},
    url           = {https://doi.org/10.18617/liinc.v18i1.5948},
    note          = {Acesso em: 14 dez. 2024},
}

@article{fernandesdeoliveira2023vacina,
    title         = {A vacina no Instagram: estudo das emoções expressas no contexto brasileiro},
    author        = {Fernandes-de-Oliveira, Geilson and Massarani, Luisa and Oliveira, Thaiane and Scalfi, Graziele and Alves-dos-Santos-Junior, Marcelo},
    year          = {2023},
    journal       = {Revista Mediterránea de Comunicación},
    volume        = {14},
    number        = {2},
    pages         = {283--298},
    url           = {https://www.mediterranea-comunicacion.org/article/view/24190},
    note          = {Acesso em: 30 jun. 2025},
}

@misc{newman2023reuters,
    title         = {Reuters Institute Digital News Report 2023},
    author        = {Newman, Nic and Fletcher, Richard and Eddy, Kirsten and Robertson, Craig T. and Nielsen, R. Kleis},
    year          = {2023},
    doi           = {10.60625/risj-p6es-hb13},
    url           = {https://doi.org/10.60625/risj-p6es-hb13},
    note          = {Acesso em: 14 dez. 2024},
}

@article{rowe2023emotion,
    title         = {Emotion in informal learning as mediated action: Cultural, interpersonal and personal lenses},
    author        = {Rowe, Shawn and Massarani, Luisa and Gonçalves, Waneicy and Luz, Rafael},
    year          = {2023},
    journal       = {International Journal of Studies in Education and Science},
    volume        = {4},
    number        = {1},
    pages         = {73--99},
    url           = {https://www.ijses.net/index.php/ijses/article/view/50},
    note          = {Acesso em: 30 jun. 2025},
}

@misc{bianchi2024socialmedia,
    title         = {Leading social media platforms in Brazil 2023, by reach},
    author        = {Bianchi, Tiago},
    year          = {2024},
    publisher     = {Statista},
    url           = {https://www.statista.com/statistics/1307747/social-networks-penetration-brazil/},
    note          = {Acesso em: 14 dez. 2024},
}

@misc{cgee2024percepcao,
    title         = {Percepção pública da C\&T no Brasil - 2023. Resumo Executivo},
    author        = {{Centro de Gestão e Estudos Estratégicos -- CGEE}},
    year          = {2024},
    address       = {Brasília, DF},
    url           = {https://www.cgee.org.br/documents/10195/4686075/CGEE_OCTI_Resumo_Executivo-Perc_Pub_CT_Br_2023.pdf},
    note          = {Acesso em: 14 dez. 2024},
}

@article{evangelista2024narrativas,
    title         = {Narrativas sobre mudanças climáticas no TikTok Brasil: entre o diagnóstico e a desesperança},
    author        = {Evangelista, Simone and Garcia, Marcelo},
    year          = {2024},
    journal       = {Revista Lusófona de Estudos Culturais},
    volume        = {11},
    number        = {1},
    pages         = {e024003--e024003},
    doi           = {10.21814/rlec.5448},
    url           = {https://doi.org/10.21814/rlec.5448},
    note          = {Accessed: 2024-12-14},
}

@article{fernandesdeoliveira2024kwai,
    title         = {The COVID-19 vaccine on the short-video platform Kwai: A study of the emotions expressed in Brazilian content},
    author        = {Fernandes-de-Oliveira, Geilson and Massarani, Luisa and Alves-dos-Santos-Junior, Marcelo and Scalfi, Graziele and Oliveira, Thaiane},
    year          = {2024},
    journal       = {Cultures of Science},
    volume        = {7},
    number        = {3},
    pages         = {166--183},
    doi           = {10.1177/20966083241280684},
    note          = {Acesso em: 30 jun. 2025},
}

@article{sun2024tiktok,
    title         = {Social network platforms and climate change in China: Evidence from TikTok},
    author        = {Sun, Yunpeng and Jia, Ruoya and Razzaq, Asif and Bao, Qun},
    year          = {2024},
    journal       = {Technological Forecasting and Social Change},
    volume        = {200},
    pages         = {123197},
    doi           = {10.1016/j.techfore.2023.123197},
    url           = {https://doi.org/10.1016/j.techfore.2023.123197},
    note          = {Acesso em: 14 dez. 2024},
}
