@book{proenca1955ritmo,
    title         = {Ritmo e poesia},
    author        = {Manuel Cavalcanti Proença},
    year          = {1955},
    publisher     = {Simões},
    address       = {Rio de Janeiro},
}

@book{ramos1959verso,
    title         = {O verso romântico e outros ensaios},
    author        = {Ramos, Péricles Eugênio da Silva},
    year          = {1959},
    publisher     = {Conselho Estadual de Cultura},
    address       = {São Paulo},
}

@book{ramos1965poesia,
    title         = {Poesia simbolista},
    author        = {Ramos, Péricles Eugênio da Silva},
    year          = {1965},
    publisher     = {Melhoramentos},
    address       = {São Paulo},
}

@book{ramos1968barroco,
    title         = {Do Barroco ao Modernismo},
    author        = {Ramos, Péricles Eugênio da Silva},
    year          = {1968},
    publisher     = {Conselho Estadual de Cultura},
    address       = {São Paulo},
}

@incollection{ramos1969renovacao,
    title         = {A renovação parnasiana na poesia},
    author        = {Ramos, Péricles Eugênio da Silva},
    year          = {1969},
    booktitle     = {A literatura no Brasil},
    publisher     = {Editorial Sul Americana S.A.},
    address       = {Rio de Janeiro},
    volume        = {3},
    pages         = {83--134},
    editor        = {Afrânio Coutinho},
}

@book{merquior1979anchieta,
    title         = {De Anchieta a Euclides: breve história da literatura brasileira},
    author        = {José Guilherme Merquior},
    year          = {1979},
    publisher     = {Livraria José Olympio},
    address       = {Rio de Janeiro},
}

@book{carvalho1987teoria,
    title         = {Teoria geral da versificação},
    author        = {Amorim de Carvalho},
    year          = {1987},
    publisher     = {Editorial Império},
    address       = {Lisboa},
}

@article{ramos1989introducao,
    title         = {Introdução ao Parnasianismo brasileiro},
    author        = {Ramos, Péricles Eugênio da Silva},
    year          = {1989},
    journal       = {Revista da Universidade de São Paulo},
    address       = {São Paulo},
    pages         = {155--168},
    note          = {Edição de setembro, outubro e novembro},
}

@book{candido1996estudo,
    title         = {O estudo analítico do poema},
    author        = {Antonio Candido},
    year          = {1996},
    publisher     = {Humanitas Publicações – FFLCH/USP},
    address       = {São Paulo},
}

@book{candido2000formacao,
    title         = {Formação da literatura brasileira. Segundo volume},
    author        = {Antonio Candido},
    year          = {2000},
    publisher     = {Editora Itatiaia},
    address       = {Belo Horizonte},
}

@book{candido2002romantismo,
    title         = {O romantismo no Brasil},
    author        = {Antonio Cândido},
    year          = {2002},
    publisher     = {Humanitas},
    address       = {São Paulo},
}

@article{brandao2006atribuicao,
    title         = {Atribuição de autoria: um problema antigo, novas ferramentas},
    author        = {Saulo Cunha Brandão},
    year          = {2006},
    month         = {7},
    journal       = {Texto Digital},
    address       = {Florianópolis},
    volume        = {2},
    number        = {1},
    note          = {Disponível em: \url{https://periodicos.ufsc.br/index.php/textodigital/article/view/1325/1022}. Acessado em: 05 set. 2024.},
}

@online{mattoso2010sexo,
    title         = {O sexo do verso: machismo e feminismo na regra da poesia},
    author        = {Glauco Mattoso},
    year          = {2010},
    note          = {Disponível em: \url{https://www.elsonfroes.com.br/sexodoverso.pdf}. Acesso em: setembro de 2024.},
}

@article{mittmann2017analise,
    title         = {Análise comparativa entre as escansões manual e automática dos versos de Gregório de Matos},
    author        = {Adiel Mittmann and Samanta Maia and Alckmar Luiz dos Santos},
    year          = {2017},
    month         = {jan/jun},
    journal       = {Texto Digital},
    address       = {Florianópolis},
    volume        = {13},
    number        = {1},
    pages         = {157--179},
}

@inproceedings{mittmann2018rhythm,
    title         = {The Rhythm of Epic Verse in Portuguese from the 16th to the 21st century},
    author        = {Adiel Mittmann and Alckmar Luiz dos Santos},
    year          = {2018},
    booktitle     = {JADT’ 18 – Proceedings of the 14th International Conference on Statistical Analysis of Textual Data},
    publisher     = {UniversItalia},
    address       = {Roma},
    volume        = {1},
    pages         = {514--521},
}

@incollection{mittmann2019rhythmic,
    title         = {What Rhythmic Signature Says About Poetic Corpora},
    author        = {Adiel Mittmann and Alckmar Luiz dos Santos and Paulo Henrique Pergher},
    year          = {2019},
    booktitle     = {Quantitative Approaches to Versification},
    publisher     = {Institute of Czech Literature of the Czech Academy of Sciences},
    address       = {Praga},
    pages         = {153--169},
    editor        = {Plecháč, Petr and Scherr, Barry P. and Skulacheva, Tatyana and Bermúdez-Sabel, Helena and Kolár, Robert},
}

@phdthesis{osorio2019ritmos,
    title         = {Ritmos sem qualidades: leituras em versus de uma vertente da poesia portuguesa contemporânea},
    author        = {Julia Telésforo Osório},
    year          = {2019},
    address       = {Florianópolis},
    school        = {Universidade Federal de Santa Catarina, Centro de Comunicação e Expressão, Programa de Pós-Graduação em Literatura},
}

@incollection{mittmann2021peeking,
    title         = {Peeking Inside the Rhythmic Possibilities of the Portuguese Decassílabo},
    author        = {Adiel Mittmann and Gabriel Esteves and Alckmar Luiz dos Santos},
    year          = {2021},
    booktitle     = {Tackling the Toolkit: Plotting Poetry through Computational Literary Studies},
    publisher     = {Icl Cas},
    address       = {Praga},
    pages         = {75--90},
    editor        = {Plechá, P. and Kolár, R. and Bories, A. and Íha, J.},
}

@article{esteves2022mesa,
    title         = {Na mesa gordurenta das orgias: Alberto de Oliveira, poeta realista?},
    author        = {Gabriel Esteves and Alckmar Luiz dos Santos and Leandro Scarabelot},
    year          = {2022},
    journal       = {Aletria: Revista De Estudos De Literatura},
    address       = {Minas Gerais},
    volume        = {32},
    number        = {1},
    pages         = {35--59},
}

@mastersthesis{sousa2023teofilo,
    title         = {Teófilo Dias e a poética parnasiana: estudo estilométrico},
    author        = {Ana Paula Nunes de Sousa},
    year          = {2023},
    month         = {2023},
    address       = {Florianópolis},
    note          = {166 f.},
    school        = {Universidade Federal de Santa Catarina, Centro de Comunicação e Expressão, Programa de Pós-Graduação em Literatura},
    type          = {Dissertação (Mestrado em Literatura)},
}

@phdthesis{scarabelot2024poetas,
    title         = {Os poetas realistas da geração de 1870: uma geração poeticamente perdida?},
    author        = {Leandro Scarabelot},
    year          = {2024},
    address       = {Florianópolis},
    school        = {Universidade Federal de Santa Catarina, Centro de Comunicação e Expressão, Programa de Pós-Graduação em Literatura},
}
