@book{glaser1967discovery,
    title         = {The Discovery of Grounded Theory: Strategies for Qualitative Research},
    author        = {Glaser, Barney and Strauss, Anselm},
    year          = {1967},
    publisher     = {Aldine},
    address       = {Chicago},
}

@incollection{denzin2000discipline,
    title         = {The Discipline and Practice of Qualitative Research},
    author        = {Denzin, Norman and Lincoln, Yvonna},
    year          = {2000},
    booktitle     = {Handbook of Qualitative Research},
    publisher     = {Sage},
    address       = {Thousand Oaks},
    pages         = {1--32},
    editor        = {Denzin, Norman and Lincoln, Yvonna},
}

@incollection{stake2005qualitative,
    title         = {Qualitative Case Studies},
    author        = {Stake, Robert},
    year          = {2005},
    booktitle     = {The Sage Handbook of Qualitative Research},
    publisher     = {Sage Publications},
    pages         = {443--466},
    editor        = {Denzin, Norman and Lincoln, Yvonna},
}

@article{wilberschied_intercultural_2015,
    title         = {Intercultural {Communicative} {Competence}: {Literature} {Review}},
    shorttitle    = {Intercultural {Communicative} {Competence}},
    author        = {Wilberschied, Lee},
    year          = {2015},
    month         = dec,
    journal       = {Cultural Encounters, Conflicts, and Resolutions},
    volume        = {2},
    number        = {1},
    issn          = {2380-937X},
    url           = {https://engagedscholarship.csuohio.edu/cecr/vol2/iss1/4},
}

@incollection{beelen2015redefining,
    title         = {Redefining Internationalization at Home},
    author        = {Beelen, Jos and Jones, Elspeth},
    year          = {2015},
    booktitle     = {The European Higher Education Area: Between Critical Reflections and Future Policies},
    publisher     = {Springer},
    address       = {Cham},
    pages         = {59--72},
    editor        = {Curaj, Adrian and others},
}

@book{dweck2016mindset,
    title         = {Mindset: The New Psychology of Success},
    author        = {Dweck, Carol},
    year          = {2016},
    publisher     = {Penguin Random House LLC},
    edition       = {Updated Ed.},
}

@article{sadler2016twelve,
    title         = {Twelve Years of Telecollaboration: What We Have Learnt},
    author        = {Sadler, Randall and Dooly, Melinda},
    year          = {2016},
    journal       = {ELT Journal},
    volume        = {70},
    number        = {4},
    pages         = {401},
}

@article{fuchs2017multiple,
    title         = {The Multiple Roles of the Task Design Mediator in Telecollaboration},
    author        = {Fuchs, Carolin and Snyder, Bill and Tung, Bruce and Han, Y. J.},
    year          = {2017},
    journal       = {ReCALL},
    volume        = {29},
    number        = {3},
    pages         = {239--256},
    doi           = {10.1017/S0958344017000088},
}

@article{kurek2017task,
    title         = {Task Design for Telecollaborative Exchanges: In Search of New Criteria},
    author        = {Kurek, M. and M\"{u}ller-Hartmann, A.},
    year          = {2017},
    journal       = {System},
    volume        = {64},
    pages         = {7--20},
}

@incollection{lopez2017developing,
    title         = {Developing Intercultural Communicative Competence for the Year Abroad Experience},
    author        = {L\'{o}pez-Rocha, Sandra and Vailes, Fabienne},
    year          = {2017},
    booktitle     = {Innovative Language Teaching and Learning at University: Enhancing Employability},
    publisher     = {Research-publishing.net},
    pages         = {67--75},
    editor        = {\'{A}lvarez-Mayo, C. and Gallagher-Brett, Angela and Michel, Franck},
}

@incollection{kern_learning_2018,
    title         = {Learning and teaching languages in technology-mediated contexts: the relevance of social presence, co-presence, participatory literacy, and multimodal competence},
    author        = {Hauck, M. and Satar, H. M.},
    year          = {2018},
    month         = jun,
    booktitle     = {Screens and {Scenes}: {Multimodal} {Communication} in {Online} {Intercultural} {Encounters}},
    publisher     = {Routledge},
    pages         = {133--157},
    doi           = {10.4324/9781315447124},
    isbn          = {9781315447124},
    url           = {https://www.taylorfrancis.com/books/9781315447117},
    urldate       = {2024-04-23},
    edition       = {1},
    editor        = {Kern, Richard and Develotte, Christine},
}

@article{odowd2018telecollaboration,
    title         = {From Telecollaboration to Virtual Exchange: State-of-the-Art and the Role of UNICollaboration in Moving Forward},
    author        = {O'Dowd, Robert},
    year          = {2018},
    journal       = {Journal of Virtual Exchange},
    volume        = {1},
    pages         = {1--23},
}

@article{godwin-jones2019telecollaboration,
    title         = {Telecollaboration as an Approach to Developing Intercultural Communication Competence},
    author        = {Godwin-Jones, Robert},
    year          = {2019},
    journal       = {Language Learning \& Technology},
    volume        = {23},
    number        = {3},
    pages         = {8--28},
    url           = {http://hdl.handle.net/10125/44691},
    urldate       = {2023-08-28},
}

@article{grau2019experiential,
    title         = {Experiential Learning of Telecollaborative Competencies in Pre-service Teacher Education},
    author        = {Grau, Maike Korinna and Turula, Anna},
    year          = {2019},
    journal       = {Language Learning \& Technology},
    volume        = {23},
    number        = {3},
    pages         = {98--115},
    url           = {http://hdl.handle.net/10125/44698},
    urldate       = {2023-08-28},
}

@article{hanks2019research,
    title         = {From Research-as-Practice to Exploratory Practice-as-Research in Language Teaching and Beyond},
    author        = {Hanks, Judith},
    year          = {2019},
    journal       = {Language Teaching},
    volume        = {52},
    number        = {2},
    pages         = {143--187},
    doi           = {10.1017/S0261444819000016},
}

@article{hauck2019virtual,
    title         = {Virtual Exchange for (Critical) Digital Literacy Skills Development},
    author        = {Hauck, Mirjam},
    year          = {2019},
    journal       = {European Journal of Language Policy},
    volume        = {11},
    number        = {2},
    pages         = {187--211},
    doi           = {10.3828/ejlp.2019.12},
}

@article{idris2019intercultural,
    title         = {Intercultural Communicative Competence (ICC): What Should Indonesian EFL Teachers Have Related to ICC's Elements?},
    author        = {Idris, Mas Muhammad and Widyantoro, Agus},
    year          = {2019},
    journal       = {Journal of English Language Teaching and Linguistics},
    volume        = {4},
    number        = {1},
    pages         = {67--76},
    doi           = {10.21462/jeltl.v4i1.184},
}

@book{evaluate2019evaluating,
    title         = {Evaluating the Impact of Virtual Exchange on Initial Teacher Education: A European Policy Experiment},
    author        = {{The Evaluate Group}},
    year          = {2019},
    publisher     = {Research-publishing.net},
    doi           = {10.14705/rpnet.2019.29.9782490057337},
}

@book{deardorff2020manual,
    title         = {Manual for Developing Intercultural Competencies: Story Circles},
    author        = {Deardorff, Darla K.},
    year          = {2020},
    publisher     = {UNESCO/Routledge},
    url           = {https://unesdoc.unesco.org/ark:/48223/pf0000370336},
    urldate       = {2023-08-28},
}

@article{garces2020upscaling,
    title         = {Upscaling Virtual Exchange in University Education: Moving from Innovative Classroom Practice to Regional Governmental Policy},
    author        = {Garc\'{e}s, Pilar and O'Dowd, Robert},
    year          = {2020},
    journal       = {Journal of Studies in International Education},
    volume        = {23},
    number        = {3},
    pages         = {1--18},
    doi           = {10.1177/1028315320932323},
}

@article{hauck2020approaches,
    title         = {Approaches to Researching Digital-Pedagogical Competence Development in VE-based Teacher Education},
    author        = {Hauck, Mirjam and others},
    year          = {2020},
    journal       = {Journal of Virtual Exchange},
    volume        = {3},
    pages         = {5--35},
    doi           = {10.21827/jve.3.36082},
}

@article{kopish2020leveraging,
    title         = {Leveraging Technology to Promote Global Citizenship in Teacher Education in the United States and Brazil},
    author        = {Kopish, Michael and Marques, Welisson},
    year          = {2020},
    journal       = {Research in Social Sciences and Technology},
    volume        = {5},
    number        = {1},
    pages         = {45--69},
    doi           = {10.46303/ressat.05.01.3},
}

@article{uzum2020using,
    title         = {Using Telecollaboration to Promote Intercultural Competence in Teacher Training Classrooms in Turkey and the USA},
    author        = {\"{U}z\"{u}m, Bab\"{u}rhan and Akayo\u{g}lu, Sedat and Yazan, Bedrettin},
    year          = {2020},
    journal       = {ReCALL},
    volume        = {32},
    number        = {2},
    pages         = {162--177},
}

@article{bowen2021virtual,
    title         = {Virtual Exchange in Global Health: An Innovative Educational Approach to Foster Socially Responsible Overseas Collaboration},
    author        = {Bowen, K. and Barry, M. and Jowell, A. and Maddah, D. and Alami, N. H.},
    year          = {2021},
    journal       = {International Journal of Educational Technology in Higher Education},
    volume        = {18},
    number        = {1},
    pages         = {32},
    doi           = {10.1186/s41239-021-00266-x},
}

@article{gleason2021design,
    title         = {Design Thinking Approach to Global Collaboration and Empowered Learning: Virtual Exchange as Innovation in a Teacher Education Course},
    author        = {Gleason, Benjamin and Jaramillo Cherrez, Nadia},
    year          = {2021},
    journal       = {Techtrends},
    volume        = {65},
    number        = {3},
    pages         = {348--358},
    doi           = {10.1007/s11528-020-00573-6},
}

@article{odowd2021virtual,
    title         = {Virtual Exchange: Moving Forward into the Next Decade},
    author        = {O'Dowd, Robert},
    year          = {2021},
    journal       = {Computer Assisted Language Learning},
    volume        = {34},
    number        = {3},
    pages         = {209--224},
    doi           = {10.1080/09588221.2021.1902201},
}

@article{roarty2021analysis,
    title         = {Analysis of Using Virtual Exchange to Develop Intercultural Understanding in EFL Students},
    author        = {Roarty, Adam and Hagley, Eric},
    year          = {2021},
    journal       = {Teaching English as a Second Language Electronic Journal},
    volume        = {25},
    number        = {3},
    pages         = {1--9},
    url           = {https://tesl-ej.org/pdf/ej99/a14.pdf},
    note          = {Accessed on 28 Aug. 2023},
}

@article{fuchs2022value,
    title         = {The Value of Mediation for Task Design and Implementation in a US-China Virtual Exchange},
    author        = {Fuchs, Carolin and Snyder, Bill and Tung, Bruce},
    year          = {2022},
    journal       = {Journal of Virtual Exchange},
    volume        = {5},
    number        = {SI-IVEC2021},
    pages         = {1--23},
    doi           = {10.21827/jve.5.38197},
}

@article{kolm2022international,
    title         = {International Online Collaboration Competencies in Higher Education Students: A Systematic Review},
    author        = {Kolm, Alexandra and others},
    year          = {2022},
    journal       = {Journal of Studies in International Education},
    volume        = {26},
    number        = {2},
    pages         = {183--201},
    doi           = {10.1177/10283153211016272},
}

@article{woicolesco2022internationalization,
    title         = {Internationalization at Home and Virtual: A Sustainable Model for Brazilian Higher Education},
    author        = {Woicolesco, Vanessa and Cassol-Silva, Carla and Morosini, Marilia},
    year          = {2022},
    journal       = {Journal of Studies in International Education},
    volume        = {26},
    number        = {2},
    pages         = {222--239},
    doi           = {10.1177/10283153221076898},
}

@article{calvo2023investigating,
    title         = {Investigating Pre-service Teachers from Brazil and US in a Virtual Exchange Project: Benefits and Challenges of Student-selected and Required Technologies},
    author        = {Calvo, L. C. S. and Hartle, L.},
    year          = {2023},
    month         = {7},
    journal       = {Education and Information Technologies},
    volume        = {28},
    number        = {7},
    doi           = {10.1007/s10639-023-12000-3},
}
