@incollection{vazquez2022,
  title = {Language Learning Hashtags on TikTok in Chinese, Italian, and Russian
           },
  author = {Boris Vazquez-Calvo and Liudmila Shafirova and Leticia-Tian Zhang},
  booktitle = {Identity, Multilingualism and CALL},
  publisher = {Equinox Publishing Ltd},
  pages = {104--134},
  organizer = {Klimanova, Liudmila},
  booksubtitle = {Responding to New Global Realities},
}

@article{black2006,
  title = {Language, Culture, and Identity in Online Fanfiction},
  author = {Rebecca W. Black},
  year = {2006},
  month = {2},
  journal = {E-Learning and Digital Media},
  volume = {3},
  number = {2},
  pages = {170--184},
  doi = {10.2304/elea.2006.3.2.170},
  url = {https://doi.org/10.2304/elea.2006.3.2.170},
  urldate = {2024-01-05},
  eprint = {https://doi.org/10.2304/elea.2006.3.2.170},
}

@article{cope2009,
  title = {“Multiliteracies”: New Literacies, New Learning},
  author = {Bill Cope and Mary Kalantzis},
  year = {2009},
  journal = {Pedagogies: An International Journal},
  publisher = {Routledge},
  volume = {4},
  number = {3},
  pages = {164--195},
  doi = {10.1080/15544800903076044},
  url = {https://doi.org/10.1080/15544800903076044},
  urldate = {2024-01-05},
  eprint = {https://doi.org/10.1080/15544800903076044},
}

@article{nikitina2010,
  title = {Video-making in the Foreign Language Classroom},
  author = {Larissa Nikitina},
  year = {2010},
  journal = {Electronic Journal of Foreign Language Teaching},
  publisher = {National University of Singapore},
  volume = {7},
  number = {1},
  pages = {21--31},
  subtitle = {Applying Principles of Constructivist Pedagogy},
}

@book{ito2013,
  title = {Connected Learning: An Agenda for Research and Design},
  author = {Mizuko Ito and Kris Gutiérrez and Sonia Livingstone and Bill Penuel
            and Jean Rhodes and Katie Sale and Juliet Schor and Julian
            Sefton-Green and S. Craig Watkins},
  year = {2013},
  publisher = {Digital Media and Learning Research Hub},
  address = {Irvine},
}

@incollection{thorne2013,
  title = {Literacias digitais},
  author = {Steven Thorne},
  year = {2013},
  booktitle = {Framing Languages and Literacies},
  publisher = {Routledge},
  pages = {202--228},
  editor = {Melissa Hawkins},
}

@article{jung2014,
  title = {Stratified Fisher's exact test and its sample size calculation},
  author = {Jung, Sin-Ho},
  year = {2014},
  journal = {Biometrical Journal},
  volume = {56},
  number = {1},
  pages = {129--140},
  doi = {https://doi.org/10.1002/bimj.201300048},
  url = {https://onlinelibrary.wiley.com/doi/abs/10.1002/bimj.201300048},
  urldate = {2024-07-04},
  keywords = {Conditional type I error, Exact test, Hypergeometric distribution,
              Many 2 × 2 tables, Odds ratio},
  eprint = {https://onlinelibrary.wiley.com/doi/pdf/10.1002/bimj.201300048},
}

@article{benson2015,
  title = {Commenting to learn: Evidence of language and intercultural learning
           in comments on YouTube videos},
  author = {Philip Benson},
  year = {2015},
  month = {8},
  journal = {Language Learning \& Technology},
  volume = {19},
  number = {3},
  pages = {88--105},
  doi = {10125/44435},
  urldate = {2024-01-05},
}

@inbook{cope2015,
  title = {The Things You Do to Know},
  author = {Cope, Bill and Kalantzis, Mary},
  year = {2015},
  booktitle = {A Pedagogy of Multiliteracies},
  publisher = {Palgrave Macmillan},
  address = {London},
  pages = {1--36},
  doi = {10.1057/9781137539724\_1},
  isbn = {978-1-137-53972-4},
  url = {https://doi.org/10.1057/9781137539724\_1},
  editor = {Cope, Bill and Kalantzis, Mary},
  subtitle = {An Introduction to the Pedagogy of Multiliteracies},
  booksubtitle = {Learning by Design},
}

@article{zhang2016,
  title = {Fansubbing del español al chino},
  author = {Tian Leticia Zhang and Daniel Cassany},
  year = {2016},
  month = {12},
  journal = {BiD: textos universitaris de biblioteconomia i documentació},
  number = {37},
  pages = {1--12},
  subtitle = {organización, roles y normas en la escritura colaborativa},
}

@article{sauro2017,
  title = {Online Fan Practices and CALL},
  author = {Shannon Sauro},
  year = {2017},
  journal = {Calico Journal},
  volume = {34},
  number = {2},
  pages = {131--146},
}

@article{stern2017,
  title = {How Facebook can revitalise local languages},
  author = {Alissa Joy Stern},
  year = {2017},
  month = {1},
  journal = {Journal of Multilingual and Multicultural Development},
  publisher = {Routledge},
  volume = {38},
  number = {9},
  pages = {788--796},
  doi = {10.1080/01434632.2016.1267737},
  url = {https://doi.org/10.1080/01434632.2016.1267737},
  urldate = {2024-01-05},
  subtitle = {lessons from Bali},
  eprint = {https://doi.org/10.1080/01434632.2016.1267737},
}

@article{delosríos2018,
  title = {Bilingual Vine making},
  author = {de los Ríos, Cati V.},
  year = {2018},
  journal = {Learning, Media and Technology},
  publisher = {Routledge},
  volume = {43},
  number = {4},
  pages = {359--373},
  doi = {10.1080/17439884.2018.1498350},
  url = {https://doi.org/10.1080/17439884.2018.1498350},
  urldate = {2024-01-05},
  subtitle = {problematizing oppressive discourses in a secondary Chicanx/Latinx
              studies course},
  eprint = {https://doi.org/10.1080/17439884.2018.1498350},
}

@inbook{fethi2018,
  title = {Flipping Movies for Dynamic Engagement},
  author = {Khalid Fethi and Helaine W. Marshall},
  year = {2018},
  booktitle = {Innovations in Flipping the Language Classroom},
  publisher = {Springer Singapore},
  address = {Singapore},
  pages = {185--202},
  doi = {10.1007/978-981-10-6968-0\_13},
  isbn = {978-981-10-6968-0},
  url = {https://doi.org/10.1007/978-981-10-6968-0\_13},
  editor = {Jeff Mehring and Adrian Leis},
  booksubtitle = {Theories and Practices},
}

@article{yeh2018,
  title = {Exploring the Perceived Benefits of the Process of Multimodal Video
           Making in Developing Multiliteracies},
  author = {Hui-Chin Yeh},
  year = {2018},
  month = {6},
  journal = {Language Learning \& Technology},
  volume = {22},
  number = {2},
  pages = {28--37},
  doi = {10.10125/44642},
  url = {https://doi.org/10125/44642},
  urldate = {2024-01-05},
}

@article{chang2019,
  title = {Identity negotiation in the third space: an analysis of YouTube
           channels hosted by expatriates in Taiwan},
  author = {Yueh-ching Chang and Yu-jung Chang},
  year = {2019},
  month = {1},
  journal = {Language and Intercultural Communication},
  publisher = {NCA Website},
  volume = {19},
  number = {1},
  pages = {77--92},
  doi = {10.1080/14708477.2018.1450878},
  url = {https://doi.org/10.1080/14708477.2018.1450878},
  urldate = {2024-01-05},
  eprint = {https://doi.org/10.1080/14708477.2018.1450878},
}

@article{gonulal2019,
  title = {The Use of Instagram as a Mobile-Assisted Language Learning Tool},
  author = {Talip Gonulal},
  year = {2019},
  journal = {Contemporary Educational Technology},
  volume = {10},
  number = {3},
  pages = {309--323},
  doi = {10.30935/cet.590108},
  url = {https://doi.org/10.30935/cet.590108},
  urldate = {2024-01-05},
}

@article{muñoz-basols2019,
  title = {Going beyond the comfort zone},
  author = {Javier Muñoz-Basols},
  year = {2019},
  month = {9},
  journal = {Language, Culture and Curriculum},
  publisher = {Routledge},
  volume = {32},
  number = {3},
  pages = {299--321},
  doi = {10.1080/07908318.2019.1661687},
  url = {https://doi.org/10.1080/07908318.2019.1661687},
  urldate = {2024-01-05},
  subtitle = {multilingualism, translation and mediation to foster plurilingual
              competence},
  eprint = {https://doi.org/10.1080/07908318.2019.1661687},
}

@online{ortizo-spina2019,
  title = {The Rise of Social Media},
  author = {Esteban Ortiz-Ospina},
  year = {2019},
  month = {9},
  publisher = {OurWorldInData.org},
  url = {https://ourworldindata.org/rise-of-social-media},
  note = {Accessed on: July 15, 2022, Visited on: 5 Jan. 2024},
}

@inproceedings{rosyida2019,
  title = {How is Instagram Implemented in Teaching Speaking?},
  author = {Elvira Rosyida and Seftika Seftika},
  year = {2019},
  month = {6},
  booktitle = {Proceedings of the Eleventh Conference on Applied Linguistics
               (CONAPLIN 2018)},
  publisher = {Atlantis Press},
  pages = {386--388},
  doi = {10.2991/conaplin-18.2019.288},
  isbn = {978-94-6252-749-2},
  issn = {2352-5398},
  url = {https://doi.org/10.2991/conaplin-18.2019.288},
  urldate = {2024-01-05},
}

@article{shafirova2019,
  title = {Bronies Learning English in the Digital Wild},
  author = {Liudmila Shafirova and Daniel Cassany},
  year = {2019},
  month = {2},
  journal = {Language Learning \& Technology},
  volume = {23},
  number = {1},
  pages = {127--144},
  doi = {10125/44676},
  url = {https://doi.org/10125/44676},
  urldate = {2024-08-12},
}

@online{instagram2020,
  title = {Introducing Instagram Reels},
  author = {{Instagram}},
  year = {2020},
  url = {
         https://about.instagram.com/blog/announcements/introducing-instagram-reels-announcement
         },
  urldate = {2022-07-15},
}

@article{junior2020,
  title = {Instanarratives},
  author = {Ronaldo Corrêa Gomes Junior},
  year = {2020},
  month = {11},
  journal = {System},
  volume = {94},
  pages = {102330},
  doi = {https://doi.org/10.1016/j.system.2020.102330},
  issn = {0346-251x},
  url = {https://www.sciencedirect.com/science/article/pii/S0346251X20306904},
  urldate = {2024-01-05},
  subtitle = {Stories of foreign language learning on Instagram},
}

@article{cassany2021,
  title = {{“¡Ya está! Me pongo a filmar”: Aprender grabando vídeos en clase}},
  author = {Cassany, Daniel and Shafirova, Liudmila},
  year = {2021},
  month = {12},
  journal = {{Revista signos}},
  publisher = {scielocl},
  volume = {54},
  number = {107},
  pages = {893--918},
  issn = {0718-0934},
  url = {http://www.scielo.cl/scielo.php?script=sci\_arttext
         &pid=S0718-09342021000300893&nrm=iso},
}

@article{chik2021,
  title = {Commentary: digital language and learning in the time of coronavirus},
  author = {Alice Chik and Phil Benson},
  year = {2021},
  month = {4},
  journal = {Linguistics and Education},
  publisher = {Elsevier},
  volume = {62},
  pages = {1--4},
  doi = {10.1016/j.linged.2020.100873},
  issn = {0898-5898},
  urldate = {2024-01-05},
}

@inproceedings{devana2021,
  title = {Enhancing Students’ Speaking Skill and Motivation Through Instagram
           Vlog},
  author = {Trisilia Devana and Nurul Afifah},
  year = {2021},
  booktitle = {Proceedings of the 4th Sriwijaya University Learning and
               Education International Conference (SULE-IC 2020)},
  publisher = {Atlantis Press},
  pages = {358--363},
  doi = {10.2991/assehr.k.201230.131},
  isbn = {978-94-6239-313-4},
  issn = {2352-5398},
  url = {https://doi.org/10.2991/assehr.k.201230.131},
}

@article{thorne2021,
  title = {Rewilding Language Education: Emergent Assemblages and Entangled
           Actions},
  author = {Thorne, Steven L. and Hellermann, John and Jakonen, Teppo},
  year = {2021},
  journal = {The Modern Language Journal},
  volume = {105},
  number = {1},
  pages = {106--125},
  doi = {https://doi.org/10.1111/modl.12687},
  url = {https://onlinelibrary.wiley.com/doi/abs/10.1111/modl.12687},
  urldate = {2024-01-05},
  keywords = {place-based learning, rewilding, conversation analysis,
              sociomaterialism, embodiment, mobile augmented reality},
  eprint = {https://onlinelibrary.wiley.com/doi/pdf/10.1111/modl.12687},
}

@article{zaitun2021,
  title = {TikTok as a Media to Enhancing the Speaking Skills of EFL Students},
  author = {Zaitun and Muhammad Sofian Hadi and Emma Dwi Indriani},
  year = {2021},
  journal = {Jurnal Studi Guru dan Pembelajaran},
  volume = {4},
  number = {1},
  pages = {89--94},
}

@online{aslam2022,
  title = {TikTok by the Numbers},
  author = {Shahzaib Aslam},
  year = {2022},
  month = {1},
  url = {https://www.omnicoreagency.com/tiktok-statistics/},
  urldate = {2022-04-21},
  subtitle = {Stats, Demographics \& Fun Facts},
}

@article{tan2022,
  title = {The Potential of TikTok’s Key Features as a Pedagogical Strategy for
           ESL Classrooms},
  author = {Tan, Kim Hua and Rajendran, Agila and Muslim, Nazri and Alias,
            Jamsari and Yusof, Nor Afian},
  year = {2022},
  month = {12},
  journal = {Sustainability},
  volume = {14},
  number = {24},
  doi = {10.3390/su142416876},
  issn = {2071-1050},
  url = {https://www.mdpi.com/2071-1050/14/24/16876},
  urldate = {2024-01-05},
}

@article{tee2022,
  title = {Tradução de inglês para chinês do fansub de humor em The Marvelous
           Mrs. Maisel},
  author = {Tee, Yee Han and Amini, Mansour and Siau, Ching Sin and
            Amirdabbaghian, Amin},
  year = {2022},
  month = {2},
  journal = {Texto Livre},
  volume = {15},
  pages = {e37677},
  doi = {10.35699/1983-3652.2022.37677},
  url = {https://periodicos.ufmg.br/index.php/textolivre/article/view/37677},
  urldate = {2024-03-07},
}

@article{teng2022,
  title = {Mobile assisted language learning in learning English through social
           networking tools},
  author = {Teng, Chunyan and Heydarnejad, Tahereh and Hasan, Md. Kamrul and
            Omar, Abdulfattah and Sarabani, Leeda},
  year = {2022},
  journal = {Frontiers in Psychology},
  volume = {13},
  doi = {10.3389/fpsyg.2022.1012004},
  issn = {1664-1078},
  url = {
         https://www.frontiersin.org/journals/psychology/articles/10.3389/fpsyg.2022.1012004
         },
  urldate = {2024-01-05},
  subtitle = {An account of Instagram feed-based tasks on learning grammar and
              attitude among English as a foreign language learners},
}

@article{zhang2022,
  title = {“¿Triste estás? I don’t know nan molla”},
  author = {Leticia-Tian Zhang and Boris Vazquez-Calvo},
  year = {2022},
  month = {8},
  journal = {ITL - International Journal of Applied Linguistics},
  publisher = {John Benjamins},
  volume = {173},
  number = {2},
  pages = {197--227},
  doi = {10.1075/itl.21007.zha},
  issn = {0019-0829},
  url = {https://www.jbe-platform.com/content/journals/10.1075/itl.21007.zha},
  urldate = {2024-01-05},
}

@article{asio2023,
  title = {Edutoking},
  author = {Asio, John Mark and Pasubillo, Mark Anthony and Valenzuela,
            Christian Loid},
  year = {2023},
  month = {3},
  journal = {Journal of English as A Foreign Language Teaching and Research},
  volume = {3},
  number = {1},
  pages = {57–70},
  doi = {10.31098/jefltr.v3i1.1444},
  url = {
         https://journals.researchsynergypress.com/index.php/jefltr/article/view/1444
         },
  urldate = {2024-07-09},
  subtitle = {Improving the English-Speaking Skills of Grade 9 Learners using
              Tiktok-Based Activities},
}

@article{shafirova2023,
  title = {Multilingual encounters in online video practices: the case of
           Portuguese university students},
  author = {Liudmila Shafirova and Maria Helena Araújo e Sá},
  year = {2023},
  month = {4},
  journal = {International Journal of Multilingualism},
  publisher = {Routledge},
  volume = {21},
  number = {3},
  pages = {1680--1699},
  doi = {10.1080/14790718.2023.2205142},
  url = {https://doi.org/10.1080/14790718.2023.2205142},
  urldate = {2024-08-12},
  eprint = {https://doi.org/10.1080/14790718.2023.2205142},
}

@article{soyoof2023,
  title = {Informal digital learning of English (IDLE)},
  author = {Ali Soyoof and Barry Lee Reynolds and Boris Vazquez-Calvo and
            Katherine McLay},
  year = {2023},
  journal = {Computer Assisted Language Learning},
  publisher = {Routledge},
  volume = {36},
  number = {4},
  pages = {608--640},
  doi = {10.1080/09588221.2021.1936562},
  url = {https://doi.org/10.1080/09588221.2021.1936562},
  urldate = {2024-01-05},
  subtitle = {a scoping review of what has been done and a look towards what is
              to come},
  eprint = {https://doi.org/10.1080/09588221.2021.1936562},
}

@article{vazquez-calvo2023,
  title = {Commenting on learning Korean on TikTok and YouTube},
  author = {Boris Vazquez-Calvo, Sergio Duarte-Marti and Leticia-Tian Zhang},
  year = {2023},
  journal = {Interactive Learning Environments},
  publisher = {Routledge},
  pages = {1--18},
  doi = {10.1080/10494820.2023.2249045},
  urldate = {2024-07-01},
}

@incollection{yus2023,
  title = {Humour on Social Networking Sites},
  author = {Francisco Yus},
  year = {2023},
  booktitle = {Pragmatics of Internet Humour},
  publisher = {Springer International Publishing},
  pages = {189--244},
  editor = {Francisco Yus},
}
