%ALFONSO, I. B., GALERA, C. G., & CALVO, S. T. El impacto de las fake news en la investigación en Ciencias Sociales. Revisión bibliográfica sistematizada. Historia y Comunicación Social, v.24, n.2, p.449-470, 2019.
@article{alfonso2019,
  author = {Alfonso, I. B. and Galera, C. G. and Calvo, S. T.},
  title = {El impacto de las fake news en la investigación en {Ciencias Sociales}. {Revisión} bibliográfica sistematizada},
  journal = {Historia y Comunicación Social},
  volume = {24},
  number = {2},
  year = {2019},
  pages = {449--470}
}
%ALONSO, S., GÓMEZ-GARCÍA, G., SANZ, M., MORENO, A. J., & RODRÍGUEZ, C. The Impact of Term Fake News on the Scientific Community. Scientific Performance and Mapping in Web of Science. Social Sciences, v.9, n.5, 73, 2020.
@article{alonsoelat2020,
  author = {Alonso, S. and Gómez-García, G. and Sanz, M. and Moreno, A. J. and Rodríguez, C.},
  title = {{The Impact} of {Term Fake News} on the {Scientific Community}. {Scientific Performance} and {Mapping} in {Web} of {Science}},
  journal = {Social Sciences},
  volume = {9},
  number = {5},
  year = {2020},
  pages = {73}
}
%ARIA, M. & CUCCURULLO, C. bibliometrix: An R-tool for comprehensive science mapping analysis, Journal of Informetrics, v.11, n.4, p.959-975, 2017.
@article{aria2017,
  author = {Aria, M. and Cuccurullo, C.},
  title = {bibliometrix: {An} {R}-tool for comprehensive science mapping analysis},
  journal = {Journal of Informetrics},
  volume = {11},
  number = {4},
  year = {2017},
  pages = {959-975}
}
%CRUZ, M. Bibliometría y Ciencias Sociales. Clío: History and History Teaching, v.7, p.1-10, 1999.
@article{cruz1999,
  author = {Cruz, M.},
  title = {{Bibliometría} y {Ciencias Sociales}},
  journal = {Clío: History and History Teaching},
  volume = {7},
  year = {1999},
  pages = {1-10}
}
%FERNÁNDEZ-CANO, A., & BUENO, A. Synthesizing scientometric paterns in Spanish educational research. Scientometrics, v.46, n.2, p.349-367, 1999.
@article{fernandezcano1999,
  author = {Fernández-Cano, A. and Bueno, A.},
  title = {Synthesizing scientometric paterns in {Spanish} educational research},
  journal = {Scientometrics},
  volume = {46},
  number = {2},
  year = {1999},
  pages = {349-367}
}
%KLUCEVSEK, K. The intersection of information and science literacy. Communications in Information Literacy, v.11, n.2, 354-365, 2017. 
@article{klucevsek2017,
  author = {Klucevsek, K.},
  title = {The intersection of information and science literacy},
  journal = {Communications in {Information Literacy}},
  volume = {11},
  number = {2},
  year = {2017},
  pages = {354-365}
}
@article{ahmad2020,
	title = {The impact of workplace information literacy on organizational innovation: {An} empirical study},
	volume = {51},
	url = {https://linkinghub.elsevier.com/retrieve/pii/S026840121930492X},
	urldate = {2021-06-16},
	doi = {10.1016/j.ijinfomgt.2019.102041},
	journal = {International Journal of Information Management},
	author = {Ahmad, Farhan and Widén, Gunilla and Huvila, Isto},
	month = apr,
	year = {2020},
	pages = {102041}
}
@article{alonso-varela2020,
	title = {Búsqueda y evaluación de información: dos competencias necesarias en el contexto de las fake news},
	volume = {9},
	url = {https://www.palabraclave.fahce.unlp.edu.ar/article/view/PCe090},
	urldate = {2021-06-16},
	doi = {10.24215/18539912e090},
	number = {2},
	journal = {Palabra Clave (La Plata)},
	author = {Alonso Varela, Lucía and Saraiva Cruz, Ignacio},
	month = apr,
	year = {2020},
	pages = {90}
}
@article{balcer2020,
	title = {The {Framework} for {Information} {Literacy} for {Higher} {Education} (in prison): {Using} the frames to teach incarcerated students},
	volume = {81},
	url = {https://crln.acrl.org/index.php/crlnews/article/view/24379},
	urldate = {2021-06-16},
	doi = {10.5860/crln.81.4.178},
	number = {4},
	journal = {College \& Research Libraries News},
	author = {Balcer, Clare Kuntz},
	month = apr,
	year = {2020},
	pages = {178-181}
}
@article{ball2019,
	title = {{WikiLiteracy}},
	volume = {13},
	url = {https://ojs.lboro.ac.uk/JIL/article/view/PRJ-V13-I2-5},
	urldate = {2021-06-16},
	doi = {10.11645/13.2.2669},
	number = {2},
	journal = {Journal of Information Literacy},
	author = {Ball, Caroline},
	month = dec,
	year = {2019},
	pages = {253-271}
}
@article{bougatzeli2015,
	title = {Developing an {Information} {Literacy} {Course} for {Teacher} {Education} {Students} in {Greece}},
	volume = {21},
	url = {https://cgscholar.com/bookstore/works/developing-an-information-literacy-course-for-teacher-education-students-in-greece},
	urldate = {2021-06-16},
	doi = {10.18848/2327-0136/CGP/v21i02/48834},
	number = {2},
	journal = {The International Journal of Literacies},
	author = {Bougatzeli, Evangelia and Togia, Aspasia and Papadimitriou, Efi},
	year = {2015},
	pages = {17--26}
}
@article{demeulemeester2018,
	title = {Development and validation of an {Information} {Literacy} {Self}-{Efficacy} {Scale} for medical students},
	volume = {12},
	url = {https://ojs.lboro.ac.uk/JIL/article/view/PRA-V12-I1-2},
	urldate = {2021-06-16},
	doi = {10.11645/12.1.2300},
	number = {1},
	journal = {Journal of Information Literacy},
	author = {De Meulemeester, Ann and Buysse, Heidi and Peleman, Renaat},
	month = jun,
	year = {2018},
	pages = {27-47}
}
@incollection{demeulemeesteretal2019,
	address = {Cham},
	title = {Information {Literacy} {Self}-{Efficacy} of {Medical} {Students}: {A} {Longitudinal} {Study}},
	volume = {989},
	url = {http://link.springer.com/10.1007/978-3-030-13472-3_25},
	urldate = {2021-06-16},
	booktitle = {Information {Literacy} in {Everyday} {Life}},
	publisher = {Springer International Publishing},
	author = {De Meulemeester, Ann and De Maeseneer, Jan and De Maeyer, Sven and Peleman, Renaat and Buysse, Heidi},
	editor = {Kurbanoğlu, Serap and Špiranec, Sonja and Ünal, Yurdagül and Boustany, Joumana and Huotari, Maija Leena and Grassian, Esther and Mizrachi, Diane and Roy, Loriene},
	year = {2019},
	doi = {10.1007/978-3-030-13472-3_25},
	pages = {264-272}
}
@article{george2019,
	title = {Demonstrating the impact of your teaching: benefits of {Higher} {Education} {Academy} {Fellowship} for librarians},
	volume = {36},
	url = {https://onlinelibrary.wiley.com/doi/10.1111/hir.12272},
	urldate = {2021-06-16},
	doi = {10.1111/hir.12272},
	number = {3},
	journal = {Health Information \& Libraries Journal},
	author = {George, Sarah and Rowland, Jennifer},
	month = sep,
	year = {2019},
	pages = {288--293}
}
@article{godbey2018,
	title = {Testing {Future} {Teachers}: {A} {Quantitative} {Exploration} of {Factors} {Impacting} the {Information} {Literacy} of {Teacher} {Education} {Students}},
	volume = {79},
	url = {https://crl.acrl.org/index.php/crl/article/view/16764},
	doi = {10.5860/crl.79.5.611},
	urldate = {2021-06-16},
	number = {5},
	journal = {College \& Research Libraries},
	author = {Godbey, Samantha},
	year = {2018},
	pages = {611--623}
}
@article{hinojo-lucena2019,
	title = {Problematic {Internet} {Use} as a {Predictor} of {Eating} {Disorders} in {Students}: {A} {Systematic} {Review} and {Meta}-{Analysis} {Study}},
	volume = {11},
	url = {https://www.mdpi.com/2072-6643/11/9/2151},
	urldate = {2021-06-16},
	doi = {10.3390/nu11092151},
	number = {9},
	journal = {Nutrients},
	author = {Hinojo-Lucena, Francisco-Javier and Aznar-Díaz, Inmaculada and Cáceres-Reche, María-Pilar and Trujillo-Torres, Juan-Manuel and Romero-Rodríguez, José-María},
	month = sep,
	year = {2019},
	pages = {2151}
}
@article{lantz2019,
	title = {Information {Literacy} {Strategies} {Used} by {Second}- and {Third}-{Year} {Biology} {Students}},
	url = {https://journals.library.ualberta.ca/istl/index.php/istl/article/view/13},
	urldate = {2021-06-16},
	doi = {10.29173/istl13},
	number = {92},
	journal = {Issues in Science and Technology Librarianship},
	author = {Lantz, Catherine and Dempsey, Paula R},
	month = jul,
	year = {2019}
}
@article{lopez-borrull2018,
	title = {Fake news, ¿amenaza u oportunidad para los profesionales de la información y la documentación?},
	volume = {27},
	url = {https://revista.profesionaldelainformacion.com/index.php/EPI/article/view/epi.2018.nov.17},
	urldate = {2021-06-16},
	doi = {10.3145/epi.2018.nov.17},
	number = {6},
	journal = {El Profesional de la Información},
	author = {Lopez-Borrull, Alexandre and Vives-Gràcia, Josep and Badell, Joan-Isidre},
	month = dec,
	year = {2018},
	pages = {1346}
}
@article{lorenz2019,
	title = {Predictors of fostering students’ computer and information literacy – analysis based on a representative sample of secondary school teachers in {Germany}},
	volume = {24},
	url = {http://link.springer.com/10.1007/s10639-018-9809-0},
	doi = {10.1007/s10639-018-9809-0},
	urldate = {2021-06-16},
	number = {1},
	journal = {Education and Information Technologies},
	author = {Lorenz, Ramona and Endberg, Manuela and Bos, Wilfried},
	month = jan,
	year = {2019},
	pages = {911-928}
}
@article{moreno-guerrero2020,
	title = {Internet {Addiction} in the {Web} of {Science} {Database}: {A} {Review} of the {Literature} with {Scientific} {Mapping}},
	volume = {17},
	url = {https://www.mdpi.com/1660-4601/17/8/2753},
	doi = {10.3390/ijerph17082753},
	urldate = {2021-06-16},
	number = {8},
	journal = {International Journal of Environmental Research and Public Health},
	author = {Moreno-Guerrero, Antonio-José and Gómez-García, Gerardo and López-Belmonte, Jesús and Rodríguez-Jiménez, Carmen},
	month = apr,
	year = {2020},
	pages = {2753}
}
@article{oliveira2019,
	title = {Teachers’ academic training for literacy instruction},
	volume = {42},
	url = {https://www.tandfonline.com/doi/full/10.1080/02619768.2019.1576627},
	urldate = {2021-06-16},
	doi = {10.1080/02619768.2019.1576627},
	number = {3},
	journal = {European Journal of Teacher Education},
	author = {Oliveira, Célia and Lopes, João and Spear-Swerling, Louise},
	month = may,
	year = {2019},
	pages = {315-334}
}
@techreport{oecd2017,
	address = {París, Francia},
	title = {{PISA} 2015 {Assessment} and {Analytical} {Framework}: {Science}, {Reading}, {Mathematic}, {Financial} {Literacy} and {Collaborative} {Problem} {Solving}},
	url = {https://www.oecd-ilibrary.org/education/pisa-2015-assessment-and-analytical-framework_9789264281820-en},
	urldate = {2021-06-16},
	author = {OECD},
	institution = {{ORGANIZACIÓN PARA LA COOPERACIÓN Y EL DESARROLLO ECONÓMICO}},
	month = aug,
	year = {2017}
}
@techreport{oecd2018,
	title = {The future of education and skills education 2030},
	author = {OECD},
	institution = {{ORGANIZACIÓN PARA LA COOPERACIÓN Y EL DESARROLLO ECONÓMICO}},
	year = {2018}
}
@misc{unesco2017,
	title = {Comunicación e información},
	url = {https://es.unesco.org/},
	urldate = {2021-06-16},
	institution = {{ORGANIZACIÓN DE LAS NACIONES UNIDAS PARA LA EDUCACIÓN, LA CIENCIA Y LA CULTURA}},
	author = {UNESCO},
	year = {2017}
}
@article{pinto2019,
	title = {Gender perspective on information literacy: {An} interdisciplinary and multidimensional analysis within higher education settings},
	volume = {41},
	url = {https://linkinghub.elsevier.com/retrieve/pii/S0740818818302925},
	urldate = {2021-06-16},
	doi = {10.1016/j.lisr.2019.100979},
	number = {4},
	journal = {Library \& Information Science Research},
	author = {Pinto, María and Sales, Dora and Fernández-Pascual, Rosaura},
	month = oct,
	year = {2019},
	pages = {100979}
}
@article{sanches2019,
	title = {Citar e referenciar: uma estratégia formativa para o uso ético da informação e prevenção do plágio em meio académico},
	volume = {24},
	url = {http://www.scielo.br/scielo.php?script=sci_arttext&pid=S1413-99362019000300059&tlng=pt},
	urldate = {2021-06-16},
	doi = {10.1590/1981-5344/3214},
	number = {3},
	journal = {Perspectivas em Ciência da Informação},
	author = {Sanches, Tatiana},
	month = sep,
	year = {2019},
	pages = {59-72}
}
@article{soroya2020,
	title = {Predictors of information literacy self-efficacy among medical students: {PLS}-{SEM} analysis},
	url = {https://www.emerald.com/insight/content/doi/10.1108/LHT-07-2020-0172/full/html},
	urldate = {2021-06-16},
	doi = {10.1108/LHT-07-2020-0172},
	journal = {Library Hi Tech},
	author = {Soroya, Saira Hanif and Iqbal, Malik Muhammad Yasir and Soroya, Muhammad Shahid and Mahmood, Khalid},
	month = oct,
	year = {2020}
}
@article{torrell2020,
	title = {That {Was} {Then}, {This} {Is} {Wow}: {A} {Case} for {Critical} {Information} {Literacy} {Across} the {Curriculum}},
	volume = {14},
	urldate = {2021-06-16},
	url = {https://archives.pdx.edu/ds/psu/33124},
	doi = {10.15760/comminfolit.2020.14.1.9},
	number = {1},
	journal = {Communications in Information Literacy},
	author = {Torrell, Margaret},
	month = jun,
	year = {2020},
	pages = {118-133}
}
@techreport{unesco2016,
	address = {Brasilia},
	title = {Marco de avaliação global da alfabetização midiática e informacional: disposição e competências do país},
	url = {https://unesdoc.unesco.org/ark:/48223/pf0000246398},
	institution = {UNESCO},
	urldate = {2021-06-16},
	author = {{UNESCO}},
	year = {2016}
}
@article{waltz2020,
	title = {Identifying information literacy skills and behaviors in the curricular competencies of health professions},
	volume = {108},
	url = {http://jmla.pitt.edu/ojs/jmla/article/view/833},
	doi = {10.5195/jmla.2020.833},
	urldate = {2021-06-16},
	number = {3},
	journal = {Journal of the Medical Library Association},
	author = {Waltz, Micah J. and Moberly, Heather K. and Carrigan, Esther E.},
	month = jul,
	year = {2020},
	pages = {463-479}
}
%VAN ECK N.J., & WALTMAN L. Visualizing Bibliometric Networks. In: Ding Y., Rousseau R., Wolfram D. (eds) Measuring Scholarly Impact. Springer, Cham. 2014  https://doi.org/10.1007/978-3-319-10377-8_13
@incollection{vaneck2014,
  title = {{Visualizing Bibliometric Networks}},
  author = {Van Eck, N. J. and Waltman, L.},
  booktitle = {Measuring Scholarly Impact},
  editor = {Ding, Y. and Rousseau, R. and Wolfram, D.},
  editortype = {organizer},
  address = {Cham},
  publisher = {Springer},
  year = {2014}
}
%PRICE, J. Little Science, Big Science ... and Beyond. Nueva York: Columbia University Press. 1986.
@book{price1986,
  title = {{Little Science}, {Big Science} ... and {Beyond}},
  author = {Price, J.},
  address = {Nueva York},
  publisher = {Columbia University Press},
  year = {1986}
}


