
@book{aulagnier_destinos_1979,
	address = {Buenos Aires},
	title = {Los destinos del placer. {Alienación}, amor, pasión},
	publisher = {Paidós},
	author = {Aulagnier, P.},
	month = jan,
	year = {1979},
}

@book{aulagnier_interprete_1986,
	address = {Madrid},
	title = {Un intérprete en busca de sentido},
	publisher = {Siglo XXI},
	author = {Aulagnier, P.},
	year = {1986},
}

@book{aulagnier_violencia_1975,
	address = {Buenos Aires},
	title = {La violencia de la interpretación (2a ed, 1a reimp): {Del} pictograma al enunciado},
	publisher = {Amorrortu},
	author = {Aulagnier, P.},
	year = {1975},
}

@book{bleichmar_narcisismo:_1995,
	address = {Buenos Aires},
	title = {El narcisismo: estudio sobre la enunciación y la gramática inconsciente},
	publisher = {Nueva Visión},
	author = {Bleichmar, H.},
	year = {1995},
}

@incollection{bleichmar_lo_1990,
	address = {Buenos Aires},
	title = {Lo {Inconsciente}. {Fecundidad} clínica de sus paradigmas},
	booktitle = {Lecturas de {Freud}},
	publisher = {Lugar Editorial},
	author = {Bleichmar, S.},
	editor = {Bleichmar, S.},
	year = {1990},
	pages = {13--100},
}

@article{cantu_placer_1998,
	title = {El placer de leer, el placer de escribir},
	number = {40},
	journal = {Revista Aprendizaje},
	author = {Cantú, G.},
	year = {1998},
	pages = {1--8},
}

@incollection{cantu_leer_1999,
	address = {Buenos Aires},
	title = {Leer, ¿es dialogar?},
	booktitle = {Leer y escribir en contextos sociales complejos},
	publisher = {Paidós},
	author = {Cantú, G.},
	editor = {Schlemenson, S.},
	year = {1999},
	pages = {37--50},
}

@book{cantu_pruebas_1998,
	title = {Las pruebas pedagógicas. {Un} puente posible entre lo objetivo y lo subjetivo},
	publisher = { Departamento de Publicaciones, Facultad de Psicología, UBA},
	author = {Cantú, G. and Di Scala, M.},
	year = {1998},
}

@incollection{cantu_modelo_1999,
	address = {Buenos Aires},
	title = {Un modelo instrumental para el diagnóstico clínico},
	booktitle = {Leer y escribir en contextos sociales complejos},
	publisher = {Paidós},
	author = {Cantú, G. and Di Scala, M.},
	editor = {Schlemenson, S.},
	year = {1999},
	pages = {125--149},
}

@book{cantu_dip-:_2001,
	title = {{DIP}-le: {Diagnóstico} posicional en lectura y escritura},
	publisher = {Departamento de Publicaciones, Facultad de Psicología, UBA},
	author = {Cantú, G. and Di Scala, M.},
	year = {2001},
}

@incollection{cantu_sobre_2001,
	address = {Buenos Aires},
	title = {Sobre herederos forzosos},
	booktitle = {Niños que no aprenden},
	publisher = {Paidós},
	author = {Cantú, G. and Di Scala, M. and Schlemenson, S.},
	year = {2001},
	pages = {93--110},
}

@book{casas_de_pereda_en_1999,
	address = {Buenos Aires},
	edition = {1a ed},
	title = {En el camino de la simbolización: producción del sujeto psíquico},
	publisher = {Paidós},
	author = {Casas de Pereda, M.},
	year = {1999},
}

@book{castoriadis_institucion_1993,
	address = {Argentina},
	title = {La institucion imaginaria de la sociedad},
	publisher = {Tusquets Editores},
	author = {Castoriadis, C.},
	translator = {Vicens, A. and Galmarini, M. A.},
	year = {1993},
}

@incollection{castoriadis_logica_1991,
	address = {Buenos Aires},
	title = {Lógica, imaginación, reflexión},
	booktitle = {El inconsciente y la ciencia },
	publisher = {Amorrortu},
	author = {Castoriadis, C.},
	editor = {Dorey, R. and {y otros}},
	year = {1991},
	pages = {21--50},
}

@inproceedings{rello_keyword_2014,
	address = {Gothenburg, Sweden},
	title = {Keyword {Highlighting} {Improves} {Comprehension} for {People} with {Dyslexia}},
	url = {https://aclanthology.org/W14-1204},
	doi = {10.3115/v1/W14-1204},
	urldate = {2022-09-20},
	booktitle = {Proceedings of the 3rd {Workshop} on {Predicting} and {Improving} {Text} {Readability} for {Target} {Reader} {Populations} ({PITR})},
	publisher = {Association for Computational Linguistics},
	author = {Rello, L. and Saggion, H. and Baeza-Yates, R.},
	month = apr,
	year = {2014},
	pages = {30--37},
}

@article{rello_how_2017,
	title = {How to present more readable text for people with dyslexia},
	volume = {16},
	url = {http://link.springer.com/10.1007/s10209-015-0438-8},
	doi = {10.1007/s10209-015-0438-8},
	number = {1},
	urldate = {2022-09-20},
	journal = {Universal Access in the Information Society},
	author = {Rello, L. and Baeza-Yates, R.},
	month = mar,
	year = {2017},
	pages = {29--49},
}

@book{derrida_gramatologi_1967,
	address = {México},
	title = {De la gramatología},
	publisher = {Siglo XXI},
	author = {Derrida, J.},
	year = {1967},
}

@book{derrida_escritura_1989,
	address = {Barcelona},
	title = {La escritura y la diferencia},
	publisher = {Anthropos},
	author = {Derrida, J.},
	year = {1989},
}

@incollection{di_scala_que_1999,
	address = {Buenos Aires},
	title = {¿{Qué} se aprende al leer y escribir?},
	booktitle = {Leer y escribir en contextos sociales complejos},
	publisher = {Paidós},
	author = {Di Scala, M.},
	editor = {Schlemenson, S.},
	year = {1999},
	pages = {15--36},
}

@book{dubois_proceso_1995,
	address = {Buenos Aires},
	title = {El {Proceso} de lectura: de la teoría a la práctica},
	publisher = {Aique},
	author = {Dubois, M. E.},
	year = {1995},
}

@book{eco_lector_1999,
	address = {Barcelona},
	title = {Lector in fabula: la cooperación interpretativa en el texto narrativo},
	publisher = {Editorial Lumen},
	author = {Eco, U.},
	year = {1999},
}

@book{eco_nombre_1993,
	address = {Barcelona},
	title = {El nombre de la rosa},
	publisher = {RBA Editores},
	author = {Eco, U.},
	year = {1993},
}

@incollection{enriquez_sujeto_1991,
	address = {Buenos Aires},
	title = {El sujeto humano: de la clausura identitaria a la apertura al mundo},
	booktitle = {El inconsciente y la ciencia},
	publisher = {Amorrortu},
	author = {Enríquez, E.},
	editor = {Dorey, R.},
	year = {1991},
	pages = {51--80},
}

@incollection{freud_proyecto_1993,
	address = {Buenos Aires},
	title = {Proyecto de psicología para neurólogos},
	booktitle = {Obras {Completas}, {Tomo} {I}},
	publisher = {Amorrortu},
	author = {Freud, S.},
	collaborator = {Freud, S.},
	year = {1993},
	pages = {323--387},
}

@incollection{freud_lo_1993,
	address = {Buenos Aires},
	title = {Lo inconsciente},
	booktitle = {Obras {Completas} ({Tomo} {XIV})},
	publisher = {Amorrortu},
	author = {Freud, S.},
	collaborator = {Freud, S.},
	year = {1993},
	pages = {153--193},
}

@book{freud_psicopatologivida_1993,
	address = {Buenos Aires},
	title = {Psicopatología de la vida cotidiana. {Obras} {Completas}. {Tomo} {VI}},
	publisher = {Amorrortu},
	author = {Freud, S.},
	year = {1993},
}

@incollection{freud_formulaciones_1993,
	address = {Buenos Aires},
	title = {Formulaciones sobre los dos principios del acaecer psíquico},
	booktitle = {Obras {Completas}, {Tomo} {XII} },
	publisher = {Amorrortu},
	author = {Freud, S.},
	collaborator = {Freud, S.},
	year = {1993},
	pages = {217--232},
}

@incollection{freud_recordar_1993,
	address = {Buenos Aires},
	title = {Recordar, repetir, reelaborar},
	booktitle = {Obras {Completas} {Tomo} {XII}},
	publisher = {Amorrortu},
	author = {Freud, S.},
	collaborator = {Freud, S.},
	year = {1993},
	pages = {145--158},
}

@incollection{hornstein_trabajo_1994,
	address = {Buenos Aires},
	title = {El trabajo clínico y sus opciones técnicas en la cura psicoanalítica},
	booktitle = {Cuerpo, historia e interpretación},
	publisher = {Paidós},
	author = {Friszman Bosoer, E.},
	editor = {Hornstein, L.},
	year = {1994},
	pages = {342--350},
}

@incollection{diatkine_discurso_1984,
	address = {Barcelona},
	title = {El discurso familiar como escritura transindividual en el análisis de niños},
	booktitle = {Problemas de interpretación en {Psicoanálisis} de {Niños}},
	publisher = {Gedisa},
	author = {García Reinoso, E.},
	collaborator = {Diatkine, R. and Ferreiro, E. and García Reinoso, E. and Lebovici, S. and Volnovich, J. C.},
	year = {1984},
	pages = {109--134},
}

@incollection{goodman_proceso_1980,
	address = {Buenos Aires},
	title = {El proceso de lectura: consideraciones a través de las lenguas y el desarrollo},
	booktitle = {Nuevas perspectivas sobre los procesos de lectura y escritura},
	publisher = {Siglo XXI},
	author = {Goodman, K.},
	editor = {Ferreiro-Gómez, P.},
	year = {1980},
	pages = {13--28},
}

@article{hartman_eight_1995,
	title = {Eight {Readers} {Reading}: {The} {Intertextual} {Links} of {Proficient} {Readers} {Reading} {Multiple} {Passages}},
	volume = {30},
	url = {https://www.jstor.org/stable/747631?origin=crossref},
	doi = {10.2307/747631},
	number = {3},
	urldate = {2022-09-19},
	journal = {Reading Research Quarterly},
	author = {Hartman, D. K.},
	month = jul,
	year = {1995},
	pages = {520},
}

@incollection{hornstein_recordar_1990,
	address = {Buenos Aires},
	title = {Recordar, repetir, reelaborar. {Una} lectura},
	booktitle = {Lecturas de {Freud}},
	publisher = {Lugar Editorial},
	author = {Hornstein, L.},
	year = {1990},
	pages = {171--210},
}

@incollection{hornstein_aulagnier:_1994,
	address = {Buenos Aires},
	title = {Aulagnier: sus cuestiones fundamentales},
	booktitle = {Cuerpo, historia e interpretación},
	publisher = {Paidós},
	author = {Hornstein, L.},
	year = {1994},
	pages = {11--116},
}

@book{kristeva_sentido_1998,
	address = {Buenos Aires},
	title = {Sentido y sinsentido de la rebeldía: literatura y psicoanálisis},
	publisher = {EUDEBA},
	author = {Kristeva, Julia},
	year = {1998},
}

@book{kristeva_amor_1979,
	address = {Barcelona},
	title = {El amor del censor. {Ensayo} sobre el orden dogmático},
	publisher = {Anagrama},
	author = {Kristeva, J. and Legendre, P.},
	year = {1979},
}

@book{morin_metodo_1994,
	address = {Madrid},
	title = {El método {III}. {El} conocimiento del conocimiento},
	publisher = {Cátedra},
	author = {Morín, E.},
	year = {1994},
}

@book{ong_oralidad_1993,
	address = {Buenos Aires },
	title = {Oralidad y escritura: tecnologías de la palabra},
	publisher = {Fondo de Cultura Económica de Argentina},
	author = {Ong, W. J.},
	year = {1993},
}

@book{ricoeur_texto_2001,
	address = {Buenos Aires},
	title = {Del texto a la acción},
	isbn = {9789681664565},
	language = {spa},
	publisher = {Fondo de Cultura Económica},
	author = {Ricoeur, P.},
	year = {2001},
	note = {OCLC: 863189685},
}

@book{rodulfo_nino_1999,
	address = {Buenos Aires},
	title = {El niño y el significante: un estudio sobre las funciones del jugar en la constitución temprana},
	publisher = {Paidós},
	author = {Rodulfo, R. and Pelento, M. L.},
	year = {1999},
}

@book{rodulfo_dibujos_1999,
	address = {Buenos aires},
	title = {Dibujos fuera del papel: de la caricia a la lectoescritura en el niño},
	publisher = {Paidós},
	author = {Rodulfo, R.},
	year = {1999},
}

@book{rodulfo_transtornos_1998,
	address = {Buenos Aires},
	title = {Transtornos narcisistas no psicoticos: {Estudios} psicoanaliticos sobre problematicas del cuerpo, el espacio y el aprendizaje en ninos y adolescentes},
	publisher = {Paidos},
	author = {Rodulfo, R.},
	year = {1998},
}

@book{sami_ali_proyeccion_1982,
	address = {Madrid},
	title = {De la proyección},
	publisher = {Petrel},
	author = {Sami Ali, M.},
	year = {1982},
}

@book{sartre_palabras_1964,
	address = {Buenos Aires},
	title = {Las palabras},
	publisher = {Losada},
	author = {Sartre, J. P.},
	year = {1964},
}

@book{savater_escuela_1991,
	address = {Barcelona},
	title = {La escuela de {Platón}},
	publisher = {Anagrama},
	author = {Savater, F.},
	year = {1991},
}

@incollection{schlemenson_escribir_1999,
	address = {Buenos Aires},
	title = {Escribir, leer y pensar en contextos sociales complejos},
	booktitle = {Leer y escribir en contextos sociales complejos},
	publisher = {Paidós},
	author = {Schlemenson, S.},
	year = {1999},
	pages = {15--36},
}

@book{schlemenson_ninos_2001,
	address = {Buenos Aires},
	title = {Niños que no aprenden},
	publisher = {Paidós},
	author = {Schlemenson, S.},
	year = {2001},
}

@book{wettengel_produccion_1995,
	title = {Producción simbólica y lenguaje: algunas revisiones conceptuales},
	publisher = {Dto. de Publicaciones. Fac. Psicología, UBA},
	author = {Wettengel, L.},
	year = {1995},
}

@book{winnicot_realidad_1986,
	address = {Barcelona},
	title = {Realidad y juego},
	publisher = {Gedisa},
	author = {Winnicot, D.},
	year = {1986},
}