
@incollection{ariso_is_2017,
	address = {Berlin},
	title = {Is critical thinking particularly necessary when using augmented reality in knowledge society? {An} introductory paradox},
	booktitle = {Augmented reality: {Reflections} on its contribution to knowledge formation},
	publisher = {DeGruyter},
	author = {Ariso, J. M.},
	editor = {Ariso, J. M.},
	year = {2017},
	pages = {3--21},
}

@book{arnaldi_virtual_2018,
	address = {Hoboken, NJ, USA},
	title = {Virtual {Reality} and {Augmented} {Reality}: {Myths} and {Realities}},
	url = {http://doi.wiley.com/10.1002/9781119341031},
	urldate = {2022-05-12},
	publisher = {John Wiley \& Sons, Inc.},
	editor = {Arnaldi, B. and Guitton, P. and Moreau, G.},
	month = mar,
	year = {2018},
	doi = {10.1002/9781119341031},
}

@incollection{barroso_reality_2019,
	address = {Berlin},
	title = {The reality of the virtual in {Deleuze}’s transcendental empiricism},
	booktitle = {Conceiving virtuality: {From} art to technology},
	publisher = {Springer},
	author = {Barroso, P. M.},
	editor = {BRAGA, J.},
	year = {2019},
}

@book{barroso_contributions_2020,
	title = {Contributions to communicational, cultural, media, and digital studies: contemporary world-society},
	author = {Barroso, P. M.},
	publisher = {Cambridge Scholars Publishing},
	address = {Newcastle-Upon-Tyne},
	year = {2020},
}

@book{baudrillard_america_1989,
	address = {London},
	title = {America},
	publisher = {Verso},
	author = {Baudrillard, J.},
	year = {1989},
}

@book{baudrillard_simulacra_1997,
	address = {Michigan},
	title = {Simulacra and simulation},
	publisher = {The University of Michigan Press},
	author = {Baudrillard, J.},
	year = {1997},
}

@book{baudrillard_symbolic_2000,
	address = {London},
	title = {Symbolic exchange and death},
	publisher = {Sage Publications},
	author = {Baudrillard, J.},
	year = {2000},
}

@book{baudrillard_intelligence_2005,
	address = {Oxford},
	edition = {English ed},
	title = {The intelligence of evil or the lucidity pact},
	publisher = {Berg Publishers},
	author = {Baudrillard, J.},
	year = {2005},
	keywords = {Reality, Good and evil},
}

@book{bell_cyberculture:_2005,
	address = {London},
	title = {Cyberculture: the key concepts},
	publisher = {Routledge},
	editor = {Bell, D. and Loader, B. and Pleace, N. and Schueler, D.},
	year = {2005},
}

@incollection{benjamin_work_2002,
	address = {Cambridge, Mass},
	title = {The work of art in the age of its technological reproducibility},
	booktitle = {Walter {Benjamin}: {Selected} writings - {Volume} 3: 1935-1938},
	editor = {Jennings, H. E.},
	publisher = {Belknap Press of Harvard University Press},
	author = {Benjamin, W.},
	year = {2002},
	pages = {101--133},
}

@book{bruce_sage_2006,
	address = {London ; Thousand Oaks, Calif},
	title = {The {Sage} dictionary of sociology},
	publisher = {SAGE},
	author = {Bruce, S. and Yearley, S.},
	year = {2006},
	keywords = {Sociology, Dictionaries},
}

@book{castells_information_2010,
	address = {Chichester},
	title = {The information age: {Economy}, society, and culture - {Volume} {III}:{End} of millennium},
	url = {http://site.ebrary.com/id/10361088},
	urldate = {2022-05-12},
	publisher = {Blackwell Publishers},
	author = {Castells, M.},
	year = {2010},
}

@book{castells_network_2004,
	address = {Cheltenham, UK ; Northampton, MA},
	title = {The network society: a cross-cultural perspective},
	publisher = {Edward Elgar Pub},
	author = {Castells, M.},
	year = {2004},
}

@book{deleuze_difference_1968,
	address = {Paris},
	title = {Différence et répétition},
	publisher = {Presses Universitaires de France},
	author = {Deleuze, G.},
	year = {1968},
}

@article{deleuze_plato_1983,
	title = {Plato and the {Simulacrum}},
	volume = {27},
	url = {https://www.jstor.org/stable/778495?origin=crossref},
	doi = {10.2307/778495},
	urldate = {2022-05-12},
	journal = {October},
	author = {Deleuze, G.},
	year = {1983},
	pages = {45--56},
}

@book{eco_semiotics_1986,
	address = {Bloomington},
	title = {Semiotics and the philosophy of language},
	publisher = {Indiana University Press},
	author = {Eco, U.},
	year = {1986},
}

@book{eco_faith_1998,
	address = {London},
	edition = {Reprint},
	title = {Faith in fakes: travels in hyperreality},
	shorttitle = {Faith in fakes},
	publisher = {Vintage},
	author = {Eco, U.},
	year = {1998},
}

@book{gibson_neuromancer_2003,
	address = {New York},
	title = {Neuromancer},
	publisher = {Ace Books},
	author = {Gibson, W.},
	year = {2003},
}

@book{heidegger_question_1977,
	address = {New York},
	title = {The question concerning technology, and other essays},
	publisher = {Garland Pub},
	author = {Heidegger, M.},
	year = {1977},
}

@book{jerald_vr_2016,
	address = {New York] [San Rafael, California},
	title = {The {VR} book: human-centered design for virtual reality},
	number = {8},
	publisher = {Association for computing machinery Morgan \& Claypool publishers},
	author = {Jerald, J.},
	year = {2016},
}

@book{kipper_augmented_2013,
	address = {Amsterdam; Boston, MA},
	edition = {1st ed},
	title = {Augmented reality: an emerging technologies guide to {AR}},
	publisher = {Syngress/Elsevier},
	author = {Kipper, G. and Rampolla, J.},
	year = {2013},
}

@book{levy_que_1999a,
	address = {Barcelona},
	title = {¿{Qué} es lo virtual? [{What} is the virtual?]},
	publisher = {Ediciones Paidós},
	author = {Lévy, P.},
	year = {1999a},
}

@book{levy_cibercultura_1999b,
	address = {São Paulo},
	title = {Cibercultura},
	publisher = {Editora 34},
	author = {Lévy, P.},
	year = {1999b}
}

@book{mcluhan_understanding_1994,
	address = {Cambridge, Massachusetts},
	title = {Understanding media: the extensions of man},
	publisher = {The MIT Press},
	author = {McLuhan, M.},
	year = {1994},
}

@book{peirce_collected_1978,
	address = {Harvard},
	title = {Collected papers},
	publisher = {Harvard University Press},
	author = {Peirce, C. S.},
	year = {1978},
}

@book{pelton_e-sphere:_2000,
	address = {Westport, Conn},
	title = {e-{Sphere}: the rise of the world-wide mind},
	publisher = {Quorum Books},
	author = {Pelton, J. N.},
	year = {2000},
}

@book{smith_baudrillard_2010,
	address = {Edinburgh},
	title = {The {Baudrillard} dictionary},
	publisher = {Edinburgh University Press},
	editor = {Smith, R. G.},
	year = {2010},
}

@incollection{tiffin_hyperreality_2005,
	address = {New York},
	title = {The hyperreality paradigm},
	booktitle = {Hyperreality: {Paradigm} for the third millennium},
	publisher = {Routledge},
	author = {Tiffin, J.},
	editor = {Terashima, N.},
	year = {2005},
	pages = {25--42},
}

@book{toffler_third_1981,
	address = {New York},
	title = {The third wave},
	publisher = {Bantam Books},
	author = {Toffler, A.},
	year = {1981},
}

@book{virilio_lost_1991,
	address = {New York, N.Y},
	title = {The lost dimension},
	publisher = {Semiotext(e)},
	author = {Virilio, P.},
	year = {1991},
}

@incollection{terashima_definition_2005,
	address = {New York},
	title = {The definition of hyperreality},
	booktitle = {Hyperreality: {Paradigm} for the third millennium},
	publisher = {Routledge},
	author = {Terashima, N.},
	editor = {Terashima, N. and Tiffin, J.},
	year = {2005},
	pages = {4--24},
}

@book{zizek_organs_2004,
	address = {New York},
	title = {Organs without bodies: on {Deleuze} and consequences},
	publisher = {Routledge},
	author = {Žižek, S.},
	year = {2004},
}
