@book{tocqueville_democracia_2009,
    title         = {La democracia en {Am\'{e}rica}},
    author        = {Tocqueville, Alexis},
    year          = {2009},
    publisher     = {Alianza Editorial},
    address       = {Madrid},
}

@book{dewey_democracy_2015,
    title         = {Democracy and education},
    author        = {Dewey, John},
    year          = {2015},
    publisher     = {Sheba Blake Publishing},
    address       = {Brooklyn, NY},
    keywords      = {Education, Philosophy, Education, Social aspects},
}

@book{forestal_designing_2021,
    title         = {Designing for democracy: how to build community in digital environments},
    author        = {Forestal, Jennifer},
    year          = {2021},
    publisher     = {Oxford University Press},
    address       = {New York},
    series        = {Oxford studies digital politics series},
}
