@article{adelantadomateu2011,
	title = {Contenidos audiovisuales y televisivos para dispositivos móviles: una aproximación al mercado español},
	url = {http://www.e-revistes.uji.es/index.php/adcomunica/article/view/4821},
	doi = {10.6035/2174-0992.2011.1.8},
	number = {1},
	urldate = {2021-07-12},
	journal = {adComunica. Revista Científica de Estrategias, Tendencias e Innovación en Comunicación},
	author = {Adelantado Mateu, Eulalia and Martí, José},
	year = {2011},
	pages = {99-113},
}
@article{aguilar2008,
	title = {La educación en móvil[idad]},
	number = {31},
	journal = {Comunicar},
	author = {Aguilar, Antonio Gómez and García, Ángeles Martínez},
	year = {2008},
	pages = {699-708},
}
@article{chuchu2014,
	title = {Mobile {TV} as a {Marketing} {Tool} in {South} {Africa}: {A} {Consumer}’s {Perspective}},
	volume = {5},
	url = {https://www.richtmann.org/journal/index.php/mjss/article/view/5359},
	doi = {10.5901/mjss.2014.v5n25p158},
	number = {25},
	urldate = {2021-07-12},
	journal = {Mediterranean Journal of Social Sciences},
	author = {Chuchu, Tinashe and Chiliya, Norman and Uta, Lloyd},
	month = nov,
	year = {2014},
	pages = {158},
}
@article{cortinas-rovira2013,
	title = {Internationalization and coauthorship in major communication journals in {Spain}},
	volume = {21},
	url = {https://www.revistacomunicar.com/index.php?contenido=detalles&numero=41&articulo=41-2013-03},
	doi = {10.3916/C41-2013-03},
	number = {41},
	urldate = {2021-07-12},
	journal = {Comunicar},
	author = {Cortiñas-Rovira, Sergi and Escribà-Sales, Eudald},
	month = jun,
	year = {2013},
	pages = {35-44},
}
@article{dawson2012,
	title = {Defining {Mobile} {Television}: {The} {Social} {Construction} and {Deconstruction} of {New} and {Old} {Media}},
	volume = {10},
	url = {http://www.tandfonline.com/doi/abs/10.1080/15405702.2012.715329},
	doi = {10.1080/15405702.2012.715329},
	number = {4},
	urldate = {2021-07-12},
	journal = {Popular Communication},
	author = {Dawson, Max},
	month = oct,
	year = {2012},
	pages = {253-268},
}
@article{do2009,
	title = {When mobile phones meet television ...: {An} {FGI} analysis of mobile broadcasting users in {Korea}},
	volume = {31},
	url = {http://journals.sagepub.com/doi/10.1177/0163443709335282},
	doi = {10.1177/0163443709335282},
	number = {4},
	urldate = {2021-07-12},
	journal = {Media, Culture \& Society},
	author = {Do, Joonho and Kim, Daeho and Kim, Doh Yeon  and Kim, Eun-mee},
	month = jul,
	year = {2009},
	pages = {669-679},
}
@article{barron2013,
	title = {Migración de los contenidos audiovisuales de ficción a la telefonía móvil en países de habla hispana: webseries y webnovelas},
	volume = {18},
	number = {85},
	journal = {Razón y Palabra},
	author = {Barrón, Leticia and Hernández de Lago, Adriana},
	year = {2013},
}
@article{evens2011,
	title = {Access to premium content on mobile television platforms: {The} case of mobile sports},
	volume = {28},
	url = {https://linkinghub.elsevier.com/retrieve/pii/S0736585310000353},
	doi = {10.1016/j.tele.2010.05.004},
	number = {1},
	urldate = {2021-07-12},
	journal = {Telematics and Informatics},
	author = {Evens, Tom and Lefever, Katrien and Valcke, Peggy and Schuurman, Dimitri and Marez, Lieven De},
	month = feb,
	year = {2011},
	pages = {32-39},
}
@article{figeac2009,
	title = {Appropriation of {Mobile} {TV} through {Communication} {Networks}},
	number = {4},
	journal = {Réseaux},
	author = {Figeac, Julien},
	year = {2009},
	pages = {81-111},
}
@article{garin2017,
	title = {Heridas infinitas: estructura narrativa y dinámicas seriales en la ficción televisiva},
	number = {24},
	journal = {L'Atalante: revista de estudios cinematográficos},
	author = {Garin, Manuel},
	year = {2017},
	pages = {27-41}
}
@article{goggin2012,
	title = {The evolution of {Australian} mobile screens: {New} technology, new formats, new business models},
	volume = {6},
	url = {https://www.tandfonline.com/doi/full/10.1386/sac.6.3.263_1},
	doi = {10.1386/sac.6.3.263_1},
	number = {3},
	urldate = {2021-07-12},
	journal = {Studies in Australasian Cinema},
	author = {Goggin, Gerard},
	month = jan,
	year = {2012},
	pages = {263-277},
}
@article{hargraves2017,
	title = {To {Trust} in {Strange} {Habits} and {Last} {Calls}: \textit{{The} {Good} {Wife}} ’s {Smartphone} {Storytelling}},
	volume = {18},
	url = {http://journals.sagepub.com/doi/10.1177/1527476416653482},
	doi = {10.1177/1527476416653482},
	number = {2},
	urldate = {2021-07-12},
	journal = {Television \& New Media},
	author = {Hargraves, Hunter},
	month = feb,
	year = {2017},
	pages = {114-130},
}
@inproceedings{jumiskopyykko2008,
	address = {Amsterdam, The Netherlands},
	title = {Does context matter in quality evaluation of mobile television?},
	url = {http://portal.acm.org/citation.cfm?doid=1409240.1409248},
	doi = {10.1145/1409240.1409248},
	urldate = {2021-07-12},
	booktitle = {Proceedings of the 10th international conference on {Human} computer interaction with mobile devices and services - {MobileHCI} '08},
	publisher = {ACM Press},
	author = {Jumisko-Pyykkö, Satu and Hannuksela, Miska M.},
	year = {2008},
	pages = {63-72},
}
@inproceedings{jumiskopyykko2006,
	address = {Scottsdale, USA},
	title = {The {Role} of {Audiovisual} {Quality} in {Mobile} {Television}},
	booktitle = {Proceedings of {Second} {International} {Workshop} in {Video} {Processing} and {Quality} {Metrics} for {Consumer} {Electronics}},
	author = {Jumisko-Pyykkö, Satu and Vaananem-Vainio-Mattila, Kaisa},
	year = {2006},
}
@inproceedings{lochrie2012,
	address = {Berlin, Germany},
	title = {Sharing the viewing experience through second screens},
	url = {http://dl.acm.org/citation.cfm?doid=2325616.2325655},
	doi = {10.1145/2325616.2325655},
	urldate = {2021-07-12},
	booktitle = {Proceedings of the 10th {European} conference on {Interactive} tv and video - {EuroiTV} '12},
	publisher = {ACM Press},
	author = {Lochrie, Mark and Coulton, Paul},
	year = {2012},
	pages = {199-202},
}
@article{lugmayr2017,
	title = {Serious storytelling – a first definition and review},
	volume = {76},
	url = {http://link.springer.com/10.1007/s11042-016-3865-5},
	doi = {10.1007/s11042-016-3865-5},
	number = {14},
	urldate = {2021-07-12},
	journal = {Multimedia Tools and Applications},
	author = {Lugmayr, Artur and Sutinen, Erkki and Suhonen, Jarkko and Sedano, Carolina Islas and Hlavacs, Helmut and Montero, Calkin Suero},
	month = jul,
	year = {2017},
	pages = {15707-15733},
}
@article{mendiz-noguero2011,
	title = {Young {People}’s {Attitudes} towards and {Evaluations} of {Mobile} {TV}},
	volume = {18},
	url = {http://www.revistacomunicar.com/index.php?contenido=detalles&numero=36&articulo=36-2011-10},
	doi = {10.3916/C36-2011-02-08},
	number = {36},
	urldate = {2021-07-12},
	journal = {Comunicar},
	author = {Méndiz-Noguero, Alfonso and De Aguilera-Moyano, Miguel and Borges-Rey, Eddy},
	month = mar,
	year = {2011},
	pages = {77-85},
}
@article{mittell2017,
	title = {All in the game:" {The} {Wire}", narración seriada y la lógica del procedimental},
	number = {24},
	journal = {L'Atalante: revista de estudios cinematográficos},
	author = {Mittell, Jason},
	year = {2017},
	pages = {13-25},
}
@article{monaghan2017,
	title = {\textit{{Starting} {From} … {Now}} and the web series to television crossover: an online revolution?},
	volume = {164},
	url = {http://journals.sagepub.com/doi/10.1177/1329878X17708842},
	doi = {10.1177/1329878X17708842},
	number = {1},
	urldate = {2021-07-12},
	journal = {Media International Australia},
	author = {Monaghan, Whitney},
	month = aug,
	year = {2017},
	pages = {82-91},
}
@article{orgad2009,
	title = {Mobile {TV}: {Old} and {New} in the {Construction} of an {Emergent} {Technology}},
	volume = {15},
	url = {http://journals.sagepub.com/doi/10.1177/1354856508101583},
	doi = {10.1177/1354856508101583},
	number = {2},
	urldate = {2021-07-13},
	journal = {Convergence: The International Journal of Research into New Media Technologies},
	author = {Orgad, Shani},
	month = may,
	year = {2009},
	pages = {197-214},
}
@article{phillippi-miranda2011,
	title = {Communicative {Empowerment}: {Narrative} {Skills} of the {Subjects}},
	volume = {18},
	url = {http://www.revistacomunicar.com/index.php?contenido=detalles&numero=36&articulo=36-2011-08},
	doi = {10.3916/C36-2011-02-06},
	number = {36},
	urldate = {2021-07-13},
	journal = {Comunicar},
	author = {Phillippi, Alejandra and Avendaño-Ruz, Claudio},
	month = mar,
	year = {2011},
	pages = {61-68},
}
@article{prario2007,
	title = {Mobile {Television} in {Italy}: {Value} {Chains} and {Business} {Models} of {Telecommunications} {Operators}},
	volume = {4},
	url = {http://www.tandfonline.com/doi/abs/10.1080/16522354.2007.11073443},
	doi = {10.1080/16522354.2007.11073443},
	number = {1},
	urldate = {2021-07-13},
	journal = {Journal of Media Business Studies},
	author = {Prario, Benedetta},
	month = mar,
	year = {2007},
	pages = {1-19},
}
@article{rayabravo2018,
	title = {La construcción de los perfiles adolescentes en las series de {Netflix} {Por} trece razones y {Atípico}},
	number = {37},
	journal = {Comunicación y medios},
	author = {Raya Bravo, Irene and Sánchez-Labella Martín, Inmaculada and Durán Manso, Valeriano},
	year = {2018},
	pages = {131-143},
}
@article{rincon2011,
	title = {Nuevas narrativas televisivas: relajar, entretener, contar, ciudadanizar, experimentar},
	number = {36},
	journal = {Comunicar},
	author = {Rincón, Omar},
	year = {2011},
	pages = {43-50},
}
@article{scolari2017,
	title = {El {Ministerio} {Transmedia}: expansiones narrativas y culturas participativas},
	volume = {20},
	url = {http://palabraclave.unisabana.edu.co/index.php/palabraclave/article/view/1008/pdf},
	doi = {10.5294/pacla.2017.20.4.7},
	number = {4},
	urldate = {2021-07-13},
	journal = {Palabra Clave - Revista de Comunicación},
	author = {Scolari, Carlos Alberto and Establés, María-José},
	month = oct,
	year = {2017},
	pages = {1008-1041},
}
@book{scolari2013,
	title = {Narrativas transmedia: cuando todos los medios cuentan},
	url = {https://www.overdrive.com/search?q=8B81D111-AD85-4DCB-B60F-1B36F028A3F1},
	urldate = {2021-07-13},
	author = {Scolari, Carlos Alberto},
	year = {2013},
}
@article{shim2017,
	title = {What makes us two-screen users? {The} effects of two-screen viewing motivation and psychological traits on social interactions},
	volume = {75},
	url = {https://linkinghub.elsevier.com/retrieve/pii/S074756321730331X},
	doi = {10.1016/j.chb.2017.05.019},
	urldate = {2021-07-13},
	journal = {Computers in Human Behavior},
	author = {Shim, Hongjin and Shin, Euikyung and Lim, Sohye},
	month = oct,
	year = {2017},
	pages = {339-346},
}
@article{su2015,
	title = {A mobile gamification learning system for improving the learning motivation and achievements: {A} mobile gamification learning system},
	volume = {31},
	url = {https://onlinelibrary.wiley.com/doi/10.1111/jcal.12088},
	doi = {10.1111/jcal.12088},
	number = {3},
	urldate = {2021-07-13},
	journal = {Journal of Computer Assisted Learning},
	author = {Su, C-H. and Cheng, C-H.},
	month = jun,
	year = {2015},
	pages = {268-286},
}
@article{tornero2019,
	title = {La sociedad multipantallas: retos para la alfabetización mediática},
	volume = {16},
	url = {http://hdl.handle.net/2117/171514},
	doi = {10.5821/jida.2019.8270},
	number = {31},
	urldate = {2021-07-13},
	journal = {Comunicar},
	author = {Tornero, José Manuel Pérez},
	month = nov,
	year = {2019},
	pages = {15-25},
}
@article{urban2007,
	title = {Mobile {Television}: {Is} {It} {Just} {A} {Hype} {Or} {A} {Real} {Consumer} {Need}?},
	volume = {1},
	url = {http://obsdev.addition.pt/index.php/obs/article/view/143},
	doi = {10.15847/obsOBS132007143},
	number = {3},
	urldate = {2021-07-13},
	journal = {Observatorio (OBS*)},
	author = {Urban, Agnes},
	year = {2007},
}
@article{varan2013,
	title = {What {Works} {Best} {When} {Combining} {Television} {Sets}, {PCs}, {Tablets}, or {Mobile} {Phones}?: {How} {Synergies} {Across} {Devices} {Result} {From} {Cross}-{Device} {Effects} and {Cross}-{Format} {Synergies}},
	volume = {53},
	url = {http://www.journalofadvertisingresearch.com/lookup/doi/10.2501/JAR-53-2-212-220},
	doi = {10.2501/JAR-53-2-212-220},
	number = {2},
	urldate = {2021-07-13},
	journal = {Journal of Advertising Research},
	author = {Varan, Duane and Murphy, Jamie and Hofacker, Charles F. and Robinson, Jennifer A. and Potter, Robert F. and Bellman, Steven},
	month = jun,
	year = {2013},
	pages = {212-220},
}
@article{wong2016,
	title = {Can mobile {TV} be a new revolution in the television industry?},
	volume = {55},
	url = {https://linkinghub.elsevier.com/retrieve/pii/S0747563215301990},
	doi = {10.1016/j.chb.2015.10.021},
	urldate = {2021-07-13},
	journal = {Computers in Human Behavior},
	author = {Wong, Choy-Har and Tan, Garry Wei-Han and Hew, Teck-Soon and Ooi, Keng-Boon},
	month = feb,
	year = {2016},
	pages = {764-776},
}
%MONTOYA BERMÚDEZ, Diego; GARCÍA GÓMEZ, Helena. Narrative Structure in Short and Serial Narrations for the web. Anagramas-Rumbos y sentidos de la comunicación, vol. 15, no 29, p. 103-118. 2016.
@article{montoyabermudez2016,
	title = {{Narrative Structure in Short and Serial Narrations for the web}},
	volume = {15},
	number = {29},
	journal = {Anagramas-Rumbos y sentidos de la comunicación},
	author = {Montoya Bermúdez, Diego and Gárcia Gómez, Helena},
	year = {2016},
	pages = {103-118},
}
%MORANTE, Fernando Morales. Migración hacia nuevas pantallas: transformaciones estéticas, narrativas en los productos de ficción para telefonía móvil y dispositivos personales en España. Observatorio (OBS*), vol. 5, no 1, p. 103-121. 2011.
@article{morante2011,
	title = {Migración hacia nuevas pantallas: transformaciones estéticas, narrativas en los productos de ficción para telefonía móvil y dispositivos personales en {España}},
	volume = {5},
	number = {1},
	journal = {Observatorio (OBS*)},
	author = {Morante, Fernando Morales},
	year = {2011},
	pages = {103-121},
}
%SÁEZ BAEZA, Chiara. Series para móviles y series por internet: el lenguaje de las nuevas pantallas y su aterrizaje en la televisión española. En Comunicación y desarrollo en la era digital. Congreso AE-IC 3, 4 y 5 de febrero de 2010. p. 291. 2010
@inproceedings{saez2010,
	title = {Series para móviles y series por internet: el lenguaje de las nuevas pantallas y su aterrizaje en la televisión española},
	booktitle = {Comunicación y desarrollo en la era digital},
	organization = {Congreso AE-IC 3, 4 y 5 de febrero de 2010},
	author = {Sáez Baeza, Chiara},
	year = {2010}
}

%ROJAS, Edwin. Dispositivos móviles y el audiovisual social. Comunicación, no 30, p. 111-116. 2013.
@article{rojas2013,
	title = {Dispositivos móviles y el audiovisual social},
	number = {30},
	journal = {Comunicación},
	author = {Santofimio, Edwin Rojas},
	year = {2013},
	pages = {111-116},
}

@misc{maldonadomartinez2017,
author = {Maldonado Martínez, Ángeles and Aguillo, Isidro F. and Ortega Priego, José Luis},
year = 2017,
uri = {http://hdl.handle.net/10261/150677},
title = {{Información y evaluación científica: nuevas plataformas (Google Scholar y ResearchGate) y métricas alternativas"}},
}
@article{feijoo2010,
	title = {Media in mobile internet: {The} still unsuccessful case of television},
	volume = {19},
	url = {https://www.scipedia.com/public/Feijoo_et_al_2010a},
	doi = {10.3145/epi.2010.nov.10},
	number = {4},
	urldate = {2021-07-19},
	author = {Feijóo, Claudio and Gómez-Barroso, José-Luis and Ramos-Villaverde, Sergio},
	month = jan,
	year = {2010},
}
@article{galindo2015,
	title = {Análisis {De} {La} {Eficacia} {De} {Una} {Metodología} {Didáctica} {Basada} {En} {El} {Uso} {De} {Smartphones} {Con} {Estudiantes} {De} {Comunicación}},
	url = {https://www.redalyc.org/articulo.oa?id=353744533001},
	number = {15},
	urldate = {2021-07-19},
	journal = {Prisma Social},
	author = {Galindo, Fernando and Carballo, Fernando Suárez and Román, Juan Ramón Martín San},
	year = {2015},
	pages = {1-33},
}
@article{alonso2015,
	title = {Producción audiovisual integrada: “{Morning} {Glory}” y “{Ciega} a citas”},
	url = {https://institucional.us.es/revistas/anduli/14/8_art_alonso_Gonzalez.pdf},
	doi = {10.12795/anduli.2015.i14.08},
	number = {14},
	urldate = {2021-07-19},
	journal = {Anduli},
	author = {Alonso , Marian},
	year = {2015},
	pages = {135-150},
}
@article{martinezcarazo2006,
	title = {El método de estudio de caso: estrategia metodológica de la investigación científica},
	url = {https://www.redalyc.org/articulo.oa?id=64602005},
	number = {20},
	urldate = {2021-07-19},
	journal = {Pensamiento \& Gestión},
	author = {Martínez Carazo, Piedad Cristina},
	year = {2006},
	pages = {165-193},
}
%GÓMEZ-AGUILAR, Antonio; MARTÍNEZ-GARCÍA, María-de-los-Ángeles. La educación en móvil1(idad). Comunicar, vol. 16 (31), 699-708. 2007.
@article{gomez2007,
	title = {La educación en móvil1(idad)},
	volume = {16},
	number = {31},
	journal = {Comunicar},
	author = {Gómez-Aguilar, Antonio and Martínez-García, María-de-los-Ángeles},
	year = {2007},
	pages = {699-708},
}

@misc{jenkins2003,
	title = {Transmedia storytelling. {Moving} characters from books to films to video games can make them stronger and more compelling},
	url = {https://www.technologyreview.com/2003/01/15/234540/transmedia-storytelling/},
	urldate = {2021-07-23},
	journal = {MIT Technology Review},
	author = {Jenkins, Henry},
	year = {2003},
}
@article{tamayofernandez2011,
	title = {An architecture for design and planning of mobile television networks},
	volume = {9},
	url = {http://www.jart.icat.unam.mx/index.php/jart/article/view/423},
	doi = {10.22201/icat.16656423.2011.9.03.423},
	number = {03},
	urldate = {2021-07-23},
	journal = {Journal of Applied Research and Technology},
	author = {Tamayo-Fernández, R. and Mendoza-Valencia, P. J. and Serrano-Santoyo, A.},
	month = dec,
	year = {2011},
	pages = {277-290},
}