@InProceedings{bedjaoui2016,
 author = {W. Bedjaoui},
 title = {L\'{} op\'{e}ration traduisante \`{a} l\'{}\`{e}re du num\'{e}rique.},
 booktitle = {Les outils de la traduction \`{a} l\'{}or\'{e}e du XXI si\`{e}cle : quels perspectives.},
 organization = {Conférence \`{a} l\'{}Institut Arabe Sup\'{e}rieur de Traduction (ISAT)},
 year = {2016}
}

@Article{chidi2005,
 author = {Chidi Nnamdi Igwe},
 title = {La traduction automatique par opposition \`{a} la th\'{e}orie interpr\'{e}tative},
 journal = {Translation Journal},
 volume = {9},
 number = {4},
 year = {2005},
 pages = {1--16}
}

@article{Dancette1989,
  doi = {10.7202/037048ar},
  url = {https://doi.org/10.7202/037048ar},
  year = {1989},
  publisher = {Consortium Erudit},
  volume = {2},
  number = {2},
  pages = {83},
  author = {Jeanne Dancette},
  title = {La faute de sens en traduction},
  journal = {{TTR} : traduction,  terminologie,  r{\'{e}}daction}
}

@Misc{deneufbourg2019,
author = {Guillaume Deneufbourg},
title = {Post-édition de traduction automatique : se méfier des apparences},
howpublished = {on line},
url = {http://www.ata-divisions.org/FLD/index.php/tag/guillaume-deneufbourg/},
urldate = {2020-06-02},
year = {2019}
}

@Misc{husseini2014,
author = {Dima El Husseini},
title = {La traduction assistée par ordinateur dans le contexte égyptien},
howpublished = {on line},
url = {http://lodel.irevues.inist.fr/tralogy/},
urldate = {2020-09-16},
year = {2014}
}

@Misc{euronews2016,
author = {EURONEWS},
title = {La lente progression de la langue arabe sur internet},
howpublished = {on line},
url = {https://fr.euronews.com/2016/03/15/la-lente-progression-de-la-langue-arabe-sur-internet},
urldate = {2020-09-16},
year = {2016}
}

@Misc{gaudiaut2019,
author = {Tristan Gaudiaut},
title = {L'opposition de deux univers linguistiques : Internet vs. IRL},
howpublished = {in: Statista},
url = {https://fr.statista.com/infographie/14919/langues-les-plus-parlees-vs-langues-utilisees-sites-web/},
urldate = {2020-09-16},
year = {2019}
}

@Misc{hoffenberg2010,
author = {Théo Hoffenberg},
title = {Reverso compte sur la participation des internautes pour se développer},
howpublished = {on line},
url = {https://www.journaldunet.com/ebusiness/le-net/1071807-reverso-compte-sur-la-participation-des-internautes-pour-se-developper/},
urldate = {2019-12-20},
year = {2010}
}

@Article{idir2019,
author = {Nacéra Idir},
title = {Traduire à L’ère Des Ntics:  De La Traduction à La Traductique},
journal = {\textlang{arabic}{ الممارسات اللّغويّ}},
year = {2019},
volume = {22},
number = {5},
pages = {20--25}
}

@article{lahlou2016,
 year={2016},
 issn={2353-0073},
 journal={\textlang{arabic}{في الترجمة}},
 volume={3},
 number={1},
 doi={},
 title={La traductique à l’épreuve de la didactique: un témoignage sur l’efficacité d’un outil de traduction en ligne: L’exemple de Reverso Context (français-arabe)},
 url={https://www.asjp.cerist.dz/en/article/5538},
 publisher= {www.asjp.cerist.dz},
 keywords={Machine Translation, Translation Didactics, Reverse Context, Training},
 author={ Hassina Lahlou, },
 pages={194--200},
 language={Fr}
}

@article{loock2016,
  doi = {10.4000/ilcea.3835},
  url = {https://doi.org/10.4000/ilcea.3835},
  year = {2016},
  month = nov,
  publisher = {{OpenEdition}},
  number = {27},
  author = {Rudy Loock},
  title = {L'utilisation des corpus {\'{e}}lectroniques chez le traducteur professionnel~: quand~? comment~? pour quoi faire~?},
  journal = {{ILCEA}}
}

@article{loock2017,
  doi = {10.4000/traduire.939},
  url = {https://doi.org/10.4000/traduire.939},
  year = {2017},
  month = dec,
  publisher = {{OpenEdition}},
  number = {237},
  pages = {23--32},
  author = {Rudy Loock},
  title = {Web,  corpus,  traduction~: l'exploitation par les traducteurs des donn{\'{e}}es du web},
  journal = {Traduire}
}

@article{loock2019,
  doi = {10.4000/traduire.1848},
  url = {https://doi.org/10.4000/traduire.1848},
  year = {2019},
  month = dec,
  publisher = {{OpenEdition}},
  number = {241},
  pages = {54--65},
  author = {Rudy Loock},
  title = {La plus-value de la biotraduction face {\`{a}} la machine},
  journal = {Traduire}
}

@article{ntakirutimana2007,
  doi = {10.26522/vp.v4i1.502},
  url = {https://doi.org/10.26522/vp.v4i1.502},
  year = {2007},
  month = jul,
  publisher = {Brock University Library},
  volume = {4},
  number = {1},
  author = {Jean Ntakirutimana},
  title = {Traitement de l'ambiguït{\'{e}} dans les logiciels de traduction automatique en ligne},
  journal = {Voix Plurielles}
}

@MastersThesis{yen2013,
  title={{\'E}valuation de la production de quatre syst{\`e}mes traduction automatique},
  author={Christine Yen},
  year={2013},
  school={Dalhousie University}
}
