@book{agencia_nacional_de_evaluacion_de_la_calidad_y_acreditacion_titulos_2005,
    title         = {Libro Blanco de los T\'{\i}tulos de Grado en Comunicaci\'{o}n},
    author        = {{Agencia Nacional de Evaluaci\'{o}n de la Calidad y Acreditaci\'{o}n}},
    year          = {2005},
    url           = {https://www.aneca.es/documents/20123/63950/libroblanco\_comunicacion\_def.pdf/0c0517b1-d2bd-b726-123c-4b30a7c3be5e?t=1654601743040},
}

@article{falco_reconsiderando_2017,
    title         = {Reconsiderando las pr\'{a}cticas educativas: {TICs} en el proceso de ense\~{n}anza-aprendizaje / {RETHINKING} {EDUCATIONAL} {PRACTICES}: {ICTs} {IN} {THE} {TEACHING}-{LEARNING} {PROCESS}},
    shorttitle    = {Reconsiderando las pr\'{a}cticas educativas},
    author        = {Falco, Mariana},
    year          = {2017},
    journal       = {Tendencias Pedag\'{o}gicas},
    volume        = {29},
    number        = {2017},
    pages         = {59--76},
    doi           = {10.15366/tp2017.29.002},
    issn          = {19898614},
    url           = {https://revistas.uam.es/tendenciaspedagogicas/article/view/7084},
    urldate       = {2024-05-17},
}

@article{besalu-casademont_competencias_2017,
    title         = {Competencias m\'{a}s relevantes en los estudios de {Comunicaci\'{o}n} {Audiovisual}. {Las} percepciones de profesionales, docentes y estudiantes},
    author        = {Besal\'{u}-Casademont, Reinald and Schena, Jucinara and S\'{a}nchez-S\'{a}nchez, Cristina},
    year          = {2017},
    month         = dec,
    journal       = {Revista Latina de Comunicaci\'{o}n Social},
    number        = {72},
    pages         = {1536--1553},
    doi           = {10.4185/RLCS-2017-1233},
    issn          = {1138-5820},
    url           = {https://nuevaepoca.revistalatinacs.org/index.php/revista/article/view/635},
    urldate       = {2024-05-17},
    copyright     = {Derechos de autor 2021 Revista Latina de Comunicaci\'{o}n Social},
    keywords      = {Competencias, Comunicaci\'{o}n Audiovisual, Encuesta, Perfiles Profesionales, TIC},
}

@article{van_laar_relation_2017,
    title         = {The relation between 21st-century skills and digital skills: {A} systematic literature review},
    shorttitle    = {The relation between 21st-century skills and digital skills},
    author        = {Van Laar, Ester and Van Deursen, Alexander J.A.M. and Van Dijk, Jan A.G.M. and De Haan, Jos},
    year          = {2017},
    month         = jul,
    journal       = {Computers in Human Behavior},
    volume        = {72},
    pages         = {577--588},
    doi           = {10.1016/j.chb.2017.03.010},
    issn          = {07475632},
    url           = {https://linkinghub.elsevier.com/retrieve/pii/S0747563217301590},
    urldate       = {2024-05-17},
}

@book{hernandez_sampieri_metodologiinvestigacion_2018,
    title         = {Metodologi\'a de la investigacio\'n},
    author        = {Herna\'ndez Sampieri, Roberto and Ferna\'ndez Collado, Carlos and Baptista Lucio, Pilar},
    year          = {2018},
    publisher     = {McGraw-Hill Education},
    address       = {Me\'xico, D.F.},
    isbn          = {9781456223960},
    language      = {spa},
    keywords      = {Science Methodology, Social sciences Research Methodology},
}

@article{mejon_opiniones_2018,
    title         = {Opiniones y propuestas de los estudiantes de {Comunicaci\'{o}n} {Audiovisual} sobre los {SPOC}},
    author        = {Mej\'{o}n, Ana and Utray, Francisco and Rodr\'{\i}guez Mateos, David},
    year          = {2018},
    month         = jan,
    journal       = {RIED. Revista Iberoamericana de Educaci\'{o}n a Distancia},
    volume        = {21},
    number        = {2},
    pages         = {305},
    doi           = {10.5944/ried.21.2.19363},
    issn          = {1390-3306, 1138-2783},
    url           = {http://revistas.uned.es/index.php/ried/article/view/19363},
    urldate       = {2024-05-17},
}

@article{lopez-garcia_mobile_2019,
    title         = {Mobile journalism: {Systematic} literature review},
    shorttitle    = {Mobile journalism},
    author        = {L\'{o}pez-Garc\'{\i}a, Xos\'{e} and Silva-Rodr\'{\i}guez, Alba and Vizoso-Garc\'{\i}a, \'{A}ngel-Antonio and Westlund, Oscar and Canavilhas, Jo\~{a}o},
    year          = {2019},
    month         = apr,
    journal       = {Comunicar},
    volume        = {27},
    number        = {59},
    pages         = {9--18},
    doi           = {10.3916/C59-2019-01},
    issn          = {1134-3478, 1988-3293},
    url           = {https://www.revistacomunicar.com/index.php?contenido=detalles\&numero=59\&articulo=59-2019-01},
    urldate       = {2024-05-17},
}

@article{manfredi_sanchez_innovacion_2019,
    title         = {Innovaci\'{o}n period\'{\i}stica y sociedad digital: {Una} adaptaci\'{o}n de los estudios de {Periodismo}},
    author        = {Manfredi S\'{a}nchez, Jl and Ufarte Ruiz, Mj and Herranz De La Casa, Jm},
    year          = {2019},
    month         = oct,
    journal       = {Revista Latina de Comunicaci\'{o}n Social},
    number        = {74},
    pages         = {1633--1654},
    doi           = {https://doi.org/10.4185/rlcs-2019-1402},
}

@article{prestridge_categorising_2019,
    title         = {Categorising teachers' use of social media for their professional learning: {A} self-generating professional learning paradigm},
    shorttitle    = {Categorising teachers' use of social media for their professional learning},
    author        = {Prestridge, Sarah},
    year          = {2019},
    month         = feb,
    journal       = {Computers \& Education},
    volume        = {129},
    pages         = {143--158},
    doi           = {10.1016/j.compedu.2018.11.003},
    issn          = {03601315},
    url           = {https://linkinghub.elsevier.com/retrieve/pii/S0360131518303002},
    urldate       = {2024-05-17},
}

@article{alcala_del_olmo_fernandez_competencias_2020,
    title         = {Competencias digitales en el proceso formativo de futuros profesionales de la educaci\'{o}n},
    author        = {Alcal\'{a} Del Olmo Fern\'{a}ndez, Mar\'{\i}a Jos\'{e} and Santos Villalba, Mar\'{\i}a Jes\'{u}s and Leiva Olivencia, Juan Jos\'{e}},
    year          = {2020},
    month         = jan,
    journal       = {Revista d'Innovaci\'{o} Docent Universit\`{a}ria},
    pages         = {22--31},
    doi           = {10.1344/RIDU2020.12.3},
    issn          = {2013-2298, 2014-1319},
    url           = {http://revistes.ub.edu/index.php/RIDU/article/view/RIDU2020.12.3},
    urldate       = {2024-05-17},
}

@article{espinel_armas_tecnologien_2020,
    title         = {La tecnolog\'{\i}a en el aprendizaje del estudiantado de la {Facultad} de {Ciencias} {Qu\'{\i}micas}, {Universidad} {Central} del {Ecuador}},
    author        = {Espinel Armas, Elithsine E.},
    year          = {2020},
    month         = may,
    journal       = {Actualidades Investigativas en Educaci\'{o}n},
    volume        = {20},
    number        = {2},
    pages         = {1--39},
    doi           = {10.15517/aie.v20i2.41653},
    issn          = {1409-4703},
    url           = {https://revistas.ucr.ac.cr/index.php/aie/article/view/41653},
    urldate       = {2024-05-17},
}

@article{garcia-penalvo_evaluacion_2020,
    title         = {La evaluaci\'{o}n online en la educaci\'{o}n superior en tiempos de la {COVID}-19},
    author        = {Garc\'{\i}a-Pe\~{n}alvo, Francisco Jos\'{e} and Corell, Alfredo and Abella-Garc\'{\i}a, V\'{\i}ctor and Grande, Mario},
    year          = {2020},
    month         = may,
    journal       = {Education in the Knowledge Society (EKS)},
    volume        = {21},
    pages         = {26},
    doi           = {10.14201/eks.23086},
    issn          = {2444-8729},
    url           = {https://revistas.usal.es/index.php/eks/article/view/eks20202112},
    urldate       = {2024-05-17},
}

@article{granados_maguino_tecnologien_2020,
    title         = {Tecnolog\'{\i}a en el proceso educativo: nuevos escenarios},
    shorttitle    = {Tecnolog\'{\i}a en el proceso educativo},
    author        = {Granados Magui\~{n}o, Mauro Amaru and Romero Vela, Sonia Lidia and Rengifo Lozano, Ra\'{u}l Alberto and Garcia Mendocilla, Gino Fernando},
    year          = {2020},
    journal       = {Revista Venezolana de Gerencia},
    volume        = {25},
    number        = {92},
    pages         = {1809--1823},
    url           = {https://www.redalyc.org/journal/290/29065286032/html/},
    urldate       = {2024-05-17},
    keywords      = {Tecnolog\'{\i}a, proceso educativo, nuevos escenarios, Covid-19},
}

@article{padilla_aprendizaje_2020,
    title         = {Aprendizaje aut\'{o}nomo y plataformas digitales: el uso de tutoriales de {YouTube} de j\'{o}venes en {Ecuador}},
    shorttitle    = {Aprendizaje aut\'{o}nomo y plataformas digitales},
    author        = {Padilla, Edison J. and Portilla, Gladys I. and Torres, Manuel},
    year          = {2020},
    journal       = {Estudios pedag\'{o}gicos (Valdivia)},
    volume        = {46},
    number        = {2},
    pages         = {285--297},
    doi           = {10.4067/S0718-07052020000200285},
    issn          = {0718-0705},
    url           = {http://www.scielo.cl/scielo.php?script=sci\_arttext\&pid=S0718-07052020000200285\&lng=en\&nrm=iso\&tlng=en},
    urldate       = {2024-05-17},
}

@inproceedings{shao_spatio-temporal_2020,
    title         = {Spatio-temporal transformation and {Knowledge} {Dissemination}: {A} {Comparative} {Study} based on the communication effect of {Online} courses},
    shorttitle    = {Spatio-temporal transformation and {Knowledge} {Dissemination}},
    author        = {Shao, Peng and Tan, Rong and Yu, Han},
    year          = {2020},
    month         = dec,
    booktitle     = {2020 {IEEE}/{WIC}/{ACM} {International} {Joint} {Conference} on {Web} {Intelligence} and {Intelligent} {Agent} {Technology} ({WI}-{IAT})},
    publisher     = {IEEE},
    address       = {Melbourne, Australia},
    pages         = {784--790},
    doi           = {10.1109/WIIAT50758.2020.00121},
    isbn          = {9781665419246},
    url           = {https://ieeexplore.ieee.org/document/9457765/},
    urldate       = {2024-05-17},
    copyright     = {https://ieeexplore.ieee.org/Xplorehelp/downloads/license-information/IEEE.html},
}

@article{artiles_rodriguez_agente_2021,
    title         = {Agente conversacional virtual: la inteligencia artificial para el aprendizaje aut\'{o}nomo},
    shorttitle    = {Agente conversacional virtual},
    author        = {Artiles Rodr\'{\i}guez, Josu\'{e} and Guerra Santana, M\'{o}nica and Aguiar Perera, Victoria and Rodr\'{\i}guez Pulido, Josefa},
    year          = {2021},
    journal       = {Pixel-Bit, Revista de Medios y Educaci\'{o}n},
    number        = {62},
    pages         = {107--144},
    doi           = {10.12795/pixelbit.86171},
    issn          = {11338482, 21717966},
    url           = {https://institucional.us.es/revistas/PixelBit/62/04\_86171.pdf},
    urldate       = {2024-05-17},
}

@article{moliner_tecnologiy_2021,
    title         = {La tecnolog\'{\i}a y los nuevos empleos de futuro: del reto a la oportunidad},
    author        = {Moliner, Montse},
    year          = {2021},
    month         = oct,
    journal       = {Human Age Institute},
    url           = {https://humanageinstitute.org/la-tecnologia-y-los-nuevos-empleos-de-futuro-del-reto-a-la-oportunidad/},
    urldate       = {2024-05-17},
}

@article{suryawan_development_2021,
    title         = {Development of {Flipped} {Classroom} {Learning} {Combined} with {Google} {Classroom} and {Video} {Conference} to {Improve} {Students}' {Learning} {Independent} and {Mathematics} {Learning} {Outcomes}},
    author        = {Suryawan, I. Putu Pasek and Pratiwi, Kadek Ayu Mutiara and Suharta, I. Gusti Putu},
    year          = {2021},
    month         = oct,
    journal       = {Journal of Education Technology},
    volume        = {5},
    number        = {3},
    pages         = {375--384},
    doi           = {10.23887/jet.v5i3.34466},
    issn          = {2549-8290},
    url           = {https://ejournal.undiksha.ac.id/index.php/JET/article/view/34466},
    urldate       = {2024-05-17},
    copyright     = {Copyright (c) 2021 Journal of Education Technology},
    keywords      = {Flipped Classroom, Google Classroom, Video Conference, Independent Learning, Mathematics Learning Outcomes},
}

@article{pastor-rodriguez_pildoras_2022,
    title         = {P\'{\i}ldoras de conocimiento: evaluaci\'{o}n de los v\'{\i}deos docentes para el autoaprendizaje en el contexto universitario},
    shorttitle    = {P\'{\i}ldoras de conocimiento},
    author        = {Pastor-Rodr\'{\i}guez, Ana and Mart\'{\i}n-Garc\'{\i}a, Noem\'{\i} and De Frutos Torres, Belinda and \'{A}vila Rodr\'{\i}guez-de-Mier, Bel\'{e}n},
    year          = {2022},
    month         = jul,
    journal       = {Doxa Comunicaci\'{o}n. Revista Interdisciplinar de Estudios de Comunicaci\'{o}n y Ciencias Sociales},
    pages         = {261--279},
    doi           = {10.31921/doxacom.n35a1538},
    issn          = {2386-3978, 1696-019X},
    url           = {https://revistascientificas.uspceu.com/doxacomunicacion/article/view/1538},
    urldate       = {2024-05-17},
}

@book{sucasaire_pilco_orientaciones_2022,
    title         = {Orientaciones para la selecci\'{o}n y el c\'{a}lculo del tama\~{n}o de la muestra de investigaci\'{o}n},
    author        = {Sucasaire Pilco, Jorge},
    year          = {2022},
    month         = mar,
    publisher     = {Sucasaire Pilco, Jorge},
    isbn          = {9786120075470},
    url           = {http://repositoriocti.concytec.gob.pe/handle/20.500.12390/3096},
    urldate       = {2024-05-17},
    copyright     = {info:eu-repo/semantics/openAccess},
}

@article{urcid_puga_autoaprendizaje_2022,
    title         = {Autoaprendizaje mediado por las {TIC}. {Estudio} de caso: alumnado de la maestr\'{\i}a en educaci\'{o}n},
    shorttitle    = {Autoaprendizaje mediado por las {TIC}. {Estudio} de caso},
    author        = {Urcid Puga, Rodrigo},
    year          = {2022},
    month         = mar,
    journal       = {Edutec. Revista Electr\'{o}nica de Tecnolog\'{\i}a Educativa},
    number        = {79},
    pages         = {272--286},
    doi           = {10.21556/edutec.2022.79.1993},
    issn          = {1135-9250},
    url           = {https://www.edutec.es/revista/index.php/edutec-e/article/view/1993},
    urldate       = {2024-05-17},
    copyright     = {http://creativecommons.org/licenses/by/4.0},
}

@article{medina-labrador_effects_2023,
    title         = {Effects of bias, gamification and monetary compensation on {MOOC} dropout},
    author        = {Medina-Labrador, Manuel and Garcia-Vargas, Gustavo Rene and Marroquin-Ciendua, Fernando},
    year          = {2023},
    month         = oct,
    journal       = {Turkish Online Journal of Distance Education},
    volume        = {24},
    number        = {4},
    pages         = {40--49},
    doi           = {10.17718/tojde.1188166},
    issn          = {1302-6488},
    url           = {http://dergipark.org.tr/en/doi/10.17718/tojde.1188166},
    urldate       = {2024-05-17},
}

@misc{pinats_autoaprendizaje:_2023,
    title         = {Autoaprendizaje: {La} clave para el \'{e}xito en la era digital.},
    author        = {Pi\~{n}ats, Waldo},
    year          = {2023},
    url           = {https://es.linkedin.com/pulse/autoaprendizaje-la-clave-para-el-\%C3\%A9xito-en-era-digital-pi\%C3\%B1ats-franco-rehee},
    urldate       = {2024-05-17},
}

@article{mesa_rave_escenarios_2023,
    title         = {Escenarios colaborativos de ense\~{n}anza-aprendizaje mediados por tecnolog\'{\i}a para propiciar interacciones comunicativas en la educaci\'{o}n superior},
    author        = {Mesa Rave, Nathalia and G\'{o}mez Mar\'{\i}n, Alexandra and Arango V\'{a}squez, Sandra Isabel},
    year          = {2023},
    month         = mar,
    journal       = {RIED-Revista Iberoamericana de Educaci\'{o}n a Distancia},
    volume        = {26},
    number        = {2},
    pages         = {259--282},
    doi           = {10.5944/ried.26.2.36241},
    issn          = {1390-3306, 1138-2783},
    url           = {https://revistas.uned.es/index.php/ried/article/view/36241},
    urldate       = {2024-05-24},
    copyright     = {https://creativecommons.org/licenses/by/4.0},
}
