@book{ricoeur_tiempo_1987,
    title         = {Tiempo y narraci\'{o}n. {I}: {Configuraci\'{o}n} del tiempo en el relato hist\'{o}rico},
    author        = {Ricoeur, Paul and Neira, Agust\'{\i}n and Palleiro, Carlos},
    year          = {1987},
    publisher     = {Siglo XXI editores},
    address       = {Coyoacan},
}

@article{abrahamson_storytelling_1998,
    title         = {Storytelling as a pedagogical tool in higher education},
    author        = {Abrahamson, Craig Eilert},
    year          = {1998},
    month         = mar,
    journal       = {Education},
    volume        = {118},
    number        = {3},
    pages         = {440--452},
    issn          = {00131172},
    url           = {https://go.gale.com/ps/i.do?p=AONE\&sw=w\&issn=00131172\&v=2.1\&it=r\&id=GALE\%7CA20494609\&sid=googleScholar\&linkaccess=abs},
    urldate       = {2022-11-03},
}

@misc{jenkins_transmedia_2003,
    title         = {Transmedia storytelling. {Moving} characters from books to films to video games can make them stronger and more compelling},
    author        = {Jenkins, Henry},
    year          = {2003},
    journal       = {MIT Technology Review},
    url           = {https://www.technologyreview.com/2003/01/15/234540/transmedia-storytelling/},
    urldate       = {2022-11-04},
    language      = {en},
}

@article{green_storytelling_2004,
    title         = {Storytelling in teaching},
    author        = {Green, Melanie C.},
    year          = {2004},
    journal       = {APS Observer},
    volume        = {17},
    number        = {4},
    pages         = {1--7},
}

@article{ohler_world_2006,
    title         = {The {World} of {Digital} {Storytelling}},
    author        = {Ohler, Jason},
    year          = {2006},
    journal       = {Educational Leadership},
    volume        = {63},
    number        = {4},
    pages         = {44--47},
    issn          = {0013-1784},
    url           = {https://www.learntechlib.org/p/98782/},
    urldate       = {2022-11-04},
    language      = {e},
}

@misc{parlamento_europeo_y_consejo_recomendacion_2006,
    title         = {Recomendaci\'{o}n 2006/962/ {CE} de 18 de diciembre de 2006 del {Parlamento} {Europeo} y del {Consejo} sobre las competencias clave para el aprendizaje permanente},
    author        = {{Parlamento Europeo Y Consejo}},
    year          = {2006},
    url           = {https://eur-lex.europa.eu/LexUriServ/LexUriServ.do?uri=OJ:L:2006:394:0010:0018:ES:PDF},
    urldate       = {2022-11-04},
}

@article{coulter_storytelling_2007,
    title         = {Storytelling as {Pedagogy}: {An} {Unexpected} {Outcome} of {Narrative} {Inquiry}},
    author        = {Coulter, Cathy and Michael, Charles and Poynor, Leslie},
    year          = {2007},
    month         = jun,
    journal       = {Curriculum Inquiry},
    volume        = {37},
    number        = {2},
    pages         = {103--122},
    doi           = {10.1111/j.1467-873X.2007.00375.x},
    issn          = {0362-6784, 1467-873X},
    url           = {http://www.tandfonline.com/doi/full/10.1111/j.1467-873X.2007.00375.x},
    urldate       = {2022-11-03},
}

@book{nunez_sera_2007,
    title         = {Sera mejor que lo cuentes/ {Storytelling}: {Los} relatos como herramientas de comunicacion/ {The} {Stories} as {Communication} {Tools}},
    author        = {N\'{u}\~{n}ez, Antonio},
    year          = {2007},
    publisher     = {Empresa Activa},
    address       = {Barcelona},
    isbn          = {9788496627307},
}

@article{robin_digital_2008,
    title         = {Digital {Storytelling}: {A} {Powerful} {Technology} {Tool} for the 21st {Century} {Classroom}},
    author        = {Robin, Bernard R.},
    year          = {2008},
    month         = jul,
    journal       = {Theory Into Practice},
    volume        = {47},
    number        = {3},
    pages         = {220--228},
    doi           = {10.1080/00405840802153916},
    issn          = {0040-5841, 1543-0421},
    url           = {http://www.tandfonline.com/doi/abs/10.1080/00405840802153916},
    urldate       = {2022-11-04},
}

@article{sadik_digital_2008,
    title         = {Digital storytelling: a meaningful technology-integrated approach for engaged student learning},
    author        = {Sadik, Alaa},
    year          = {2008},
    month         = aug,
    journal       = {Educational Technology Research and Development},
    volume        = {56},
    number        = {4},
    pages         = {487--506},
    doi           = {10.1007/s11423-008-9091-8},
    issn          = {1042-1629, 1556-6501},
    url           = {http://link.springer.com/10.1007/s11423-008-9091-8},
    urldate       = {2022-11-04},
}

@book{salmon_storytelling:_2008,
    title         = {Storytelling: {La} m\'{a}quina de fabricar historias y formatear las mentes},
    shorttitle    = {Storytelling},
    author        = {Salmon, Christian},
    year          = {2008},
    publisher     = {Ediciones Pen\'{\i}nsula},
    address       = {Barcelona},
    isbn          = {9788483078358},
}

@article{bautista-garcia-vera_audiovisual_2009,
    title         = {Audiovisual {Narrations} {Based} on {Intercultural} {Relationships} in {Education}},
    author        = {Bautista-Garc\'{\i}a-Vera, Antonio},
    year          = {2009},
    month         = oct,
    journal       = {Comunicar},
    volume        = {17},
    number        = {33},
    pages         = {149--156},
    doi           = {10.3916/c33-2009-03-006},
    issn          = {1134-3478, 1988-3293},
    url           = {https://www.revistacomunicar.com/index.php?contenido=detalles\&numero=33\&articulo=33-2009-18},
    urldate       = {2022-11-03},
}

@incollection{garcia_montero_aportaciones_2009,
    title         = {Aportaciones de la gesti\'{o}n emocional a la comunicaci\'{o}n interna},
    author        = {Garc\'{\i}a Montero, Eva},
    year          = {2009},
    booktitle     = {Las relaciones p\'{u}blicas en la gesti\'{o}n de la comunicaci\'{o}n interna},
    publisher     = {Asociaci\'{o}n de Investigadores en Relaciones P\'{u}blicas},
    address       = {Alicante},
    pages         = {97--106},
    editor        = {Carret\'{o}n-Ballester, M. Carmen and Ramos-Soler, Irene},
}

@inproceedings{gill_building_2009,
    title         = {Building {Employee} {Engagement} and {Reputation} through {Storytelling}},
    author        = {Gill, Rob},
    year          = {2009},
    booktitle     = {Communication, creativity and global citizenship: {Refereed} {Proceedings} of the {Australian} and {New} {Zealand} {Communication} {Association} {Conference}},
    publisher     = {Australian and New Zealand Communication Association (ANZCA)},
    address       = {Brisbane},
    pages         = {1057--1075},
    url           = {https://researchbank.swinburne.edu.au/items/2c00ce0a-a585-4136-8d8a-4099c363192d/1/},
    urldate       = {2022-11-03},
}

@article{illera_relatos_2009,
    title         = {Los relatos digitales y su inter\'{e}s educativo},
    author        = {Illera, Jos\'{e} Luis Rodr\'{\i}guez and Monroy, Gloria Londo\~{n}o},
    year          = {2009},
    journal       = {EFT: Educa\c{c}\~{a}o, Forma\c{c}\~{a}o \& Tecnologias},
    volume        = {2},
    number        = {1},
    pages         = {5--18},
    issn          = {1646-933X},
    url           = {https://dialnet.unirioja.es/servlet/articulo?codigo=3047308},
    urldate       = {2022-03-04},
    language      = {spa},
}

@book{fog_storytelling_2010,
    title         = {Storytelling},
    author        = {Fog, Klaus and Budtz, Christian and Munch, Philip and Blanchette, Stephen},
    year          = {2010},
    publisher     = {Springer Berlin Heidelberg},
    address       = {Berlin, Heidelberg},
    doi           = {10.1007/978-3-540-88349-4},
    isbn          = {9783540883487 9783540883494},
    url           = {http://link.springer.com/10.1007/978-3-540-88349-4},
    urldate       = {2022-11-22},
}

@inproceedings{calvani_digital_2010,
    title         = {Digital {Competence} {In} {K}-12. {Theoretical} {Models}, {Assessment} {Tools} and {Empirical} {Research}},
    author        = {Calvani, Antonio and Fini, Antonio and Ranieri, Maria},
    year          = {2010},
    booktitle     = {An\`{a}lisi: {Quaderns} de {Comunicaci\'{o}} i {Cultura}},
    publisher     = {Association for the Advancement of Computing in Education (AACE)},
    pages         = {539--548},
    isbn          = {9781880094891},
    url           = {https://ddd.uab.cat/pub/analisi/02112175n40/02112175n40p157.pdf},
    urldate       = {2022-11-03},
}

@article{gomez_palacio_strategies_2010,
    title         = {Strategies to {Help} {ESL} {Students} {Improve} their {Communicative} {Competence} and {Class} {Participation}: {A} {Study} in a {Middle} {School}},
    shorttitle    = {Strategies to {Help} {ESL} {Students} {Improve} their {Communicative} {Competence} and {Class} {Participation}},
    author        = {G\'{o}mez Palacio, Claudia},
    year          = {2010},
    month         = dec,
    journal       = {HOW Journal},
    volume        = {17},
    number        = {1},
    pages         = {73--89},
    issn          = {0120-5927},
    url           = {https://howjournalcolombia.org/index.php/how/article/view/66},
    urldate       = {2022-11-03},
    copyright     = {Copyright (c) 2014 Claudia G\'{o}mez Palacio},
    keywords      = {Class participation, communicative strategies, information gap exercises, role playing, social strategies and reading strategies, storytelling},
}

@article{dreon_digital_2011,
    title         = {Digital {Storytelling}: {A} {Tool} for {Teaching} and {Learning} in the {YouTube} {Generation}},
    author        = {Dreon, Oliver and Kerper, Richard M. and Landis, Jon},
    year          = {2011},
    month         = may,
    journal       = {Middle School Journal},
    volume        = {42},
    number        = {5},
    pages         = {4--10},
    doi           = {10.1080/00940771.2011.11461777},
    issn          = {0094-0771, 2327-6223},
    url           = {http://www.tandfonline.com/doi/full/10.1080/00940771.2011.11461777},
    urldate       = {2022-11-03},
}

@book{keysers_empathic_2011,
    title         = {The {Empathic} {Brain}: {How} the discovery of mirror neurons changes our understanding of human nature},
    author        = {Keysers, Christian},
    year          = {2011},
    publisher     = {Social Brain Press},
    address       = {Amsterdam},
}

@book{pratten_getting_2011,
    title         = {Getting {Started} in {Transmedia} {Storytelling}: {A} {Practical} {Guide} for {Beginners} 2nd {Edition}},
    author        = {Pratten, Robert},
    year          = {2011},
    publisher     = {Createspace Independent Publishing Platform},
    address       = {North Charleston, South Carolina},
}

@article{gregori-signes_digital_2012,
    title         = {Digital storytelling as a genre of mediatized self-representations: an introduction},
    author        = {Gregori-Signes, Carmen and Pennock-Speck, Barry},
    year          = {2012},
    month         = dec,
    journal       = {Digital Education Review},
    volume        = {22},
    pages         = {1--8},
    doi           = {10.1344/der.2012.22.\%p},
    issn          = {2013-9144},
    url           = {https://revistes.ub.edu/index.php/der/article/view/11291},
    urldate       = {2022-11-03},
    copyright     = {Copyright (c)},
}

@article{hatlevik_digital_2013,
    title         = {Digital competence at the beginning of upper secondary school: {Identifying} factors explaining digital inclusion},
    author        = {Hatlevik, Ove Edvard and Christophersen, Knut-Andreas},
    year          = {2013},
    month         = apr,
    journal       = {Computers \& Education},
    volume        = {63},
    pages         = {240--247},
    doi           = {10.1016/j.compedu.2012.11.015},
    issn          = {03601315},
    url           = {https://linkinghub.elsevier.com/retrieve/pii/S0360131512002801},
    urldate       = {2022-11-03},
}

@book{lambert_digital_2013,
    title         = {Digital {Storytelling}: {Capturing} {Lives}, {Creating} {Community}},
    author        = {Lambert, Joe and Hessler, Brooke},
    year          = {2013},
    publisher     = {Routledge},
    address       = {Londres},
}

@article{lopez-hermida_nuevas_2013,
    title         = {Nuevas narrativas en {Comunicaci\'{o}n} de {Salud}: {El} storytelling y la conquista emocional del paciente},
    author        = {L\'{o}pez-Hermida, Alberto Pedro and Ibieta Illanes, Nicol\'{a}s},
    year          = {2013},
    month         = dec,
    journal       = {Anuario Electr\'{o}nico de Estudios en Comunicaci\'{o}n Social "Disertaciones"},
    volume        = {6},
    number        = {2},
    pages         = {47--71},
    issn          = {1856-9536},
    url           = {https://revistas.urosario.edu.co/index.php/disertaciones},
    urldate       = {2022-11-04},
    copyright     = {Derechos de autor 2016 Anuario electr\'{o}nico de estudios en Comunicaci\'{o}n Social "Disertaciones"},
    keywords      = {Cl\'{\i}nica Mayo},
}

@phdthesis{lopez_tangarife_desarrollo_2013,
    title         = {Desarrollo de habilidades b\'{a}sicas de lectura y escucha en estudiantes de segundo grado a trav\'{e}s de {Storytelling}},
    author        = {L\'{o}pez Tangarife, Angela Y.},
    year          = {2013},
    month         = nov,
    address       = {Manizales, Colombia},
    url           = {https://ridum.umanizales.edu.co/xmlui/handle/20.500.12746/951},
    urldate       = {2022-11-04},
    type          = {Tesis de {Grado}},
    school        = {Universidad de Manizales},
}

@inproceedings{perez_storytelling_2013,
    title         = {Storytelling para construir contenidos educativos. {Dos} casos de \'{e}xito},
    author        = {P\'{e}rez, Henry E},
    year          = {2013},
    booktitle     = {{XIV} {Encuentro} {Internacional} {Virtual} {Educa} {Colombia}},
    publisher     = {Ministerio de Educaci\'{o}n Nacional de Colombia, Organizaci\'{o}n de los Estados Americanos y Virtual Educa},
    address       = {Medell\'{\i}n},
}

@book{scolari_narrativas_2013,
    title         = {Narrativas transmedia: {Cuando} todos los medios cuentan},
    author        = {Scolari, Carlos Alberto},
    year          = {2013},
    month         = jan,
    publisher     = {Deusto},
    address       = {Barcelona},
    isbn          = {9788423413362},
}

@article{abdel-hack_using_2014,
    title         = {Using digital storytelling and weblogs instruction to enhance {EFL} narrative writing and critical thinking skills among {EFL} majors at faculty of education},
    author        = {Abdel-Hack, Eman Mohamed and Helwa, Hasnaa Sabry Abdel-Hamid Ahmed},
    year          = {2014},
    journal       = {Educational Research},
    volume        = {5},
    number        = {1},
    pages         = {8--41},
    url           = {http://dx.doi.org/10.14303/er.2014.011},
    urldate       = {2021-12-15},
}

@article{abreu_metodo_2014,
    title         = {El m\'{e}todo de la investigaci\'{o}n},
    author        = {Abreu, Jose Luis},
    year          = {2014},
    journal       = {Daena: International Journal of Good Conscience},
    volume        = {9},
    number        = {3},
    pages         = {195--204},
    url           = {http://www.spentamexico.org/v9-n3/A17.9(3)195-204.pdf},
    urldate       = {2021-12-18},
}

@article{gomez-luna_metodologipara_2014,
    title         = {Metodolog\'{\i}a para la revisi\'{o}n bibliogr\'{a}fica y la gesti\'{o}n de informaci\'{o}n de temas cient\'{\i}ficos, a trav\'{e}s de su estructuraci\'{o}n y sistematizaci\'{o}n},
    author        = {G\'{o}mez-Luna, Eduardo and Fernando-Navas, Diego and Aponte-Mayor, Guillermo and Betancourt-Buitrago, Luis Andr\'{e}s},
    year          = {2014},
    journal       = {Dyna},
    volume        = {81},
    number        = {184},
    pages         = {158--163},
    issn          = {0012-7353, 2346-2183},
    url           = {https://www.redalyc.org/articulo.oa?id=49630405022},
    urldate       = {2022-11-03},
    keywords      = {Revisi\'{o}n bibliogr\'{a}fica, base de datos, vigilancia tecnol\'{o}gica, gestores de referencias, bibliometr\'{\i}a, Literature review, database, technology watch, bibliometric},
}

@article{krumsvik_teacher_2014,
    title         = {Teacher educators' digital competence},
    author        = {Krumsvik, Rune Johan},
    year          = {2014},
    month         = may,
    journal       = {Scandinavian Journal of Educational Research},
    volume        = {58},
    number        = {3},
    pages         = {269--280},
    doi           = {10.1080/00313831.2012.726273},
    issn          = {0031-3831, 1470-1170},
    url           = {http://www.tandfonline.com/doi/abs/10.1080/00313831.2012.726273},
    urldate       = {2022-11-04},
}

@book{seguel_ramos_brandstory:_2014,
    title         = {Brandstory: {Historias} que dejan marca},
    author        = {Seguel Ramos, Claudio},
    year          = {2014},
    publisher     = {Salesianos Impresores},
    address       = {Santiago de Chile},
}

@article{villalustre_martinez_digital_2014,
    title         = {"{Digital} storytelling": una nueva estrategia para narrar historias y adquirir competencias por parte de los futuros maestros},
    author        = {Villalustre Mart\'{\i}nez, Lourdes and Del Moral P\'{e}rez, M\textordfeminine{} Esther},
    year          = {2014},
    month         = jan,
    journal       = {Revista Complutense de Educaci\'{o}n},
    volume        = {25},
    number        = {1},
    pages         = {115--132},
    doi           = {10.5209/rev\_RCED.2014.v25.n1.41237},
    issn          = {1988-2793, 1130-2496},
    url           = {http://revistas.ucm.es/index.php/RCED/article/view/41237},
    urldate       = {2022-11-04},
}

@article{flanagan_how_2015,
    title         = {How does storytelling within higher education contribute to the learning experience of early years students?},
    author        = {Flanagan, Sarah},
    year          = {2015},
    journal       = {The Journal of Practice Teaching and Learning},
    volume        = {13},
    number        = {2-3},
    pages         = {162--184},
    doi           = {10.1921/jpts.v13i2-3.822},
    issn          = {1759-5150},
    url           = {https://journals.whitingbirch.net/index.php/JPTS/article/view/822},
    urldate       = {2022-11-03},
    copyright     = {Copyright (c) 2015 The Journal of Practice Teaching and Learning},
}

@article{galindo_rubio_alisis_2015,
    title         = {An\'{a}lisis {De} {La} {Eficacia} {De} {Una} {Metodolog\'{\i}a} {Did\'{a}ctica} {Basada} {En} {El} {Uso} {De} {Smartphones} {Con} {Estudiantes} {De} {Comunicaci\'{o}n}},
    author        = {Galindo Rubio, Fernando  and Su\'{a}rez Carballo, Fernando  and San Rom\'{a}n, Juan Ram\'{o}n Mart\'{\i}n},
    year          = {2015},
    journal       = {Prisma Social},
    number        = {15},
    pages         = {0--33},
    issn          = {1989-3469},
    url           = {https://www.redalyc.org/articulo.oa?id=353744533001},
    urldate       = {2022-11-03},
    keywords      = {Smartphones, TIC, Educaci\'{o}n, Comunicaci\'{o}n, Transmedia, Tecnolog\'{\i}a, Smartphones, TIC, Education, Communication, Transmedia, Tecnology},
}

@article{Herrero_claves_2015,
    title         = {Claves en la era de la pospublicidad. {El} storytelling y la narraci\'{o}n transmedi\'{a}ticas},
    author        = {Herrero Curiel, Eva},
    year          = {2015},
    journal       = {Telos: Cuadernos de comunicaci\'{o}n e innovaci\'{o}n},
    number        = {102 (Octubre-enero)},
    pages         = {130--135},
    issn          = {0213-084X},
    url           = {https://dialnet.unirioja.es/servlet/articulo?codigo=5253027},
    urldate       = {2022-11-04},
    language      = {spa},
}

@misc{ministerio_de_educacion_cultura_y_deporte_orden_2015,
    title         = {Orden {ECD}/65/2015, de 21 de enero, por la que se describen las relaciones entre las competencias, los contenidos y los criterios de evaluaci\'{o}n de la educaci\'{o}n primaria, la educaci\'{o}n secundaria obligatoria y el bachillerato},
    author        = {{Ministerio de Educaci\'{o}n, Cultura y Deporte}},
    year          = {2015},
    month         = jan,
    pages         = {6986--7003},
    url           = {https://www.boe.es/eli/es/o/2015/01/21/ecd65},
    urldate       = {2022-11-04},
    chapter       = {1},
}

@article{delgado-ballester_once_2016,
    title         = {``{Once} upon a brand'': {Storytelling} practices by {Spanish} brands},
    author        = {Delgado-Ballester, Elena and Fern\'{a}ndez-Sabiote, Estela},
    year          = {2016},
    month         = sep,
    journal       = {Spanish Journal of Marketing - ESIC},
    volume        = {20},
    number        = {2},
    pages         = {115--131},
    doi           = {10.1016/j.sjme.2016.06.001},
    issn          = {24449695},
    url           = {http://linkinghub.elsevier.com/retrieve/pii/S2444969516300051},
    urldate       = {2022-11-03},
}

@article{ferres_communication_2017,
    title         = {Communication efficiency in education: {Increasing} emotions and storytelling},
    author        = {Ferr\'{e}s, Joan and Masanet, Maria-Jose},
    year          = {2017},
    month         = jul,
    journal       = {Comunicar},
    volume        = {25},
    number        = {52},
    pages         = {51--60},
    doi           = {10.3916/C52-2017-05},
    issn          = {1134-3478, 1988-3293},
    url           = {https://www.revistacomunicar.com/index.php?contenido=detalles\&numero=52\&articulo=52-2017-05},
    urldate       = {2022-11-03},
}

@book{intef_marco_2017,
    title         = {Marco com\'{u}n de competencia digital docente},
    author        = {{INTEF}},
    year          = {2017},
    publisher     = {MECD},
    address       = {Madrid},
}

@article{lugmayr_serious_2017,
    title         = {Serious storytelling – a first definition and review},
    author        = {Lugmayr, Artur and Sutinen, Erkki and Suhonen, Jarkko and Sedano, Carolina Islas and Hlavacs, Helmut and Montero, Calkin Suero},
    year          = {2017},
    month         = jul,
    journal       = {Multimedia Tools and Applications},
    volume        = {76},
    number        = {14},
    pages         = {15707--15733},
    doi           = {10.1007/s11042-016-3865-5},
    issn          = {1380-7501, 1573-7721},
    url           = {http://link.springer.com/10.1007/s11042-016-3865-5},
    urldate       = {2022-11-04},
}

@article{rahimi_effects_2017,
    title         = {Effects of offline vs. online digital storytelling on the development of {EFL} learners' literacy skills},
    author        = {Rahimi, Mehrak and Yadollahi, Samaneh},
    year          = {2017},
    month         = jan,
    journal       = {Cogent Education},
    volume        = {4},
    number        = {1},
    pages         = {1285531},
    doi           = {10.1080/2331186X.2017.1285531},
    issn          = {2331-186X},
    url           = {https://www.tandfonline.com/doi/full/10.1080/2331186X.2017.1285531},
    urldate       = {2022-11-04},
    editor        = {Wang, Shuyan},
}

@book{reinsborough_re:_2017,
    title         = {Re: imagining {Change}: {How} to {Use} {Story}-{Based} {Strategy} to {Win} {Campaigns}, {Build} {Movements}, and {Change} the {World}},
    author        = {Reinsborough, Patrick and Canning, Doyle},
    year          = {2017},
    publisher     = {PM Press},
    address       = {Oakland, CA},
    isbn          = {9781629633848},
    edition       = {2nd Second Edition, Second ed.},
    language      = {Ingl\^{e}s},
}

@article{rosales_statkus_relato_2017,
    title         = {El relato digital (digital storytelling) como elemento narrativo en el \'{a}mbito educativo},
    author        = {Rosales Statkus, Saulius E. and Roig-Vila, Rosabel},
    year          = {2017},
    issn          = {1516-5477},
    url           = {http://rua.ua.es/dspace/handle/10045/58973},
    urldate       = {2022-11-04},
    copyright     = {\textcopyright{} dos autores},
    language      = {spa},
}

@phdthesis{vizcaino_alcantud_storytelling_2017,
    title         = {Del storytelling al storytelling publicitario: el papel de las marcas como contadoras de historias},
    author        = {Vizca\'{\i}no Alcantud, Pablo Javier},
    year          = {2017},
    month         = feb,
    url           = {https://e-archivo.uc3m.es/handle/10016/24104},
    urldate       = {2022-11-04},
    copyright     = {Atribuci\'{o}n-NoComercial-SinDerivadas 3.0 Espa\~{n}a},
    type          = {doctoral {Thesis}},
    school        = {Universidad Carlos III de Madrid},
}

@inproceedings{arenas_efecto_2018,
    title         = {Efecto del m\'{e}todo {Storytelling} and {Interactive} {Reading} en el desarrollo de destrezas ling\"{u}\'{\i}sticas de ingl\'{e}s en estudiantes de nivel primaria},
    author        = {Arenas, Edwin Idme},
    year          = {2018},
    booktitle     = {Libro de actas del {VII} {Congreso} {Nacional} de {Investigaci\'{o}n}},
    address       = {Universidad Peruana Uni\'{o}n},
}

@incollection{atamara-rojas_storytelling_2020,
    title         = {El storytelling corporativo y sus dimensiones: una aproximaci\'{o}n a las empresas con estructura narrativa},
    author        = {Atamara-Rojas, Tom\'{a}s},
    year          = {2018},
    booktitle     = {Storytelling corporativo y responsabilidad social corporativa: an\'{a}lisis del caso \guillemotleft{}{The} promise\guillemotright{} de {Volvo}},
    pages         = {124--133},
    editor        = {Vadiviezo-Abad, Cesibel and Atarama-Rojas, Tom\'{a}s and S\'{a}nchez, Carla M.},
}

@article{prieto_propostas_2018,
    title         = {Propostas pedag\'{o}gicas na {Educa\c{c}\~{a}o} {Infantil}: quest\~{o}es sobre o tempo, a leitura e a conta\c{c}\~{a}o de hist\'{o}rias {\textbar} {Educational} proposals in early childhood education: {Issues} on time, reading and storytelling},
    author        = {Prieto, Mariana Natal and Sampaio, Mariana and Lima, Elieuza Aparecida de},
    year          = {2018},
    month         = oct,
    journal       = {Revista de Educa\c{c}\~{a}o PUC-Campinas},
    volume        = {23},
    number        = {3},
    pages         = {439},
    doi           = {10.24220/2318-0870v23n3a3982},
    issn          = {2318-0870, 1519-3993},
    url           = {http://periodicos.puc-campinas.edu.br/seer/index.php/reveducacao/article/view/3982},
    urldate       = {2022-11-04},
}

@phdthesis{cedeno_damil_lectura_2019,
    title         = {La lectura y la {Narraci\'{o}n} de {Cuento}: {TPR} {Storytelling}, como {M\'{e}todo} de {Ense\~{n}anza} de {Competencia} en una {Segunda} {Lengua}, para dominar con rapidez, el {Ingl\'{e}s} {Conversacional} y complementar el {Aprendizaje} de este {Idioma} como {Segunda} {Lengua}: {Una} evaluaci\'{o}n realizada en la {Universidad} {Aut\'{o}noma} de {Chiriqu\'{\i}}. 2016-2018},
    author        = {Cede\~{n}o D\textasciiacute{}Amil, Melkisedek},
    year          = {2019},
    address       = {David, Panam\'{a}},
    type          = {Tesis {Doctoral}},
    school        = {Universidad Aut\'{o}noma de Chiriqu\'{\i}},
}

@article{ramos_villagrasa_storytelling:_2019,
    title         = {Storytelling: {Una} metodolog\'{\i}a de aprendizaje activo para la ense\~{n}anza de la {Psicolog\'{\i}a} {Social} en la {Educaci\'{o}n} {Superior}},
    author        = {Ramos Villagrasa, Pedro Jos\'{e} and Fern\'{a}ndez-Campo, Alba and Oliv\'{a}n Bl\'{a}zquez, Barbara and Fern\'{a}ndez del Rio, Elena and Berges Salda\~{n}a, Alfredo and Hern\'{a}ndez Alg\'{a}rate, Silvia and Huarte Balaguer, Sonia and Martin-Pe\~{n}a, Javier},
    year          = {2019},
    month         = jan,
    journal       = {Summa Psicol\'{o}gica},
    volume        = {16},
    number        = {1},
    doi           = {10.18774/0719-448x.2019.16.349},
    issn          = {0719-448X, 0718-0446},
    url           = {https://summapsicologica.cl/index.php/summa/article/view/349},
    urldate       = {2022-11-04},
}

@article{satriani_storytelling_2019,
    title         = {Storytelling in teaching literacy: {Benefits} and challenges},
    author        = {Satriani, Intan},
    year          = {2019},
    month         = dec,
    journal       = {English Review: Journal of English Education},
    volume        = {8},
    number        = {1},
    pages         = {113},
    doi           = {10.25134/erjee.v8i1.1924},
    issn          = {2541-3643, 2301-7554},
    url           = {https://journal.uniku.ac.id/index.php/ERJEE/article/view/1924},
    urldate       = {2022-11-04},
}

@incollection{perez_garcia_digital_2020,
    title         = {Del digital storytelling al mindfulness storytelling. {El} storytelling como recurso did\'{a}ctico},
    author        = {P\'{e}rez Garc\'{\i}a, \'{A}lvaro and Sacaluga Rodr\'{\i}guez, Ignacio and Vargas Delgado, Jos\'{e} J.},
    year          = {2020},
    booktitle     = {Docencia para el siglo {XXI}: {Avances} metodol\'{o}gicos y nuevas estrategias},
    publisher     = {Tirant Lo Blanch},
    address       = {Madrid},
    editor        = {Felipe Morales, Andrea and Cremades Garc\'{\i}a, Raul and Villanueva Roa, Juan D.},
}

@phdthesis{bonillapardotrasforma:2021,
    title         = {Trasforma: estrategia did\'{a}ctica, basada en storytelling digital para el fortalecimiento de la lectura cr\'{\i}tica, en estudiantes de educaci\'{o}n superior de la de la {Universidad} {Aut\'{o}noma} de {Occidente} de {Cali}},
    author        = {Bonilla Pardo, Julio Cesar},
    year          = {2021},
    address       = {Col\^{o}mbia},
    type          = {Tesis de maestr\'{\i}a},
    school        = {Universidad de La Sabana},
}

@article{barwasser_storytelling_2021,
    title         = {A {Storytelling} {Approach} on {Vocabulary}, {Reading}, and {Letter} {Sound} {Fluency} of {Struggling} {First} {Graders} {With} {German} as {Second} {Language} {With} and {Without} {Behavioral} {Problems}},
    author        = {Barwasser, Anne and Bracht, Janine and Gr\"{u}nke, Matthias},
    year          = {2021},
    month         = jul,
    journal       = {Frontiers in Psychology},
    volume        = {12},
    pages         = {683873},
    doi           = {10.3389/fpsyg.2021.683873},
    issn          = {1664-1078},
    url           = {https://www.frontiersin.org/articles/10.3389/fpsyg.2021.683873/full},
    urldate       = {2022-11-03},
}

@article{ferreira_motivating_2021,
    title         = {Motivating for reading through transmedia storytelling : a case study with students from a middle school in the {M\'{e}dio} {Tejo} {Region}},
    author        = {Faria Ferreira, Ana Paula and Ferreira, Patr\'{\i}cia Alexandra Faria and Marques, C\'{e}lio Gon\c{c}alo},
    year          = {2021},
    journal       = {Education in the knowledge society : EKS},
    volume        = {22},
    pages         = {1--10},
    doi           = {10.14201/eks.23680},
    issn          = {2444-8729},
    url           = {https://redined.educacion.gob.es/xmlui/handle/11162/215781},
    urldate       = {2022-11-03},
    copyright     = {Attribution-NonCommercial-NoDerivatives 4.0 International},
}

