
@article{abou-khalil_emergency_2020,
	title = {Emergency remote teaching in low-resource contexts: {How} did teachers adapt?},
	volume = {1},
	copyright = {Copyright 2020 Asia-Pacific Society for Computers in Education.},
	url = {https://repository.kulib.kyoto-u.ac.jp/dspace/handle/2433/259784},
	urldate = {2022-05-13},
	journal = {28th International Conference on Computers in Education Conference Proceedings},
	author = {Abou-Khalil, V. and Helou, S. and Khalifé, E. and Majumdar, R. and Ogata, H.},
	month = nov,
	year = {2020},
	pages = {686--688},
}

@article{adedoyin_covid-19_2020,
	title = {Covid-19 pandemic and online learning: the challenges and opportunities},
	url = {https://www.tandfonline.com/doi/full/10.1080/10494820.2020.1813180},
	doi = {10.1080/10494820.2020.1813180},
	urldate = {2022-05-13},
	journal = {Interactive Learning Environments},
	author = {Adedoyin, O. B. and Soykan, E.},
	month = sep,
	year = {2020},
	pages = {1--13},
}

@incollection{burgos_6-key_2021,
	address = {Singapore},
	title = {A 6-{Key} {Action} {Plan} for {Education} in {Times} of {Crises}},
	url = {http://link.springer.com/10.1007/978-981-15-7869-4_1},
	urldate = {2022-05-13},
	booktitle = {Radical {Solutions} for {Education} in a {Crisis} {Context}},
	publisher = {Springer Singapore},
	author = {Affouneh, S. and Burgos, D.},
	editor = {Burgos, D. and Tlili, A. and Tabacco, Anita},
	year = {2021},
	doi = {10.1007/978-981-15-7869-4_1},
	pages = {11--21},
}

@article{allen_teaching_2020,
	title = {Teaching and teacher education in the time of {COVID}-19},
	volume = {48},
	url = {https://www.tandfonline.com/doi/full/10.1080/1359866X.2020.1752051},
	doi = {10.1080/1359866X.2020.1752051},
	number = {3},
	urldate = {2022-05-13},
	journal = {Asia-Pacific Journal of Teacher Education},
	author = {Allen, J. and Rowan, L. and Singh, P.},
	month = may,
	year = {2020},
	pages = {233--236},
}

@article{ault_providing_2020,
	title = {Providing {Support} for {Rural} {Special} {Educators} {During} {Nontraditional} {Instruction}: {One} {State}’s {Response}},
	volume = {39},
	url = {http://journals.sagepub.com/doi/10.1177/8756870520959653},
	doi = {10.1177/8756870520959653},
	number = {4},
	urldate = {2022-05-13},
	journal = {Rural Special Education Quarterly},
	author = {Ault, M. J. and Courtade, G. and Miracle, S. A. and Bruce, A. E.},
	month = dec,
	year = {2020},
	pages = {193--200},
}

@article{bailenson_nonverbal_2021,
	title = {Nonverbal overload: {A} theoretical argument for the causes of {Zoom} fatigue.},
	volume = {2},
	url = {https://tmb.apaopen.org/pub/nonverbal-overload},
	doi = {10.1037/tmb0000030},
	number = {1},
	urldate = {2022-05-13},
	journal = {Technology, Mind, and Behavior},
	author = {Bailenson, J. N.},
	month = feb,
	year = {2021},
}

@online{berruecos_vila_covid-19:_2020,
	title = {{COVID}-19: {Educación} en línea va más allá de dar clases por videoconferencia},
	url = {https://ibero.mx/prensa/href},
	urldate = {2022-05-13},
	journal = {IBERO},
	author = {Berruecos Vila, A. M.},
	month = apr,
	year = {2020},
}

@article{daniel_education_2020,
	title = {Education and the {COVID}-19 pandemic},
	volume = {49},
	url = {https://link.springer.com/10.1007/s11125-020-09464-3},
	doi = {10.1007/s11125-020-09464-3},
	number = {1-2},
	urldate = {2022-05-13},
	journal = {PROSPECTS},
	author = {Daniel, S. J.},
	month = oct,
	year = {2020},
	pages = {91--96},
}

@article{delgado_sanchez_entornos_2020,
	title = {Entornos virtuales de aprendizaje adoptados en la universidad ante el {COVID}-19},
	volume = {0},
	url = {http://dialogossobreeducacion.cucsh.udg.mx/index.php/DSE/article/view/829},
	doi = {10.32870/dse.v0i22.829},
	number = {22},
	urldate = {2022-05-13},
	journal = {Diálogos sobre Educación},
	author = {Delgado Sánchez, U. and Martínez Flores, F. G.},
	month = jun,
	year = {2020},
}

@article{donitsa-schmidt_opportunities_2020,
	title = {Opportunities and challenges: teacher education in {Israel} in the {Covid}-19 pandemic},
	volume = {46},
	url = {https://www.tandfonline.com/doi/full/10.1080/02607476.2020.1799708},
	doi = {10.1080/02607476.2020.1799708},
	number = {4},
	urldate = {2022-05-13},
	journal = {Journal of Education for Teaching},
	author = {Donitsa-Schmidt, S. and Ramot, R.},
	month = aug,
	year = {2020},
	pages = {586--595},
}

@article{garcia-de-paz_transicion_2020,
	title = {Transición a entornos de educación virtual en un contexto de emergencia sanitaria: {Estudio} de caso de un equipo docente en {Formación} {Profesional} {Básica}},
	volume = {21},
	url = {https://revistas.um.es/red/article/view/450791},
	doi = {10.6018/red.450791},
	number = {65},
	urldate = {2022-05-13},
	journal = {Revista de Educación a Distancia (RED)},
	author = {García-de-Paz, S. and Santana Bonilla, P. J.},
	month = jan,
	year = {2020},
}

@article{hodges_difference_2020,
	title = {The difference between emergency remote teaching and online learning},
	url = {https://er.educause.edu/articles/2020/3/the-difference-between-emergency-remote-teaching-and-online-learning},
	language = {en},
	urldate = {2022-05-13},
	journal = {Educause Review},
	author = {Hodges, C. and Moore, S. and Lockee, B. and Trust, T. and Bond, A.},
	year = {2020},
	pages = {1--12},
}

@book{husserl_crisis_1970,
	address = {Evanston},
	series = {Northwestern {University} {Studies} in phenomenology \& existential philosophy},
	title = {The crisis of {European} sciences and transcendental phenomenology: an introduction to phenomenological philosophy},
	shorttitle = {The crisis of {European} sciences and transcendental phenomenology},
	publisher = {Northwestern University Press},
	author = {Husserl, E.},
	year = {1970},
	keywords = {Phenomenology, Philosophy, Modern, Science, Philosophy},
}

@online{iesalc-unesco_coronavirus_2020,
	title = {El {Coronavirus} {COVID}-19 y la educación superior: impacto y recomendaciones – {UNESCO}-{IESALC}},
	url = {https://www.iesalc.unesco.org/2020/04/02/el-coronavirus-covid-19-y-la-educacion-superior-impacto-y-recomendaciones/},
	language = {es-ES},
	urldate = {2022-05-13},
	author = {{IESALC-UNESCO}},
	year = {2020},
}

@book{moustakas_phenomenological_1994,
	address = {Thousand Oaks, CA},
	title = {Phenomenological research methods},
	publisher = {Sage},
	author = {Moustakas, C. E.},
	year = {1994},
}

@book{okeefe_delivering_2020,
	title = {Delivering {High}-{Quality} {Instruction} {Online} in {Response} to {COVID}-19: {Faculty} {Playbook}},
	url = {https://eric.ed.gov/?id=ED605351},
	urldate = {2022-05-13},
	publisher = {Online Learning Consortium, Inc},
	author = {O'Keefe, L. and Rafferty, J. and Gunder, A. and Vignare, K.},
	month = may,
	year = {2020},
	keywords = {Electronic Learning, Online Courses, Web Based Instruction, Instructional Design, Educational Improvement, Guidelines, Distance Education, Equal Education, Curriculum Design, Course Content, Access to Education, Instructional Materials, Course Descriptions, Educational Technology, Computer Mediated Communication, Teacher Student Relationship, Course Evaluation, COVID-19, Pandemics},
}

@online{world_health_organization_coronavirus_2020,
	title = {Coronavirus disease ({COVID}-19) pandemic},
	url = {https://www.who.int/es},
	language = {es},
	urldate = {2022-05-13},
	author = {{Organización Mundial de la Salud -OMS}},
	year = {2020},
}

@article{penuelas_ensenanza_2020,
	title = {Enseñanza remota de emergencia ante la pandemia {Covid}-19 en {Educación} {Media} {Superior} y {Educación} {Superior}},
	volume = {8},
	copyright = {Derechos de autor 2020 Propósitos y Representaciones},
	url = {https://revistas.usil.edu.pe/index.php/pyr/article/view/589},
	doi = {10.20511/pyr2020.v8nSPE3.589},
	urldate = {2022-05-13},
	journal = {Propósitos y Representaciones},
	author = {Peñuelas, S. A. P. and Pierra, L. I. C. and González, Ó. U. R. and Nogales, O. I. G.},
	month = sep,
	year = {2020},
	keywords = {Docentes, Estudiantes, Educación Media Superior, Educación Superior, Enseñanza Remota},
	pages = {e589--e589},
}

@article{quispe_victoria_impacto_2020,
	title = {Impacto psicológico del covid-19 en la docencia de la {Educación} {Básica} {Regular}},
	volume = {1},
	url = {http://journalalphacentauri.com/index.php/revista/article/view/10},
	doi = {10.47422/ac.v1i2.10},
	number = {2},
	urldate = {2022-05-13},
	journal = {Alpha Centauri},
	author = {Quispe Victoria, F. and Garcia Curo, G.},
	month = oct,
	year = {2020},
	pages = {30--41},
}

@article{salas-rueda_percepcion_2022,
	title = {Percepción de los profesores sobre los juegos web y dispositivos móviles en el nivel educativo superior durante la pandemia {COVID}-19},
	volume = {15},
	url = {https://periodicos.ufmg.br/index.php/textolivre/article/view/37074},
	doi = {10.35699/1983-3652.2022.37074},
	urldate = {2022-05-13},
	journal = {Texto Livre},
	author = {Salas-Rueda, R.-A. and Ramírez-Ortega, J. and Eslava-Cervantes, A.-L. and Castañeda-Martínez, R. and De-La-Cruz-Martínez, G.},
	month = jan,
	year = {2022},
	pages = {e37074},
}

@article{sorooshian_quarantine_2020,
	title = {Quarantine {Decision} due to {Coronavirus} {Pandemic}},
	volume = {17},
	url = {https://www.ejgm.co.uk/article/quarantine-decision-due-to-coronavirus-pandemic-7862},
	doi = {10.29333/ejgm/7862},
	number = {4},
	urldate = {2022-05-13},
	journal = {Electronic Journal of General Medicine},
	author = {Sorooshian, S.},
	month = mar,
	year = {2020},
	pages = {em206},
}

@article{tunon_navarro_confinamiento_2020,
	title = {Confinamiento y pandemia: implicaciones para la educación superior en línea},
	url = {http://rgdoi.net/10.13140/RG.2.2.35750.14407},
	doi = {10.13140/RG.2.2.35750.14407},
	urldate = {2022-05-13},
	author = {Tuñón Navarro, J.},
	year = {2020},
}

@article{valle_martinez_experiencia_2020,
	title = {La experiencia de la {Escuela} {Nacional} {Preparatoria} frente a la pandemia de {COVID}-19: retos, desafíos y perspectivas para la educación en el bachillerato},
	volume = {12},
	copyright = {Este obra está bajo una  licencia de Creative Commons Reconocimiento-NoComercial-SinObraDerivada 4.0 Internacional .},
	url = {http://revistas.unam.mx/index.php/rmbd/article/view/76820},
	doi = {http://dx.doi.org/10.22201/cuaed.20074751e.2020.24.76820},
	number = {24},
	urldate = {2022-05-13},
	journal = {Revista Mexicana de Bachillerato a Distancia},
	author = {Valle Martínez, M. D. and Basilio Rivera, R.},
	month = jan,
	year = {2020},
	keywords = {Escuela Nacional Preparatoria, ENP, pandemia, COVID-19, innovación educativa},
}

@article{van_nuland_covid-19_2020,
	title = {{COVID}-19 and its effects on teacher education in {Ontario}: a complex adaptive systems perspective},
	volume = {46},
	url = {https://www.tandfonline.com/doi/full/10.1080/02607476.2020.1803050},
	doi = {10.1080/02607476.2020.1803050},
	number = {4},
	urldate = {2022-05-13},
	journal = {Journal of Education for Teaching},
	author = {Van Nuland, S. and Mandzuk, D. and Tucker Petrick, K. and Cooper, T.},
	month = aug,
	year = {2020},
	pages = {442--451},
}
